timestamp ms,type,amount,price
1625097703614000,1,60.92508650,16.4100
1625097703621000,1,0.00000001,16.4100
1625097733518000,1,2.51879230,16.3400
1625097736709000,0,56.35313776,16.3400
1625097741180000,0,61.17000000,16.3500
1625097758891000,1,61.11000000,16.3500
1625097758928000,1,0.00796991,16.3500
1625097905242000,1,2.45323071,16.3300
1625097994210000,1,6.25000000,16.2800
1625097994273000,1,19.45000000,16.2800
1625097998597000,0,61.41449000,16.2900
1625098003125000,0,61.40016000,16.2900
1625098163559000,1,61.29403000,16.3100
1625098168334000,1,25.30000000,16.3000
1625098179268000,1,25.30000000,16.2800
1625098182346000,0,61.43109888,16.2800
1625098208973000,1,25.30000000,16.2500
1625098210047000,0,61.54603000,16.2500
1625098406260000,0,61.67813880,16.2200
1625098406260000,0,154.20108258,16.2200
1625098441497000,1,25.30000000,16.2100
1625098459741000,0,61.77796000,16.1900
1625098498712000,1,28.50000000,16.2000
1625098501043000,0,61.74897805,16.2000
1625098501043000,0,45.19999195,16.2000
1625098501971000,0,0.00000805,16.2000
1625098548445000,1,29.60000000,16.2100
1625098548445000,1,61.67966000,16.2100
1625098552334000,1,25.90000000,16.2000
1625098578264000,1,78.30000000,16.1600
1625098621178000,0,6.17000000,16.1900
1625098650656000,1,27.90000000,16.1700
1625098705049000,1,25.30000000,16.1800
1625098918816000,1,61.71315000,16.2000
1625098971944000,0,61.76728000,16.2000
1625098972039000,0,0.00000557,16.2000
1625098995390000,1,25.30000000,16.2000
1625099026755000,1,25.50000000,16.2000
1625099050876000,1,25.60000000,16.2000
1625099073469000,1,3.19649364,16.1900
1625099073571000,1,22.50350636,16.1900
1625099074434000,1,2.42165785,16.1800
1625099075001000,1,0.00000001,16.1800
1625099080593000,1,25.40000000,16.1600
1625099095271000,0,61.87965000,16.1700
1625099117463000,1,25.80000000,16.1600
1625099148200000,1,5.62613924,16.1600
1625099150825000,1,2.48219645,16.1400
1625099162123000,0,100.00000000,16.1500
1625099218009000,1,25.60000000,16.1600
1625099325841000,0,32.20444718,16.1900
1625099348484000,1,61.81768000,16.1700
1625099417986000,0,61.80000000,16.1900
1625099418001000,0,0.00240535,16.1900
1625099423997000,1,61.76041000,16.1900
1625099448185000,0,61.77796000,16.1900
1625099448262000,0,0.00000998,16.1900
1625099523535000,1,25.40000000,16.1900
1625099718591000,1,25.40000000,16.2000
1625099838262000,1,25.40000000,16.2100
1625099895902000,1,6.25000000,16.2000
1625099958187000,0,61.70401817,16.2100
1625099958187000,0,154.32102950,16.2100
1625099958187000,0,401.19211384,16.2100
1625100120256000,0,3.04920868,16.2300
1625100150534000,1,25.30000000,16.2100
1625100234261000,1,1.85070944,16.1700
1625100240584000,1,61.79476000,16.1800
1625100321882000,0,103.04680000,16.1900
1625100322000000,0,26.65320000,16.1900
1625100710692000,1,61.64392000,16.2200
1625100843099000,0,129.60000000,16.1800
1625101114984000,0,2.23322000,16.1600
1625101166463000,0,127.66678000,16.1600
1625101177274000,0,130.20000000,16.1700
1625101216759000,0,130.40000000,16.1600
1625101278761000,0,130.40000000,16.1700
1625101286897000,0,129.80000000,16.1800
1625101318659000,0,129.70000000,16.2000
1625101507821000,0,130.40000000,16.1700
1625101539310000,0,130.30000000,16.1800
1625101550413000,0,130.00000000,16.1900
1625101765567000,0,129.90000000,16.1900
1625101920231000,0,2.44546394,16.1800
1625101925023000,0,154.55572175,16.1900
1625101925023000,0,61.80427825,16.1900
1625101925063000,0,0.00347491,16.1900
1625101925786000,1,61.75506491,16.1900
1625102013523000,0,25.30000000,16.1400
1625102015371000,0,25.60000000,16.1500
1625102045013000,0,25.70000000,16.1700
1625102053201000,0,25.50000000,16.1800
1625102088568000,0,25.40000000,16.1700
1625102368164000,0,15.23567468,16.2300
1625102372399000,0,61.58000000,16.2500
1625102424639000,1,61.45526000,16.2700
1625102540746000,0,25.60000000,16.2600
1625102584278000,0,25.70000000,16.2900
1625102587121000,0,25.80000000,16.3000
1625102806398000,1,61.48019000,16.2600
1625102809230000,1,153.71936067,16.2500
1625102809230000,1,61.48019723,16.2500
1625103068408000,0,61.59000000,16.2400
1625103170659000,0,61.58166344,16.2500
1625103211272000,0,2.47673127,16.2600
1625103211416000,0,0.00000001,16.2600
1625103240256000,0,3.65947561,16.2900
1625103290923000,0,25.50000000,16.2800
1625103296527000,0,300.00000000,16.2900
1625103296581000,0,99.28180218,16.2900
1625103371485000,0,6.25000000,16.2700
1625103410344000,0,25.20000000,16.2700
1625103492963000,1,61.44695000,16.2700
1625103589615000,0,61.58393891,16.2400
1625103589615000,0,25.29999109,16.2400
1625103634527000,1,61.60594000,16.2300
1625103884856000,1,61.51423439,16.2500
1625103884856000,1,153.79120561,16.2500
1625103898965000,1,61.53164000,16.2500
1625103960632000,0,25.90000000,16.2500
1625103972408000,0,25.60000000,16.2600
1625103977258000,0,25.60000000,16.2700
1625104017062000,1,61.44091000,16.2700
1625104047099000,0,100.00000000,16.2700
1625104433715000,0,25.10000000,16.2700
1625104433715000,0,61.47188000,16.2700
1625104433724000,0,0.00000276,16.2700
1625104467602000,0,25.20000000,16.2800
1625104524879000,0,25.40000000,16.2800
1625104614012000,0,49.40000000,16.2900
1625104614200000,0,11.99000000,16.2900
1625104614200000,0,0.00866151,16.2900
1625104683921000,0,3.70639734,16.2900
1625104683987000,0,7.30340885,16.2900
1625104758957000,0,25.70000000,16.3000
1625104769217000,0,25.60000000,16.3100
1625104801757000,0,25.80000000,16.3000
1625104970104000,0,129.83854000,16.2600
1625104970270000,0,0.00000203,16.2600
1625105025759000,1,61.52861000,16.2500
1625105097760000,1,61.75507000,16.1900
1625105106056000,1,61.77796000,16.1800
1625105115944000,0,26.00000000,16.1700
1625105126593000,0,25.90000000,16.1800
1625105223113000,0,6.25000000,16.1900
1625105223316000,0,55.52796998,16.1900
1625105223316000,0,25.59999002,16.1900
1625105238781000,1,61.71391000,16.2000
1625105268565000,1,61.84291000,16.1600
1625105341420000,0,25.40000000,16.1700
1625105369641000,0,26.00000000,16.1700
1625105388331000,0,25.50000000,16.1700
1625105419459000,1,61.90263000,16.1500
1625105419509000,1,0.00000953,16.1500
1625105431037000,1,6.25000000,16.1300
1625105451353000,0,26.00000000,16.1400
1625105475096000,0,25.90000000,16.1500
1625105481599000,0,25.70000000,16.1600
1625105502565000,0,25.60000000,16.1600
1625105532924000,1,61.93331000,16.1400
1625105553301000,1,42.26705000,16.0900
1625105560470000,0,26.00000000,16.1000
1625105565178000,1,62.12800000,16.0900
1625105637224000,1,58.00000000,16.0400
1625105638044000,1,48.97649809,16.0300
1625105638057000,1,355.96878489,16.0300
1625105638057000,1,155.81758610,16.0300
1625105638057000,1,62.29054803,16.0300
1625105641959000,1,107.80181000,16.0200
1625105644811000,1,3.20306312,16.0100
1625105647461000,0,62.39081000,16.0300
1625105653730000,0,62.36280184,16.0400
1625105660366000,0,62.36902000,16.0400
1625105667830000,0,62.31616000,16.0500
1625105712094000,1,42.04921090,16.0500
1625105712118000,1,6.25000000,16.0500
1625105712154000,1,13.94093648,16.0500
1625105712154000,1,16.50582842,16.0500
1625105712174000,1,51.76442917,16.0500
1625105712177000,1,87.33396936,16.0500
1625105719314000,1,62.33403000,16.0400
1625105728076000,1,155.85644297,16.0200
1625105728076000,1,62.30994703,16.0200
1625105728090000,1,0.00000761,16.0200
1625105733313000,1,0.28732738,16.0100
1625105733313000,1,0.00960950,16.0100
1625105734635000,1,63.74411000,16.0000
1625105734692000,1,63.47589000,16.0000
1625105734692000,1,1.25036730,16.0000
1625105734692000,1,62.49375062,16.0000
1625105743147000,0,26.20000000,16.0000
1625105761029000,1,62.53048000,15.9900
1625105770192000,1,62.56647688,15.9800
1625105776638000,0,25.90000000,15.9800
1625105783737000,0,26.30000000,15.9900
1625105802860000,0,25.90000000,16.0000
1625105804862000,0,26.30000000,16.0100
1625105806919000,1,62.45160000,16.0100
1625105830157000,1,6.25000000,15.9800
1625105838794000,1,62.56960000,15.9800
1625105838898000,1,0.00000869,15.9800
1625105859076000,0,37.10000000,15.9800
1625105874519000,0,28.80000000,15.9700
1625105883197000,0,26.29999999,15.9800
1625105883207000,0,0.00000001,15.9800
1625105911774000,1,47.38000000,15.9700
1625105911813000,1,15.19665640,15.9700
1625105951086000,1,62.56804000,15.9800
1625105957332000,0,26.00000000,15.9800
1625105977280000,0,25.60000000,15.9900
1625105978799000,1,6.25000000,15.9900
1625105978799000,1,62.52813000,15.9900
1625106015634000,0,7.45394275,16.0300
1625106015752000,0,54.96647122,16.0300
1625106046370000,1,62.35969000,16.0200
1625106051385000,1,62.41495000,16.0200
1625106062873000,1,62.41495000,16.0100
1625106102110000,0,62.63466000,15.9700
1625106102166000,0,0.00000453,15.9700
1625106223039000,1,62.62000000,15.9600
1625106228619000,1,62.64000000,15.9600
1625106232889000,0,62.62289744,15.9700
1625106232889000,0,25.99999256,15.9700
1625106236298000,1,62.65036087,15.9600
1625106236298000,1,31.27963913,15.9600
1625106236335000,1,42.51000000,15.9600
1625106238054000,1,62.66999235,15.9500
1625106238054000,1,149.70000765,15.9500
1625106252734000,1,62.73000000,15.9300
1625106252750000,1,0.00447008,15.9300
1625106303537000,0,25.90000000,15.9600
1625106328775000,1,62.56000000,15.9700
1625106328814000,1,0.00804275,15.9700
1625106384629000,1,62.59000000,15.9700
1625106429580000,0,26.20000000,15.9900
1625106434813000,1,54.34000000,15.9800
1625106478107000,1,156.64552227,15.9500
1625106478107000,1,62.64800591,15.9500
1625106490170000,0,25.90000000,15.9500
1625106538402000,0,25.70000000,15.9600
1625106581108000,0,25.70000000,15.9700
1625106593352000,0,25.80000000,15.9700
1625106604749000,1,62.66842000,15.9500
1625106604925000,1,0.00000138,15.9500
1625106605244000,1,407.40407568,15.9400
1625106605244000,1,156.71592432,15.9400
1625106605278000,1,0.00029983,15.9400
1625106629660000,1,62.72423915,15.9300
1625106629660000,1,102.62043085,15.9300
1625106633222000,0,6.26000000,15.9200
1625106633887000,0,6.26000000,15.9200
1625106634469000,0,6.26000000,15.9100
1625106634950000,0,6.26000000,15.9100
1625106635451000,0,6.26000000,15.9100
1625106636098000,0,6.26000000,15.9100
1625106636767000,0,6.26000000,15.9100
1625106637743000,0,6.26000000,15.9100
1625106637975000,0,6.26000000,15.9100
1625106638399000,1,16.76855345,15.9000
1625106638617000,0,6.26000000,15.9000
1625106639161000,1,67.57142857,15.8900
1625106639161000,1,60.28689417,15.8900
1625106639234000,0,6.26000000,15.9000
1625106639298000,1,2.60935353,15.8900
1625106639430000,0,3.08000000,15.9000
1625106639459000,0,6.26000000,15.9000
1625106639902000,0,6.26000000,15.9000
1625106639904000,0,2.99000000,15.9000
1625106640333000,0,2.97000000,15.9000
1625106643969000,1,13.82905041,15.8900
1625106644038000,1,856.17094959,15.8900
1625106644161000,1,62.93741794,15.8800
1625106644161000,1,10.24408493,15.8800
1625106654021000,1,63.00959569,15.8600
1625106654021000,1,157.52992431,15.8600
1625106656046000,0,2.49807147,15.8700
1625106680353000,1,62.94137945,15.8800
1625106687926000,1,63.00403000,15.8700
1625106688057000,1,0.00000587,15.8700
1625106694126000,0,50.08000000,15.8700
1625106694286000,0,741.04548000,15.8700
1625106716801000,1,63.04375000,15.8600
1625106721720000,1,157.63919541,15.8500
1625106721720000,1,63.04374459,15.8500
1625106726507000,1,157.75856629,15.8400
1625106726507000,1,63.10182371,15.8400
1625106726693000,1,0.00001612,15.8400
1625106732124000,0,63.12048000,15.8500
1625106735936000,1,63.10423216,15.8400
1625106735936000,1,157.74263973,15.8400
1625106738621000,0,63.18351000,15.8300
1625106742384000,1,63.13533711,15.8200
1625106742384000,1,157.73466289,15.8200
1625106742455000,1,0.00797684,15.8200
1625106744019000,0,43.90197580,15.8200
1625106744118000,0,5.10041506,15.8200
1625106756308000,0,63.22630000,15.8200
1625106790383000,1,63.03740047,15.8600
1625106790383000,1,28.49999953,15.8600
1625106792374000,0,63.05726000,15.8600
1625106835355000,1,62.87884000,15.9000
1625106837225000,1,26.30000000,15.8900
1625106837225000,1,62.92078000,15.8900
1625106864155000,1,62.91840000,15.8900
1625106877699000,1,62.97626000,15.8700
1625106932242000,1,62.87489208,15.9000
1625106932242000,1,157.14572792,15.9000
1625107074993000,1,62.76124000,15.9300
1625107106943000,0,62.74391000,15.9400
1625107232468000,1,62.87726000,15.9000
1625107274913000,1,62.96515000,15.8700
1625107275581000,1,0.00000903,15.8700
1625107306863000,1,63.12414000,15.8400
1625107324827000,0,63.08510000,15.8600
1625107354905000,1,62.99054000,15.8700
1625107355228000,1,0.00000210,15.8700
1625107355228000,1,94.48976790,15.8700
1625107355461000,1,62.99054706,15.8700
1625107401847000,1,62.92474000,15.8900
1625107430989000,1,62.91682537,15.8800
1625107432429000,1,2.49901889,15.8700
1625107432429000,1,63.00323111,15.8700
1625107470362000,0,10.46542439,15.8900
1625107470478000,0,52.49893386,15.8900
1625107488244000,1,62.91999000,15.8900
1625107639599000,1,63.02150000,15.8600
1625107654156000,0,63.05964000,15.8600
1625107678429000,1,63.00562000,15.8700
1625107689409000,1,63.05170000,15.8500
1625107689967000,1,0.00000963,15.8500
1625107791665000,0,133.11920000,15.8600
1625108119979000,1,62.99530000,15.8700
1625108146097000,1,63.04693000,15.8500
1625108208824000,1,63.15523000,15.8300
1625108208849000,1,0.00000557,15.8300
1625108242355000,1,63.10820000,15.8400
1625108316486000,1,63.00006000,15.8700
1625108327099000,1,63.00006000,15.8600
1625108327410000,1,0.00000651,15.8600
1625108365780000,1,157.70880646,15.8400
1625108365780000,1,63.08192354,15.8400
1625108373225000,1,63.08193640,15.8300
1625108373225000,1,157.86016360,15.8300
1625108373254000,1,0.00001017,15.8300
1625108403107000,0,43.52288422,15.8100
1625108403320000,0,19.73861100,15.8100
1625108442886000,1,63.11219000,15.8400
1625108570687000,0,191.00000000,15.8700
1625108601518000,1,31.54395963,15.8700
1625108601603000,1,31.45849023,15.8700
1625108949196000,1,63.07955000,15.8500
1625108988986000,1,63.07716000,15.8500
1625109066576000,1,62.99054000,15.8700
1625109085621000,1,63.04216947,15.8600
1625109085621000,1,157.58354053,15.8600
1625109086100000,1,0.00001027,15.8600
1625109089981000,1,26.50000000,15.8400
1625109092901000,1,63.15125825,15.8300
1625109092901000,1,26.29999175,15.8300
1625109153627000,1,63.25912443,15.8000
1625109153627000,1,0.00000001,15.8000
1625109155199000,1,63.25912444,15.7800
1625109155199000,1,158.15376556,15.7800
1625109155234000,1,0.00001052,15.7800
1625109204386000,1,63.45499000,15.7400
1625109204506000,1,62.58054711,15.7300
1625109211221000,1,63.53968000,15.7300
1625109226713000,0,63.53884000,15.7400
1625109232934000,1,63.52274000,15.7300
1625109234322000,1,2.52219681,15.7200
1625109234322000,1,62.47780319,15.7200
1625109238150000,0,134.40469000,15.7200
1625109248721000,0,0.00000460,15.7200
1625109248721000,0,134.20776540,15.7300
1625109251978000,0,0.00000485,15.7300
1625109251978000,0,129.99999515,15.7400
1625109252727000,0,4.20777000,15.7400
1625109255732000,0,134.04996000,15.7500
1625109279458000,0,0.00000779,15.7500
1625109279458000,0,133.95754221,15.7600
1625109287579000,1,63.39627828,15.7700
1625109299353000,1,63.36574715,15.7800
1625109316766000,0,133.72648000,15.7900
1625109333029000,1,63.24072120,15.8100
1625109333029000,1,145.13890880,15.8100
1625109333114000,1,12.92887066,15.8100
1625109334178000,1,70.00000000,15.8100
1625109359861000,0,120.13576000,15.8200
1625109385970000,1,63.25432256,15.8000
1625109421762000,0,106.92067803,15.8000
1625109421762000,0,63.30152197,15.8000
1625109496489000,1,63.28714000,15.7800
1625109539276000,1,63.32161000,15.7800
1625109539543000,1,0.00000525,15.7800
1625109580384000,0,63.29753000,15.8000
1625109629850000,1,63.23672000,15.8100
1625109630031000,1,0.00000191,15.8100
1625109706477000,1,26.00000000,15.7500
1625109706477000,1,63.44052000,15.7500
1625109737790000,1,26.20000000,15.7500
1625109783929000,0,100.00000000,15.7400
1625109783929000,0,50.00000000,15.7400
1625109784007000,0,57.30449850,15.7400
1625109784007000,0,63.54206150,15.7400
1625109817956000,1,26.70000000,15.7400
1625109817956000,1,63.51789000,15.7400
1625109818460000,1,0.00000898,15.7400
1625109866719000,1,26.60000000,15.7400
1625109963099000,1,63.40110000,15.7700
1625109963539000,1,0.00000852,15.7700
1625110072283000,1,63.57120000,15.7200
1625110098618000,0,63.62699000,15.7200
1625110137447000,0,63.58974186,15.7300
1625110312595000,0,63.82516000,15.6700
1625110507422000,1,25.90000000,15.7600
1625110508423000,1,63.45016000,15.7500
1625110555097000,1,26.40000000,15.7600
1625110574482000,0,63.45177000,15.7700
1625110767785000,0,63.53886000,15.7400
1625110787648000,1,63.52432000,15.7400
1625110787770000,1,0.00000982,15.7400
1625110848050000,1,26.70000000,15.7100
1625110868785000,0,63.65129000,15.7200
1625111036697000,1,26.80000000,15.7000
1625111101180000,0,63.83575000,15.6700
1625111147639000,1,26.60000000,15.6700
1625111167414000,1,63.93863000,15.6300
1625111180368000,0,64.06886000,15.6100
1625111188120000,0,311.89882000,15.6200
1625111188194000,0,205.00000000,15.6200
1625111188261000,0,26.98739355,15.6200
1625111188286000,0,315.00000000,15.6200
1625111188347000,0,32.80291602,15.6200
1625111188365000,0,413.82087043,15.6200
1625111202600000,1,63.92881000,15.6400
1625111212972000,1,63.95417100,15.6300
1625111249716000,0,63.93452000,15.6500
1625111294510000,0,63.82020000,15.6800
1625111294610000,0,0.00007390,15.6800
1625111306163000,1,63.62618395,15.7100
1625111306163000,1,26.80000000,15.7100
1625111306163000,1,159.08366605,15.7100
1625111339687000,1,63.60675000,15.7200
1625111380572000,1,63.56470000,15.7300
1625111391489000,1,63.62132000,15.7000
1625111465658000,0,63.78119000,15.6800
1625111471918000,0,100.00000000,15.6900
1625111517787000,0,63.65696000,15.7200
1625111537697000,0,0.00000532,15.7200
1625111590486000,1,26.30000000,15.7300
1625111636407000,0,63.81080947,15.6800
1625111734153000,0,63.74135000,15.6900
1625111738276000,0,63.71374000,15.7000
1625111738308000,0,0.00000278,15.7000
1625111747920000,0,63.72100000,15.7000
1625111747998000,0,0.00005033,15.7000
1625111750437000,0,63.69580000,15.7100
1625111839857000,0,63.90347000,15.6500
1625111873146000,0,63.94432000,15.6400
1625112009720000,0,64.02702000,15.6200
1625112043507000,0,64.09675526,15.6100
1625112043507000,0,160.21531474,15.6100
1625112055068000,0,64.06804000,15.6100
1625112066892000,0,64.06312000,15.6200
1625112074438000,0,64.01309000,15.6300
1625112074583000,0,0.00000947,15.6300
1625112076977000,0,8.76300000,15.6400
1625112081610000,0,63.95494000,15.6400
1625112115529000,0,63.92961000,15.6500
1625112145409000,0,63.89203000,15.6600
1625112237584000,0,63.88958000,15.6600
1625112237617000,0,0.00000792,15.6600
1625112305933000,0,64.08776228,15.6100
1625112338888000,1,64.00820848,15.6200
1625112338888000,1,159.99589152,15.6200
1625112373813000,0,63.86347000,15.6600
1625112384246000,0,63.84064000,15.6700
1625112425636000,0,62.51210191,15.7000
1625112507371000,0,63.67074000,15.7100
1625112553535000,1,63.72999000,15.6800
1625112627787000,1,26.70000000,15.6600
1625112650986000,0,63.84961516,15.6700
1625112921645000,0,384.00000000,15.6700
1625112950128000,1,63.68778000,15.7000
1625112959985000,1,63.68372000,15.7000
1625112990098000,1,63.68615000,15.7000
1625113185692000,1,63.63428000,15.7100
1625113252545000,0,63.69020762,15.7100
1625113252545000,0,159.18090238,15.7100
1625113271278000,0,63.65696000,15.7200
1625113292383000,0,63.62780000,15.7200
1625113424645000,1,61.50708564,15.7100
1625113451662000,0,93.05089058,15.7200
1625113493062000,0,63.70075000,15.7000
1625113493107000,0,0.00000571,15.7000
1625113502062000,0,6.80385050,15.7100
1625113502423000,0,56.87175783,15.7100
1625113572570000,0,63.70070000,15.7000
1625113650876000,0,63.70075000,15.7000
1625113902757000,1,4.74526286,15.6900
1625113922514000,0,29.35010000,15.7000
1625113928525000,0,63.69913000,15.7100
1625113964412000,0,63.45016000,15.7700
1625113967208000,1,100.00000000,15.7800
1625113997180000,1,26.50000000,15.7600
1625114046151000,1,63.42360000,15.7600
1625114053906000,1,26.00000000,15.7500
1625114059509000,0,63.49851000,15.7500
1625114076672000,1,63.50657928,15.7400
1625114076672000,1,36.49342072,15.7400
1625114076801000,1,122.27907000,15.7400
1625114076810000,1,0.00000354,15.7400
1625114077711000,0,6.24999000,15.7400
1625114133395000,0,6.25000000,15.7500
1625114212638000,1,63.48480000,15.7500
1625114255314000,0,63.51464000,15.7500
1625114449311000,1,63.32079000,15.7900
1625114521662000,0,46.52544000,15.8000
1625114558326000,0,0.00000529,15.8000
1625114558376000,0,158.24588772,15.8100
1625114558376000,0,63.29434402,15.8100
1625114679382000,0,63.31598000,15.8000
1625114752203000,0,63.28953000,15.8100
1625114767100000,0,0.00000135,15.8200
1625114767100000,0,46.52544529,15.8200
1625114767100000,0,21.64778336,15.8200
1625114871150000,1,140.00000000,15.7900
1625115088552000,0,63.37938902,15.7800
1625115088552000,0,100.00000000,15.7800
1625115088552000,0,56.40465151,15.7800
1625115252781000,0,99.99990000,15.8000
1625115352779000,0,165.00000000,15.8000
1625115353452000,0,177.16491000,15.8000
1625115353524000,0,97.83509000,15.8000
1625115411480000,0,47.38144069,15.8100
1625115411504000,0,15.87526768,15.8100
1625115601655000,0,13.46087360,15.8400
1625115602235000,0,6.25000000,15.8400
1625115691627000,1,63.28392000,15.8000
1625116109549000,1,63.36252000,15.7800
1625116381981000,1,63.26391000,15.8000
1625116382152000,1,0.00000173,15.8000
1625116489293000,0,63.33603567,15.8000
1625116530611000,1,63.38099000,15.7600
1625116600174000,0,63.46063537,15.7600
1625116600174000,0,76.18911082,15.7600
1625116657819000,1,63.47674000,15.7500
1625116657854000,1,0.00000847,15.7500
1625116677336000,1,63.52190000,15.7400
1625116680311000,0,63.63522342,15.7500
1625116729562000,1,63.44453000,15.7600
1625116733683000,1,63.44453000,15.7500
1625116770772000,0,63.51545331,15.7500
1625116770772000,0,1.02786186,15.7500
1625116838798000,1,53.67565356,15.7200
1625116838884000,1,5.96986640,15.7200
1625116838922000,1,3.92888753,15.7200
1625116882490000,1,0.25473714,15.6900
1625116913940000,0,134.72715000,15.6900
1625116987370000,1,63.56713000,15.7300
1625117155514000,0,63.66263000,15.7100
1625117277055000,0,24.78220000,15.7600
1625117353927000,1,63.44453000,15.7500
1625117529284000,1,11.02539315,15.7300
1625117529285000,1,52.49893667,15.7300
1625117597544000,0,63.45258189,15.7700
1625117620952000,0,52.61740000,15.7800
1625118000249000,1,4.41788315,15.7500
1625118034306000,1,18.44000000,15.7300
1625118034310000,1,6.36000000,15.7300
1625118034818000,1,1.82000000,15.7300
1625118034832000,1,6.36000000,15.7300
1625118054194000,1,32.98000000,15.7400
1625118054258000,1,30.54594000,15.7400
1625118054992000,1,0.00000400,15.7400
1625118080976000,1,63.56874000,15.7200
1625118096439000,0,12.65098537,15.7300
1625118118711000,0,63.66750000,15.7100
1625118570591000,0,69.82487000,15.8300
1625118575637000,0,0.00000310,15.8300
1625118581843000,1,28.16346037,15.8400
1625118581864000,1,13.37088458,15.8400
1625118581948000,1,21.56669243,15.8400
1625118714287000,1,63.08511000,15.8500
1625118775638000,1,63.07715598,15.8500
1625118775638000,1,6.74771711,15.8500
1625118779538000,0,63.05806000,15.8600
1625118803843000,1,63.00641000,15.8700
1625118935261000,0,2.00000000,15.8600
1625119081747000,1,63.12573000,15.8400
1625119103085000,0,63.13529895,15.8500
1625119103085000,0,157.80837574,15.8500
1625119174872000,0,3.48706624,15.8500
1625119195079000,0,17.54233438,15.8400
1625119243723000,0,22.89386470,15.8200
1625119243739000,0,40.32605210,15.8200
1625119243739000,0,58.23442182,15.8200
1625119246821000,0,196.56700000,15.8300
1625119248361000,1,6.74770000,15.8300
1625119252384000,1,63.16002000,15.8300
1625119312776000,1,63.15922000,15.8200
1625119448886000,0,395.00000000,15.8500
1625119460926000,1,63.04375000,15.8600
1625119534311000,0,62.97943000,15.8800
1625119534371000,0,0.00000092,15.8800
1625119621177000,1,62.84881090,15.9000
1625119621177000,1,157.14965368,15.9000
1625119622126000,1,62.84881090,15.8900
1625119622126000,1,157.14965368,15.8900
1625119630468000,1,62.84881090,15.8800
1625119645976000,0,133.04678000,15.8900
1625119647376000,1,62.92711781,15.8900
1625119652068000,1,62.92711781,15.8900
1625119763068000,0,74.10989634,15.9200
1625119763068000,0,19.92276697,15.9200
1625120111705000,1,63.03898331,15.8600
1625120111705000,1,157.57161746,15.8600
1625120205036000,1,63.12095000,15.8400
1625120435595000,1,63.25510000,15.8000
1625120514466000,0,6.30145661,15.7900
1625120652816000,1,63.35931000,15.7800
1625120719143000,1,22.01851330,15.8000
1625120719185000,1,41.26221266,15.8000
1625120744614000,0,63.43648105,15.7700
1625120744614000,0,134.10009157,15.7700
1625120744628000,0,2.59218913,15.7800
1625120744628000,0,134.00203190,15.7800
1625120744628000,0,138.47979979,15.7800
1625120744990000,0,150.00000000,15.7800
1625120745073000,0,123.72336249,15.7800
1625120745073000,0,0.03075751,15.7800
1625120745174000,0,158.57511195,15.7800
1625120745357000,1,63.43165239,15.7800
1625120749706000,1,63.34325711,15.7800
1625120765849000,1,26.60000000,15.7600
1625120847072000,1,63.60594000,15.7200
1625120857557000,1,63.57602421,15.7200
1625120857557000,1,26.59999579,15.7200
1625120883552000,1,63.60594000,15.7200
1625120973806000,1,63.50335298,15.7400
1625120988430000,1,63.53643000,15.7300
1625120994070000,1,63.57440000,15.7200
1625120994097000,1,0.00000749,15.7200
1625121172779000,1,63.44211000,15.7600
1625121214432000,1,30.84326453,15.7700
1625121334614000,0,6.30161416,15.8000
1625121379058000,1,61.03254778,15.7900
1625121379065000,1,2.29145582,15.7900
1625121379413000,1,50.63931994,15.7800
1625121379482000,1,31.22832974,15.7800
1625121379557000,1,76.51255443,15.7800
1625121379557000,1,11.56224729,15.7800
1625121381760000,1,2.44462822,15.7700
1625121387972000,0,120.71590476,15.7700
1625121387972000,0,63.42199729,15.7700
1625121387972000,0,35.86209795,15.7700
1625121388052000,0,122.72909000,15.7700
1625121391554000,1,1.58000000,15.7600
1625121424764000,1,63.48238000,15.7500
1625121424823000,1,0.00000999,15.7500
1625121425472000,1,63.48238000,15.7400
1625121445223000,0,63.58734000,15.7300
1625121460641000,0,63.55501000,15.7400
1625121676016000,0,1.32949952,15.7100
1625121740701000,0,121.35544000,15.6800
1625121820778000,1,63.76494000,15.6800
1625121885870000,1,63.76900000,15.6800
1625121935988000,1,63.89205000,15.6500
1625121944281000,1,63.92882000,15.6400
1625121945283000,1,63.92882000,15.6300
1625121953210000,1,5.00000000,15.6100
1625121954466000,1,170.59781000,15.6000
1625121954535000,1,214.40219000,15.6000
1625121955572000,1,2.54956743,15.5900
1625121956932000,1,62.51210191,15.5600
1625121960259000,0,2.44421558,15.5700
1625121960259000,0,0.56578442,15.5700
1625121960494000,0,6.37000000,15.5700
1625121962471000,0,6.37000000,15.5600
1625121963014000,0,6.37000000,15.5500
1625121963744000,1,590.00000000,15.5300
1625121963803000,1,915.66011802,15.5300
1625121963803000,1,34.89856198,15.5300
1625121963937000,0,4.09999999,15.5400
1625121965635000,1,2.48830000,15.5200
1625121966943000,1,126.37767938,15.5200
1625121967183000,0,6.25000000,15.5100
1625121968288000,0,6.37000000,15.5100
1625121968375000,1,66.59778000,15.5000
1625121969628000,0,100.00000000,15.5100
1625121970387000,1,100.00000000,15.5100
1625121970686000,1,6.25000000,15.5100
1625121971124000,1,19.62802645,15.5000
1625121971124000,1,5.29658151,15.5000
1625121971569000,1,58.70341000,15.5000
1625121976770000,0,57.62000000,15.5100
1625121982637000,0,100.00000000,15.5100
1625121982637000,0,419.39704727,15.5100
1625121982637000,0,161.33403890,15.5100
1625121985474000,1,0.00000849,15.5000
1625121985474000,1,2.57855004,15.4900
1625121985474000,1,61.96475664,15.4900
1625121996261000,0,64.54108000,15.5000
1625122006548000,1,6.25000000,15.4700
1625122007655000,0,2.56348000,15.4700
1625122013966000,0,64.62449000,15.4800
1625122020654000,0,64.53349592,15.5000
1625122034988000,1,58.25242717,15.4500
1625122035630000,1,0.00000001,15.4500
1625122040822000,0,162.08506224,15.4400
1625122040822000,0,202.91493776,15.4400
1625122040887000,0,218.41633786,15.4400
1625122040887000,0,64.82221009,15.4400
1625122045335000,1,2.43370254,15.4500
1625122048694000,1,64.75430000,15.4400
1625122078174000,0,20.31800000,15.4300
1625122078709000,0,44.53279464,15.4300
1625122078709000,0,20.31799536,15.4300
1625122078870000,0,141.80280409,15.4300
1625122086301000,0,64.75758000,15.4500
1625122154635000,1,2.58481236,15.4400
1625122169576000,1,19.40000000,15.4000
1625122170017000,1,64.94942000,15.3900
1625122170469000,1,0.00000186,15.3900
1625122171088000,0,6.24999000,15.3900
1625122174514000,0,65.00423000,15.4000
1625122174669000,0,0.00000577,15.4000
1625122186660000,0,64.90295000,15.4100
1625122193779000,1,64.90814084,15.4000
1625122193779000,1,162.27653916,15.4000
1625122200314000,0,3.20591910,15.4000
1625122202093000,0,64.98649000,15.3900
1625122204220000,0,64.95778000,15.4000
1625122225997000,1,10.00000000,15.3800
1625122227002000,1,336.47969000,15.3700
1625122227850000,1,688.13789000,15.3700
1625122230078000,0,29.79381180,15.3800
1625122230249000,0,22.95803454,15.3800
1625122230359000,0,332.24815366,15.3800
1625122230359000,0,65.05751931,15.3800
1625122280682000,1,64.88287000,15.4100
1625122280762000,1,0.00000131,15.4100
1625122328761000,1,64.84332000,15.4200
1625122358203000,1,64.83153000,15.4200
1625122376368000,0,64.83397715,15.4300
1625122376368000,0,24.08598396,15.4300
1625122412464000,0,138.02009826,15.4300
1625122412464000,0,64.85500174,15.4300
1625122432145000,0,64.75752000,15.4500
1625122437967000,1,64.67472000,15.4600
1625122481787000,0,21.16768988,15.4400
1625122531593000,1,10.00000000,15.4000
1625122727095000,0,5.00000000,15.3600
1625122727287000,1,2.00000000,15.3500
1625122733618000,1,0.73892508,15.3500
1625122752153000,1,64.97721527,15.3400
1625122754089000,1,19.52054794,15.3300
1625122754089000,1,1.30497194,15.3300
1625122754089000,1,65.20101170,15.3300
1625122754089000,1,99.99998842,15.3300
1625122758578000,1,65.20101000,15.3100
1625122758690000,1,0.00000170,15.3100
1625122762425000,0,65.36700000,15.3000
1625122762690000,1,424.83367001,15.2800
1625122762690000,1,2.40380041,15.2800
1625122762690000,1,100.00000000,15.2800
1625122762690000,1,100.86726079,15.2800
1625122769766000,1,160.00000000,15.3200
1625122775361000,1,39.99990000,15.3200
1625122783549000,0,65.28601000,15.3200
1625122812881000,0,65.29028000,15.3200
1625122818626000,0,2.54783000,15.3500
1625122826778000,1,21.25810808,15.3400
1625122826915000,1,43.87495317,15.3400
1625122835129000,0,19.50260756,15.3400
1625122905805000,1,65.00518996,15.3800
1625122905805000,1,12.00000000,15.3800
1625122905805000,1,65.09732000,15.3700
1625122905805000,1,107.89749004,15.3700
1625122951340000,0,64.98902000,15.3900
1625122984142000,1,2.37924438,15.3900
1625123099557000,0,64.86004000,15.4200
1625123197745000,0,64.81380000,15.4300
1625123197775000,0,0.00000766,15.4300
1625123246404000,0,19.50260000,15.4400
1625123246714000,0,12.77859350,15.4400
1625123329808000,1,100.00000000,15.3900
1625123388303000,0,64.94177000,15.4000
1625123435670000,0,64.94513000,15.4000
1625123446639000,0,5.00000000,15.4100
1625123491565000,1,65.14918000,15.3400
1625123497914000,0,5.00000000,15.3400
1625123499360000,1,65.22397000,15.3300
1625123502943000,0,65.29028000,15.3200
1625123504245000,0,163.14917055,15.3300
1625123504245000,0,65.26129945,15.3300
1625123524494000,0,163.03426328,15.3400
1625123524494000,0,65.22902672,15.3400
1625123524572000,0,0.00001004,15.3400
1625123526507000,1,6.24998000,15.3400
1625123544037000,1,6.43790000,15.3000
1625123548115000,1,0.00000850,15.3000
1625123548115000,1,65.35270150,15.3000
1625123558809000,0,45.14113688,15.3000
1625123558907000,0,20.23793401,15.3000
1625123559698000,0,163.33677429,15.3100
1625123562081000,0,65.30906000,15.3200
1625123572173000,0,163.22799687,15.3300
1625123572173000,0,65.26640313,15.3300
1625123577220000,0,65.22729000,15.3400
1625123605575000,0,6.48208469,15.3500
1625123606935000,0,58.68905000,15.3500
1625123652527000,1,65.18745000,15.3300
1625123695419000,0,32.24283854,15.3600
1625123736979000,1,65.01274000,15.3800
1625123746739000,1,7.97331542,15.3800
1625123782942000,1,98.47631000,15.4100
1625123785256000,1,0.00000408,15.4100
1625123865274000,1,163.09595261,15.3200
1625123865274000,1,65.22566739,15.3200
1625123977474000,1,65.21972294,15.3300
1625124010439000,0,65.05836579,15.3800
1625124010705000,0,422.81426250,15.3900
1625124010705000,0,27.18573750,15.3900
1625124010773000,0,135.38205327,15.3900
1625124012750000,1,6.25000000,15.4000
1625124105621000,1,64.84500000,15.4100
1625124166742000,0,136.96456000,15.4100
1625124239744000,0,0.00000758,15.4100
1625124239744000,0,2.46261659,15.4200
1625124239744000,0,2.40801756,15.4300
1625124239744000,0,27.22751940,15.4300
1625124303368000,1,25.25232771,15.4300
1625124303401000,1,39.53301962,15.4300
1625124303401000,1,15.22553018,15.4300
1625124387601000,1,64.82902870,15.4200
1625124387601000,1,162.06613130,15.4200
1625124396533000,1,64.83491000,15.4200
1625124449544000,1,64.92246897,15.4000
1625124449544000,1,162.29129340,15.4000
1625124465312000,1,64.92752747,15.3900
1625124472220000,0,37.79118995,15.3900
1625124472228000,0,27.19278818,15.3900
1625124472228000,0,41.33168424,15.3900
1625124525953000,0,12.80051982,15.4200
1625124530872000,0,12.80050000,15.4200
1625124537879000,1,64.84416000,15.4100
1625124538008000,1,0.00000290,15.4100
1625124605349000,0,137.13527492,15.4000
1625124605349000,0,100.00000000,15.4000
1625124605349000,0,64.94344706,15.4000
1625124605349000,0,70.00000000,15.4000
1625124605430000,1,112.51153000,15.4000
1625124605462000,1,0.00000776,15.4000
1625124608335000,1,64.97308946,15.3800
1625124619134000,1,65.05591892,15.3700
1625124622458000,1,162.50438762,15.3600
1625124622458000,1,65.05591892,15.3600
1625124627418000,1,65.11270372,15.3500
1625124653635000,1,65.18061168,15.3400
1625124662804000,1,65.17466408,15.3400
1625124663919000,1,65.22057371,15.3300
1625124665100000,1,163.05765719,15.3200
1625124665100000,1,65.22057371,15.3200
1625124780181000,1,80.63011435,15.3000
1625124794801000,0,10.24979741,15.3200
1625124794994000,0,68.82651939,15.3200
1625124805198000,1,65.26910000,15.3200
1625124825547000,0,94.97650130,15.3200
1625125050331000,1,65.08727000,15.3600
1625125059187000,0,100.00000000,15.3600
1625125059412000,0,20.00000000,15.3600
1625125106788000,1,65.11108000,15.3500
1625125149786000,1,65.08727000,15.3600
1625125165975000,1,65.08049000,15.3600
1625125166101000,1,0.00000698,15.3600
1625125183566000,1,65.07964000,15.3500
1625125232410000,1,65.16869000,15.3400
1625125320835000,1,59.95894884,15.2900
1625125320858000,1,5.41170068,15.2900
1625125397570000,0,65.40985000,15.2900
1625125572084000,1,65.39031000,15.2900
1625125604165000,1,65.44593000,15.2700
1625125607555000,1,6.25000000,15.2600
1625125607675000,1,255.00000000,15.2600
1625125609596000,1,53.95697781,15.2600
1625125609621000,1,603.22224892,15.2600
1625125611263000,1,6.25000000,15.2500
1625125611320000,1,52.76639344,15.2500
1625125611320000,1,3.67573770,15.2500
1625125612866000,0,43.55786885,15.2500
1625125612882000,0,0.00000001,15.2500
1625125615040000,1,1.96000000,15.2400
1625125615040000,1,2.59262442,15.2400
1625125615040000,1,143.64765567,15.2400
1625125615264000,1,20.26312441,15.2400
1625125615264000,1,65.56180984,15.2400
1625125620086000,0,65.62791468,15.2400
1625125650481000,1,65.59175700,15.2500
1625125655387000,1,65.59170000,15.2600
1625125672168000,1,65.56095015,15.2500
1625125678687000,0,65.59175000,15.2500
1625125752394000,0,2.58360656,15.2600
1625125796813000,1,131.40604468,15.2200
1625125805062000,0,7.16090736,15.2100
1625125808051000,0,164.40878601,15.2200
1625125808051000,0,65.74702782,15.2200
1625125822508000,1,27.20000000,15.2200
1625125835714000,0,65.67454000,15.2300
1625125865879000,0,96.02103879,15.2100
1625125866471000,1,29.97565789,15.2000
1625125866993000,1,65.78523171,15.1900
1625125866993000,1,27.50000000,15.1900
1625125866993000,1,2.51814468,15.1800
1625125866993000,1,138.89891527,15.1800
1625125866993000,1,2201.11025599,15.1800
1625125867030000,1,69.97523161,15.1800
1625125880882000,1,65.77571000,15.1900
1625125925048000,1,164.51481291,15.1900
1625125931593000,1,5.00000000,15.1800
1625126025469000,0,65.76169000,15.2100
1625126070778000,0,65.75218709,15.2100
1625126070778000,0,138.80237818,15.2200
1625126070778000,0,83.36314313,15.2200
1625126103936000,0,138.81514014,15.2200
1625126103936000,0,65.71934729,15.2200
1625126103936000,0,22.33870573,15.2200
1625126160388000,1,65.60740579,15.2400
1625126188939000,1,35.93228000,15.2100
1625126189577000,1,0.00000139,15.2100
1625126218889000,1,2.45916916,15.1700
1625126219221000,1,64.34099967,15.1500
1625126254296000,0,1.31439894,15.1400
1625126267744000,0,65.96557000,15.1700
1625126267914000,0,0.00000809,15.1700
1625126270647000,0,50.52859000,15.1800
1625126286764000,0,65.89863000,15.1800
1625126304636000,0,65.81880000,15.2000
1625126304657000,0,0.00003162,15.2000
1625126304657000,0,29.10133838,15.2000
1625126357663000,1,65.79648608,15.1800
1625126357663000,1,65.84933392,15.1800
1625126386164000,1,65.96750000,15.1500
1625126387713000,1,164.91635443,15.1400
1625126387713000,1,66.02673557,15.1400
1625126389111000,0,100.00000000,15.1400
1625126398416000,1,66.08346000,15.1300
1625126460163000,1,5.81531268,15.1500
1625126472171000,0,63.42825686,15.1700
1625126479571000,0,6.25000000,15.1800
1625126479619000,0,59.65043422,15.1800
1625126489374000,0,1427.66000000,15.2100
1625126489374000,0,100.00000000,15.2100
1625126489374000,0,65.75996974,15.2100
1625126489374000,0,2.51825093,15.2100
1625126489374000,0,70.00000000,15.2100
1625126489374000,0,534.06177933,15.2100
1625126489532000,0,250.00000000,15.2100
1625126489602000,0,145.00000000,15.2100
1625126489678000,0,420.00000000,15.2100
1625126489747000,0,665.00000000,15.2100
1625126500271000,1,65.69188000,15.2200
1625126506590000,1,65.74108000,15.2100
1625126517712000,1,65.69784248,15.2200
1625126517712000,1,64.30215752,15.2200
1625126517785000,1,99.90145000,15.2200
1625126519576000,1,2.48560936,15.2100
1625126525677000,1,65.86322558,15.1800
1625126525677000,1,99.99999442,15.1800
1625126529364000,1,65.89444000,15.1700
1625126530791000,1,164.66434819,15.1600
1625126530791000,1,65.89443181,15.1600
1625126534446000,1,66.07732000,15.1300
1625126544999000,1,66.15341802,15.1100
1625126544999000,1,32.39351198,15.1100
1625126545534000,1,6.25000000,15.1100
1625126555857000,0,66.23290000,15.1000
1625126568957000,1,66.14995000,15.1000
1625126575899000,1,66.16752000,15.1100
1625126587598000,1,66.14554000,15.1100
1625126593185000,1,163.62202000,15.1000
1625126593244000,1,1.78096784,15.1000
1625126593244000,1,66.18405216,15.1000
1625126604171000,0,147.33250000,15.1300
1625126608437000,1,100.00000000,15.1300
1625126608437000,1,2.46528000,15.1300
1625126619532000,1,65.95703000,15.1600
1625126633044000,1,65.80944767,15.1900
1625126633044000,1,164.47151233,15.1900
1625126639082000,0,65.84743000,15.1900
1625126665178000,1,65.59707663,15.2400
1625126673566000,0,3.58206999,15.2300
1625126673568000,0,0.00000001,15.2300
1625126685143000,1,65.60482000,15.2400
1625126686214000,1,163.99895041,15.2300
1625126686214000,1,65.60481959,15.2300
1625126701677000,1,65.61084000,15.2300
1625126713611000,1,12.80051982,15.2200
1625126744735000,0,10.00000000,15.2400
1625126747989000,1,65.65047901,15.2300
1625126747989000,1,34.34952099,15.2300
1625126748178000,1,44.34952099,15.2300
1625126800156000,1,65.55751000,15.2500
1625126800211000,1,0.00000161,15.2500
1625126803556000,1,65.60396000,15.2400
1625126834682000,0,1.93897638,15.2600
1625126865860000,0,1.93880000,15.2600
1625126936000000,0,65.44581000,15.2900
1625126975785000,1,65.46992000,15.2700
1625126994997000,1,65.46216000,15.2700
1625127000302000,0,2.10920842,15.2700
1625127018159000,1,65.45880000,15.2700
1625127044273000,1,65.52142000,15.2600
1625127044337000,1,0.00000869,15.2600
1625127117569000,1,65.48281000,15.2700
1625127234911000,0,26.79326760,15.2300
1625127234958000,0,38.87173402,15.2300
1625127253199000,1,65.64961000,15.2300
1625127288078000,1,65.73593000,15.2000
1625127304764000,1,65.86753421,15.1800
1625127360359000,0,25.40974707,15.2000
1625127373637000,0,164.40662361,15.2200
1625127373637000,0,40.59337639,15.2200
1625127413437000,1,65.60740000,15.2400
1625127417540000,0,4.00000000,15.2500
1625127470320000,1,65.76530000,15.2000
1625127470528000,1,0.00000117,15.2000
1625127480300000,0,2.48257297,15.2000
1625127480300000,0,13.75838377,15.2000
1625127648538000,0,39.16800000,15.2100
1625127648710000,0,125.25808719,15.2100
1625127648710000,0,65.79113281,15.2100
1625127738991000,0,12.95200526,15.2300
1625127773815000,0,65.54704551,15.2600
1625127773815000,0,86.02090449,15.2600
1625127773995000,0,6.25000000,15.2600
1625127964377000,0,63.65316786,15.3100
1625128038830000,1,10.48852000,15.2500
1625128039409000,1,0.00000459,15.2500
1625128049691000,0,1.62798573,15.2500
1625128129018000,0,65.61757000,15.2500
1625128129124000,0,0.00000985,15.2500
1625128140862000,1,65.60912000,15.2400
1625128279919000,0,40.59922615,15.1700
1625128280063000,0,7.67601385,15.1700
1625128297436000,1,138.60000000,15.1600
1625128297436000,1,22.64470000,15.1600
1625128297507000,1,43.27661000,15.1600
1625128386006000,1,138.90000000,15.1700
1625128402752000,0,1.96645232,15.1800
1625128405575000,1,104.70000000,15.1700
1625128405641000,1,65.89010288,15.1700
1625128405641000,1,164.72944835,15.1700
1625128406106000,1,65.89010288,15.1600
1625128406106000,1,164.72943712,15.1600
1625128406196000,1,0.00001123,15.1600
1625128413134000,1,66.01453934,15.1400
1625128413134000,1,165.04263066,15.1400
1625128424194000,0,66.11174000,15.1300
1625128426944000,0,66.08989000,15.1400
1625128450600000,0,1.62790000,15.1300
1625128450606000,0,64.48733805,15.1300
1625128452357000,1,41.25347099,15.1200
1625128452561000,1,4.43234537,15.1200
1625128452633000,1,24.35717305,15.1200
1625128453255000,1,2.42245704,15.1100
1625128463463000,1,6.25000000,15.1000
1625128468651000,0,66.24962000,15.1000
1625128483990000,0,66.22597000,15.1100
1625128487223000,0,66.18547000,15.1200
1625128496650000,0,66.16722000,15.1200
1625128503577000,0,66.16112000,15.1200
1625128519761000,0,165.38548048,15.1300
1625128519761000,0,59.85902952,15.1300
1625128520764000,0,6.25000000,15.1300
1625128523267000,0,66.07890000,15.1400
1625128691569000,1,65.96660000,15.1500
1625128701507000,0,32.90897097,15.1600
1625128780494000,1,65.98491000,15.1500
1625128845376000,0,65.99605000,15.1600
1625128845394000,0,0.00000120,15.1600
1625128857742000,0,30.11396574,15.1800
1625128881519000,0,32.90890000,15.1900
1625128981023000,1,65.73938000,15.2100
1625129000040000,1,65.74022000,15.2100
1625129002530000,1,65.76703129,15.2000
1625129002530000,1,164.41958871,15.2000
1625129005021000,1,138.90404064,15.1900
1625129005021000,1,151.09595936,15.1900
1625129005086000,1,485.00000000,15.1900
1625129005150000,1,467.15404064,15.1900
1625129005150000,1,12.84595936,15.1900
1625129005293000,1,548.45722000,15.1900
1625129005355000,1,355.00000000,15.1900
1625129005481000,1,290.00000000,15.1900
1625129005546000,1,29.39682000,15.1900
1625129005597000,1,6.25000000,15.1900
1625129013718000,1,165.60318000,15.1900
1625129013788000,1,170.00000000,15.1900
1625129013954000,1,150.00000000,15.1900
1625129014012000,1,250.00000000,15.1900
1625129014611000,1,155.00000000,15.1900
1625129017794000,0,65.84743000,15.2000
1625129025114000,0,27.84638358,15.2000
1625129025517000,0,37.98544647,15.2000
1625129035808000,0,57.04466362,15.2300
1625129035982000,0,295.00000000,15.2300
1625129036036000,0,9.05051082,15.2300
1625129036062000,0,460.00000000,15.2300
1625129036133000,0,113.78002000,15.2300
1625129036259000,0,6.25000000,15.2300
1625129036268000,0,20.78464214,15.2300
1625129036272000,0,76.18077633,15.2300
1625129036621000,0,117.02000000,15.2300
1625129036622000,0,0.00938709,15.2300
1625129073466000,0,65.68567000,15.2300
1625129110716000,0,65.75913000,15.2100
1625129131611000,0,65.75391000,15.2100
1625129160654000,1,358.14682000,15.1900
1625129164476000,1,0.00000064,15.1900
1625129168474000,1,139.03112000,15.1800
1625129168539000,1,0.00000310,15.1800
1625129169538000,1,2.45327884,15.1700
1625129191812000,0,66.05973000,15.1400
1625129193375000,0,165.06880068,15.1500
1625129193375000,0,66.03616932,15.1500
1625129201379000,0,66.05863000,15.1400
1625129205795000,0,66.04554000,15.1500
1625129221428000,0,66.05746000,15.1400
1625129228369000,0,66.03824702,15.1500
1625129253632000,0,66.08065258,15.1400
1625129255219000,1,0.00000742,15.1400
1625129280324000,1,66.16955009,15.1100
1625129280324000,1,439.89303100,15.1000
1625129353071000,0,66.36221000,15.0700
1625129353533000,1,5.40847531,15.0600
1625129357751000,1,66.34342000,15.0700
1625129370815000,0,66.41506000,15.0600
1625129398664000,0,6.02788844,15.0600
1625129434238000,1,66.34771002,15.0700
1625129434269000,1,0.00011417,15.0700
1625129434269000,1,66.34771002,15.0600
1625129434355000,1,17.92300000,15.0600
1625129451785000,1,66.43776343,15.0500
1625129453403000,1,3.77345309,15.0300
1625129453403000,1,99.30179269,15.0300
1625129453403000,1,66.87741497,15.0300
1625129453403000,1,62.87499504,15.0300
1625129454790000,0,26.35711344,15.0300
1625129454881000,0,98.19463170,15.0300
1625129454966000,0,4.81476321,15.0300
1625129455859000,0,3.56276839,15.0300
1625129502146000,0,66.58600000,15.0200
1625129514157000,1,5.00000000,15.0100
1625129514157000,1,3.49999999,15.0100
1625129514355000,1,0.00000001,15.0100
1625129523873000,0,66.60345556,15.0200
1625129523873000,0,166.51347427,15.0200
1625129523873000,0,1050.31736017,15.0200
1625129523942000,0,423.99263000,15.0200
1625129526203000,0,432.79063067,15.0300
1625129532310000,0,225.00000000,15.0300
1625129532376000,0,445.47063000,15.0300
1625129553487000,0,66.36555000,15.0700
1625129554290000,0,66.37612326,15.0800
1625129555620000,0,66.29164000,15.0900
1625129556691000,0,31.79800000,15.0800
1625129557657000,0,68.20200000,15.0800
1625129561886000,0,10.00000000,15.1100
1625129580643000,1,70.00000000,15.1000
1625129616132000,1,66.34954000,15.0700
1625129629579000,1,66.48367000,15.0400
1625129631033000,1,66.48367000,15.0300
1625129664620000,0,66.35069000,15.0800
1625129725762000,0,66.40888000,15.0600
1625129747305000,0,66.34896000,15.0800
1625129758709000,0,66.22071000,15.1100
1625129778064000,0,165.47743550,15.1200
1625129778064000,0,66.18297450,15.1200
1625129843596000,1,66.08693000,15.1300
1625129857335000,1,66.12454000,15.1200
1625129996415000,1,66.04331000,15.1400
1625129996655000,1,0.00000524,15.1400
1625130003566000,1,165.33298062,15.1100
1625130003566000,1,66.14903938,15.1100
1625130011951000,0,66.19700000,15.1100
1625130028655000,1,66.22607000,15.0900
1625130033638000,0,66.29178000,15.0900
1625130053899000,0,66.26192000,15.1000
1625130060139000,0,66.21103000,15.1100
1625130060217000,0,0.00000059,15.1100
1625130060217000,0,165.52782941,15.1100
1625130082780000,1,66.12979000,15.1200
1625130178426000,1,27.70000000,15.1300
1625130196005000,1,27.60000000,15.1300
1625130245491000,0,66.09466000,15.1400
1625130280264000,0,66.00737000,15.1600
1625130300414000,1,65.86843000,15.1800
1625130314811000,0,9.65026333,15.1900
1625130332721000,1,65.82764000,15.1900
1625130332780000,1,0.00000288,15.1900
1625130398380000,1,65.90663000,15.1700
1625130422735000,0,65.92730000,15.1700
1625130422748000,0,0.00000894,15.1700
1625130429971000,1,27.20000000,15.1700
1625130505867000,1,27.30000000,15.1700
1625130513136000,0,139.12970459,15.1900
1625130513136000,0,21.14043440,15.1900
1625130513165000,0,44.72001027,15.1900
1625130513165000,0,164.63181740,15.1900
1625130517814000,1,65.76437938,15.2000
1625130518471000,1,164.41959882,15.1900
1625130518471000,1,215.58040118,15.1900
1625130518530000,1,212.02855000,15.1900
1625130535588000,1,65.82593000,15.1900
1625130621094000,1,65.91880000,15.1600
1625130673841000,0,65.92557000,15.1700
1625130728316000,0,65.92994000,15.1700
1625130805372000,0,65.88130000,15.1800
1625130805799000,0,0.00000090,15.1800
1625130822155000,1,45.41699496,15.1700
1625130822334000,1,85.73446314,15.1700
1625130822440000,1,38.84854190,15.1700
1625130823597000,1,2.59948605,15.1600
1625130864483000,0,66.05882000,15.1400
1625130864625000,0,0.00000736,15.1400
1625130865630000,0,66.01167000,15.1500
1625130913408000,1,66.03588000,15.1400
1625130986474000,0,139.84238712,15.1100
1625130986474000,0,66.21796288,15.1100
1625131002161000,1,66.17180418,15.1000
1625131002161000,1,133.82819582,15.1000
1625131005940000,0,1.95695364,15.1100
1625131023751000,1,3.47300465,15.0900
1625131030153000,1,3.47300000,15.0900
1625131080288000,0,14.33314353,15.0800
1625131118557000,0,66.41951107,15.0600
1625131118557000,0,166.07102526,15.0600
1625131150538000,0,10.48852000,15.0600
1625131153873000,0,0.00000459,15.0600
1625131386528000,0,66.50516000,15.0400
1625131390605000,1,9.08816506,15.0300
1625131461972000,1,20.46353197,15.0000
1625131461975000,1,26.50516236,15.0000
1625131461999000,1,3.03130567,15.0000
1625131461999000,1,67.00000000,15.0000
1625131461999000,1,3.15108433,15.0000
1625131462335000,1,16.84891567,15.0000
1625131462335000,1,10.00000000,15.0000
1625131462335000,1,18.00000000,15.0000
1625131462335000,1,60.00000000,15.0000
1625131462335000,1,6.58761528,15.0000
1625131462408000,1,87.33377221,14.9900
1625131462451000,1,79.24405295,14.9900
1625131462451000,1,66.64897474,14.9900
1625131462451000,1,1.33539875,14.9800
1625131462451000,1,103.02869804,14.9800
1625131462491000,1,63.65316786,14.9800
1625131463265000,1,2.56257719,14.9800
1625131463265000,1,126.02770263,14.9800
1625131486602000,1,66.61345000,15.0100
1625131491134000,0,66.59821000,15.0200
1625131497041000,1,66.51689834,15.0300
1625131520502000,0,66.45390000,15.0500
1625131521932000,0,66.41594479,15.0600
1625131545039000,1,66.20773000,15.1000
1625131547685000,1,66.17180000,15.1100
1625131548161000,1,0.00000418,15.1100
1625131571096000,1,6.25000000,15.0900
1625131571112000,1,59.98137575,15.0900
1625131586514000,1,66.18929000,15.1000
1625131623221000,1,66.26125000,15.0900
1625131630587000,1,66.28230000,15.0800
1625131630817000,1,0.00000068,15.0800
1625131631967000,1,50.00000000,15.0600
1625131675249000,0,66.42392280,15.0600
1625131675249000,0,166.05998720,15.0600
1625131745508000,0,140.33039000,15.0500
1625131748051000,0,0.00000068,15.0500
1625131748051000,0,31.14209384,15.0500
1625131748127000,0,7.00486107,15.0500
1625131751280000,1,66.43635397,15.0400
1625131754439000,0,2.52003769,15.0500
1625131754439000,0,140.28964231,15.0500
1625131763562000,1,66.42230766,15.0500
1625131767030000,1,166.04455307,15.0400
1625131767030000,1,66.45142693,15.0400
1625131767410000,1,0.00001294,15.0400
1625131772518000,1,66.48417191,15.0400
1625131780867000,1,66.46292321,15.0400
1625131790074000,1,66.43823000,15.0500
1625131790415000,1,0.00000242,15.0500
1625131793758000,1,66.43823000,15.0400
1625131793875000,1,0.00000242,15.0400
1625131811256000,1,66.44260923,15.0200
1625131811256000,1,166.06881892,15.0200
1625131828828000,0,140.65668746,15.0200
1625131842800000,1,66.46019699,15.0400
1625131842800000,1,166.14828402,15.0400
1625131848677000,1,166.14828402,15.0300
1625131848677000,1,66.49212943,15.0300
1625131854106000,0,126.45076000,15.0300
1625131870079000,0,0.00000989,15.0300
1625131870079000,0,66.11564011,15.0300
1625131884406000,1,66.47621630,15.0400
1625131892953000,1,66.49474395,15.0300
1625131892953000,1,166.28310697,15.0300
1625131894528000,1,66.54538000,15.0200
1625131899118000,0,60.00000000,15.0300
1625131916912000,1,66.46469000,15.0400
1625131917130000,1,0.00000023,15.0400
1625131953948000,1,66.48317000,15.0400
1625131973786000,1,66.48148159,15.0400
1625131974006000,1,0.00000001,15.0400
1625132040782000,1,66.26301000,15.0900
1625132042238000,1,66.26301000,15.0800
1625132170026000,1,66.33158000,15.0600
1625132207568000,1,66.35006000,15.0700
1625132238494000,0,66.40271000,15.0700
1625132272274000,0,66.47072322,15.0500
1625132290849000,1,66.49385000,15.0200
1625132309126000,1,66.56999000,15.0200
1625132309142000,1,0.00000730,15.0200
1625132324750000,0,66.65155898,15.0100
1625132409444000,0,66.71817000,14.9900
1625132426929000,0,31.26918241,14.9900
1625132426955000,0,35.45518733,14.9900
1625132446941000,1,61.10762069,14.9800
1625132447280000,1,5.60983420,14.9800
1625132447280000,1,166.80233256,14.9800
1625132451096000,0,166.96051000,14.9800
1625132460487000,0,6.64218958,14.9800
1625132507044000,1,66.78964000,14.9700
1625132535997000,0,98.71879000,14.9700
1625132556242000,1,23.79865364,14.9500
1625132556270000,1,6.25000000,14.9500
1625132556334000,1,1197.73352420,14.9500
1625132575652000,0,66.89486000,14.9500
1625132694736000,0,25.71994637,14.9400
1625132695029000,0,41.22512276,14.9400
1625132705667000,1,5.00000000,14.9300
1625132718799000,0,67.09125268,14.9100
1625132718839000,0,0.00000001,14.9100
1625132719588000,0,167.65246315,14.9200
1625132719588000,0,67.05979685,14.9200
1625132724572000,1,2.00000000,14.9000
1625132724572000,1,10.53377926,14.9000
1625132724572000,1,92.08322147,14.9000
1625132724572000,1,2.41683710,14.9000
1625132726504000,1,2.41711798,14.8900
1625132726504000,1,100.00000000,14.8900
1625132741427000,1,100.00000000,14.8600
1625132749057000,0,6.25000000,14.8600
1625132752203000,0,67.27468000,14.8700
1625132768253000,0,6.25000000,14.8800
1625132771883000,0,67.17631000,14.8900
1625132777020000,0,167.81451797,14.9100
1625132777020000,0,67.11128203,14.9100
1625132779315000,0,100.00000000,14.9200
1625132780642000,1,16.98995633,14.9000
1625132848703000,1,66.97129000,14.9300
1625132859458000,1,66.97484000,14.9300
1625132868926000,1,67.01168000,14.9100
1625132870401000,1,67.01168000,14.9000
1625132880934000,0,67.14022000,14.9000
1625132885323000,0,67.06714000,14.9200
1625132908756000,0,100.00000000,14.9000
1625132954102000,0,67.12210000,14.9000
1625132960543000,1,67.06022000,14.9100
1625132961573000,0,66.69067531,14.9200
1625132989052000,1,40.78612532,14.9200
1625133026538000,0,66.98524614,14.9300
1625133027243000,1,0.00000386,14.9300
1625133036420000,1,66.97372000,14.9300
1625133036420000,1,0.00000306,14.9300
1625133039169000,0,1.66615016,14.9400
1625133075310000,1,66.67892000,14.9900
1625133082333000,0,66.70306000,15.0000
1625133094910000,1,66.65576000,15.0000
1625133094923000,1,0.00000351,15.0000
1625133120992000,0,31.79800000,15.0300
1625133120996000,0,82.24104204,15.0300
1625133120997000,0,52.43229825,15.0300
1625133120997000,0,66.57947129,15.0300
1625133120997000,0,68.01109556,15.0300
1625133121114000,0,2.41642399,15.0300
1625133121403000,0,570.00000000,15.0400
1625133121403000,0,77.69969000,15.0400
1625133121463000,0,180.00000000,15.0400
1625133149559000,1,66.35182000,15.0500
1625133149695000,1,0.00000648,15.0500
1625133180308000,1,66.34826808,15.0700
1625133180423000,1,0.00000001,15.0700
1625133191491000,0,98.01566000,15.0800
1625133191557000,0,0.00000505,15.0800
1625133197741000,1,14.14652521,15.0700
1625133197927000,1,52.14196243,15.0700
1625133200018000,1,66.37649000,15.0600
1625133205672000,1,66.37649095,15.0500
1625133223397000,1,66.49124000,15.0300
1625133254555000,0,98.31454000,15.0300
1625133297483000,0,5.00000000,15.0700
1625133297497000,0,6.25000000,15.0700
1625133310280000,1,66.26213000,15.0900
1625133344452000,1,66.26121000,15.0900
1625133364756000,1,66.38791000,15.0600
1625133364972000,1,0.00000161,15.0600
1625133373222000,0,66.40977009,15.0600
1625133373222000,0,165.00000000,15.0600
1625133373222000,0,56.01785275,15.0600
1625133377368000,1,287.61860465,15.0500
1625133392290000,0,84.15287196,15.0500
1625133392290000,0,28.09555758,15.0600
1625133392290000,0,166.05558212,15.0600
1625133392290000,0,2.55309175,15.0600
1625133392290000,0,100.00000000,15.0600
1625133392290000,0,231.57858906,15.0600
1625133398799000,1,66.47352000,15.0300
1625133398923000,1,0.00000674,15.0300
1625133463647000,1,66.56471000,15.0200
1625133471387000,0,84.33341000,15.0200
1625133531286000,0,66.64077753,15.0100
1625133531286000,0,84.40456247,15.0100
1625133533096000,0,0.00000909,15.0100
1625133557832000,0,0.00000246,15.0200
1625133568008000,1,66.52482486,15.0300
1625133574097000,1,66.54788543,15.0200
1625133576135000,1,66.59575077,15.0100
1625133586473000,1,66.61260866,15.0100
1625133595958000,0,70.27620000,15.0200
1625133597060000,0,0.00000157,15.0200
1625133597060000,0,29.72379843,15.0300
1625133602477000,1,66.51243000,15.0300
1625133602544000,1,0.00000531,15.0300
1625133604483000,1,66.51243531,15.0200
1625133608259000,1,66.51243531,15.0100
1625133613367000,1,66.61450390,15.0100
1625133630115000,1,66.60905892,15.0100
1625133630115000,1,166.49573105,15.0100
1625133635228000,0,56.22341000,15.0200
1625133635292000,1,150.00000000,15.0100
1625133635292000,1,66.59571095,15.0100
1625133635292000,1,166.49351341,15.0100
1625133635292000,1,70.00000000,15.0100
1625133635292000,1,100.00000000,15.0100
1625133635292000,1,59.34646811,15.0000
1625133639423000,0,0.00000900,15.0200
1625133669635000,1,165.82427933,15.0700
1625133669635000,1,66.30778067,15.0700
1625133669804000,1,0.00001185,15.0700
1625133691130000,1,66.28142200,15.0800
1625133693172000,1,165.71875539,15.0700
1625133693172000,1,66.32014194,15.0700
1625133706885000,1,66.25616110,15.0900
1625133706885000,1,165.62653205,15.0900
1625133738049000,0,55.93598000,15.1000
1625133741050000,1,66.24991013,15.0900
1625133747950000,0,66.28689805,15.0900
1625133776646000,0,41.97165745,15.0900
1625133840447000,0,0.00000232,15.1000
1625133840447000,0,41.94510768,15.1000
1625133852704000,0,27.70000000,15.1100
1625133867643000,0,66.09497000,15.1400
1625133914248000,0,165.30455712,15.1300
1625133914248000,0,66.14045288,15.1300
1625133921398000,0,19.53073364,15.1400
1625133983669000,0,27.80000000,15.1500
1625133992092000,1,65.90864000,15.1700
1625134004213000,1,27.00000000,15.1600
1625134004213000,1,65.90864619,15.1600
1625134012521000,1,65.97655000,15.1500
1625134018077000,1,66.02180000,15.1400
1625134031557000,0,65.99256000,15.1600
1625134046245000,0,27.20000000,15.1700
1625134046245000,0,41.77311338,15.1700
1625134046245000,0,65.94125065,15.1700
1625134046245000,0,164.86632638,15.1700
1625134046245000,0,186.84488334,15.1800
1625134046245000,0,117.53765463,15.1800
1625134105839000,0,27.10000000,15.1500
1625134112535000,1,65.99798000,15.1500
1625134112572000,1,0.00000277,15.1500
1625134159853000,1,66.03100000,15.1400
1625134160095000,0,27.50000000,15.1500
1625134160095000,0,66.01176581,15.1500
1625134160095000,0,205.00000000,15.1500
1625134160095000,0,100.00000000,15.1500
1625134160095000,0,139.39097580,15.1500
1625134160095000,0,139.29690716,15.1600
1625134160095000,0,71.21321583,15.1600
1625134191962000,0,66.16109373,15.1200
1625134191962000,0,27.59990627,15.1200
1625134256668000,0,27.70000000,15.0600
1625134295367000,0,67.90200000,15.0400
1625134340445000,0,27.29999999,15.0400
1625134340445000,0,0.00000001,15.0400
1625134346496000,1,66.50185787,15.0300
1625134375562000,1,66.50097335,15.0300
1625134426539000,1,66.56113000,15.0200
1625134438037000,0,42.19548000,15.0200
1625134438346000,0,24.38942975,15.0200
1625134448168000,0,27.99999999,15.0300
1625134457524000,0,27.90000000,15.0600
1625134462401000,1,66.39584000,15.0600
1625134504034000,1,166.02470448,15.0500
1625134504034000,1,66.40529552,15.0500
1625134525446000,0,27.50000000,15.0300
1625134536227000,0,66.44242000,15.0600
1625134537880000,0,66.39213000,15.0700
1625134540423000,0,66.35512998,15.0800
1625134540423000,0,27.09999002,15.0800
1625134542742000,0,0.00000998,15.0800
1625134550696000,0,15.97420000,15.0900
1625134550725000,0,50.30883745,15.0900
1625134552249000,0,27.90000000,15.1000
1625134552249000,0,66.23727000,15.1000
1625134595206000,1,66.12931000,15.1100
1625134597979000,0,66.17597929,15.1200
1625134597979000,0,27.09999071,15.1200
1625134598692000,0,0.00000929,15.1200
1625134605785000,1,66.13000000,15.1100
1625134615776000,1,66.22000000,15.0900
1625134615986000,1,0.00670213,15.0900
1625134638584000,1,66.35000000,15.0500
1625134648514000,1,66.46000000,15.0400
1625134648860000,1,0.00518424,15.0400
1625134666603000,1,66.35000000,15.0300
1625134666794000,1,0.00314445,15.0300
1625134668405000,1,83.65000000,15.0200
1625134668781000,1,348.11000000,15.0200
1625134668781000,1,0.00796586,15.0200
1625134668842000,1,30.00000000,15.0200
1625134674179000,0,25.55878071,15.0200
1625134683716000,0,6.25000000,15.0300
1625134699712000,0,66.55538715,15.0300
1625134699712000,0,3.00864285,15.0300
1625134731038000,0,27.40000000,15.0700
1625134749825000,0,66.32674729,15.0800
1625134749825000,0,27.29999271,15.0800
1625134753011000,0,66.29747000,15.0900
1625134798169000,0,27.70000000,15.0700
1625134947894000,1,6.43533333,15.0000
1625134970722000,1,156.48967000,15.0100
1625134970817000,1,0.00000355,15.0100
1625134989335000,1,0.13133333,15.0000
1625134995268000,1,38.51093054,14.9800
1625134995269000,1,23.30457212,14.9800
1625134995299000,1,4.91173206,14.9800
1625134995822000,1,66.78255000,14.9700
1625134996173000,1,0.00000013,14.9700
1625135024694000,0,25.67802271,14.9700
1625135046685000,0,2.42197729,14.9700
1625135046685000,0,2.89545692,14.9700
1625135054990000,0,2.89540000,14.9400
1625135058199000,0,2.14822397,14.9400
1625135061072000,1,156.48967355,14.9400
1625135222156000,1,66.70410000,14.9900
1625135265809000,1,66.77533000,14.9700
1625135371685000,1,1.60141661,15.0000
1625135377347000,1,66.61738000,15.0100
1625135385015000,0,55.46760256,15.0200
1625135385023000,0,11.17232724,15.0200
1625135392077000,1,66.54518000,15.0100
1625135473507000,0,10.53377925,15.0000
1625135474731000,0,0.00000001,15.0000
1625135476042000,1,66.63565081,15.0000
1625135476042000,1,537.52757757,15.0000
1625135510211000,1,66.39411965,15.0500
1625135510211000,1,100.00000000,15.0400
1625135510211000,1,174.81268307,15.0400
1625135521474000,1,66.39231000,15.0600
1625135530176000,1,66.47441000,15.0400
1625135593281000,1,66.42583748,15.0500
1625135593281000,1,51.65132112,15.0500
1625135640325000,1,31.61774285,15.0700
1625135660745000,1,66.21825000,15.1000
1625135660825000,1,0.00000284,15.1000
1625135666636000,1,66.21649000,15.1000
1625135666681000,1,0.00000887,15.1000
1625135677453000,1,41.82740893,15.0900
1625135707087000,0,66.25138552,15.1000
1625135707087000,0,165.62213448,15.1000
1625135717857000,0,27.20000000,15.1100
1625135793918000,1,66.15954000,15.1100
1625135809263000,1,66.17443161,15.1100
1625135809263000,1,1.39699696,15.1100
1625135842815000,0,66.34104000,15.0800
1625135854194000,1,66.17520000,15.1100
1625135859923000,1,33.82480000,15.1000
1625135860058000,1,32.35047527,15.1000
1625135985912000,1,66.18715000,15.1000
1625135986358000,1,0.00000309,15.1000
1625135994857000,1,66.25598000,15.0900
1625136026601000,1,66.33946000,15.0700
1625136040174000,0,66.34896000,15.0800
1625136164027000,0,66.10252000,15.1300
1625136195634000,1,27.30000000,15.1300
1625136200976000,0,66.10514699,15.1300
1625136200976000,0,27.50000000,15.1300
1625136200976000,0,165.31111552,15.1300
1625136200976000,0,139.53718340,15.1300
1625136217938000,1,66.08780000,15.1300
1625136254101000,1,66.07037001,15.1300
1625136254101000,1,3.92962999,15.1300
1625136256676000,1,165.18222000,15.1300
1625136297885000,1,3.92960000,15.1300
1625136298367000,1,62.13378602,15.1300
1625136298367000,1,165.16475398,15.1300
1625136624791000,0,66.23299000,15.1000
1625136632912000,0,2.00000000,15.1000
1625136647079000,0,66.28215000,15.0900
1625136720291000,0,7.25859389,15.1000
1625136743978000,0,66.32080000,15.0800
1625136745445000,0,165.77589751,15.0900
1625136745445000,0,66.30559249,15.0900
1625136777656000,0,66.31640000,15.0900
1625136828768000,0,3.00000000,15.0900
1625136998930000,1,66.36591000,15.0500
1625137002696000,1,0.00000821,15.0500
1625137013977000,0,27.50000000,15.0600
1625137030115000,0,66.43535846,15.0600
1625137030115000,0,166.08204154,15.0600
1625137030764000,0,0.00001628,15.0600
1625137033081000,0,66.39841706,15.0700
1625137054460000,0,27.40000000,15.0900
1625137054460000,0,66.31007000,15.0900
1625137079787000,1,31.60000000,15.0700
1625137105353000,0,66.37098000,15.0700
1625137135906000,1,66.28669000,15.0700
1625137162047000,0,66.34621642,15.0800
1625137250174000,1,66.12014000,15.1200
1625137283815000,0,66.08899000,15.1400
1625137297210000,1,66.04069000,15.1400
1625137314184000,1,66.03979000,15.1400
1625137379056000,1,66.03717000,15.1400
1625137393845000,0,165.09060000,15.1500
1625137394221000,0,0.00000172,15.1500
1625137417457000,0,27.20000000,15.1600
1625137445123000,0,27.50000000,15.1600
1625137478017000,1,65.91190000,15.1700
1625137512219000,1,2.64467964,15.1700
1625137512422000,1,63.20463731,15.1700
1625137565912000,1,65.92050000,15.1600
1625137622940000,0,14.09833848,15.1700
1625137625388000,1,65.91097000,15.1700
1625137636550000,1,65.91097000,15.1600
1625137669251000,1,65.95268000,15.1600
1625137695974000,1,65.91358000,15.1700
1625137696203000,1,0.00000637,15.1700
1625137714132000,1,6.88054699,15.1700
1625137714155000,1,6.25000000,15.1700
1625137714221000,1,40.53590469,15.1700
1625137715584000,1,27.00000000,15.1600
1625137715584000,1,65.94833195,15.1600
1625137760790000,0,65.97726343,15.1600
1625137760849000,0,0.00000001,15.1600
1625137865127000,1,65.78355000,15.2000
1625137905299000,0,26.90000000,15.2400
1625137907978000,1,65.59705000,15.2400
1625137956807000,0,8.00000000,15.2500
1625138019170000,0,6.25000000,15.2700
1625138020052000,0,59.26004374,15.2700
1625138020393000,0,6.25000000,15.2800
1625138021177000,0,7.33482442,15.2800
1625138021511000,0,156.42778530,15.2800
1625138021511000,0,425.73622680,15.2800
1625138023325000,0,3.80859940,15.2900
1625138024321000,0,1.19140060,15.2900
1625138024321000,0,60.51027035,15.2900
1625138031650000,1,65.41085000,15.2800
1625138052188000,0,60.00000000,15.3000
1625138071848000,0,65.37827872,15.3000
1625138085544000,0,65.31074738,15.3200
1625138085544000,0,2.44178238,15.3300
1625138085544000,0,27.52164554,15.3300
1625138109539000,1,65.25289000,15.3200
1625138119044000,0,16.68022728,15.3300
1625138122023000,1,65.22395000,15.3300
1625138146721000,0,27.10000000,15.3400
1625138146721000,0,165.00000000,15.3400
1625138146721000,0,2.44015212,15.3500
1625138146721000,0,394.43906612,15.3500
1625138180242000,1,50.08371586,15.3000
1625138180362000,1,6.25000000,15.3000
1625138180654000,1,106.87936208,15.3000
1625138180654000,1,65.28272792,15.3000
1625138180665000,1,0.00001172,15.3000
1625138182647000,1,65.38601000,15.2900
1625138185873000,1,65.39720000,15.2900
1625138187413000,1,65.39720000,15.2800
1625138189139000,0,27.20000000,15.2900
1625138189139000,0,33.31020000,15.2900
1625138190991000,0,65.39447000,15.3000
1625138214082000,1,65.26143000,15.3200
1625138230127000,0,27.00000000,15.3200
1625138330976000,0,27.50000000,15.2500
1625138332468000,0,50.00000000,15.2600
1625138537425000,0,10.00000000,15.2200
1625138567846000,1,65.61773000,15.2300
1625138568244000,1,0.00000821,15.2300
1625138606159000,0,65.56330000,15.2300
1625138609384000,0,33.02266073,15.2300
1625138609469000,0,6.25000000,15.2300
1625138609696000,0,15.48762138,15.2300
1625138609881000,0,47.60791084,15.2300
1625138610069000,0,55.28077846,15.2300
1625138610325000,0,13.81637213,15.2300
1625138610415000,0,50.49447020,15.2300
1625138627296000,1,2.66759810,15.2500
1625138650104000,1,65.56868000,15.2400
1625138650147000,1,0.00000819,15.2400
1625138665146000,1,65.63235000,15.2300
1625138782086000,1,59.92945378,15.2100
1625138820614000,1,65.73938000,15.2000
1625138821135000,1,164.44122870,15.1900
1625138821135000,1,65.80168170,15.1900
1625138833471000,1,1.96000000,15.2000
1625138833486000,1,1.96000000,15.2000
1625138847910000,1,64.29270103,15.2300
1625138847945000,1,1.31209594,15.2300
1625138850637000,1,3.92000000,15.2200
1625138862376000,1,164.35042139,15.2000
1625138862376000,1,61.14267502,15.2000
1625138866555000,1,4.60000000,15.2000
1625138871538000,1,164.43473914,15.1900
1625138871538000,1,65.78526086,15.1900
1625138877713000,1,65.78000000,15.1900
1625138886347000,1,65.77000000,15.1900
1625138889438000,1,0.00398119,15.1900
1625138917459000,1,65.71346758,15.2100
1625138937942000,1,164.28130216,15.2100
1625138937942000,1,65.68869784,15.2100
1625138948215000,1,164.24676434,15.2100
1625138948215000,1,65.68323566,15.2100
1625138948240000,1,0.00344126,15.2100
1625138950584000,1,13.67000000,15.2100
1625138957180000,1,0.00521367,15.2100
1625138957180000,1,65.72296948,15.2100
1625138957180000,1,164.31181685,15.2100
1625138965242000,0,26.80000000,15.2200
1625138987562000,1,65.54118000,15.2500
1625138990597000,1,0.00000346,15.2500
1625138990597000,1,163.86999654,15.2500
1625138990612000,1,0.00854979,15.2500
1625139006205000,1,163.86780456,15.2400
1625139006205000,1,65.57219544,15.2400
1625139010107000,1,0.00248667,15.2400
1625139010107000,1,163.98751333,15.2400
1625139010159000,1,0.00713388,15.2400
1625139014586000,1,65.61426736,15.2300
1625139014586000,1,84.59573264,15.2300
1625139017489000,1,79.39000000,15.2300
1625139017917000,1,0.00891457,15.2300
1625139021211000,1,38.31000000,15.2200
1625139024509000,1,65.65000000,15.2200
1625139024700000,1,0.00562469,15.2200
1625139024897000,0,65.64999531,15.2200
1625139024898000,1,10.55687407,15.2200
1625139024928000,1,61.43409566,15.2200
1625139024951000,1,26.56911877,15.2200
1625139025142000,1,65.71689476,15.2100
1625139025142000,1,164.21008381,15.2100
1625139030538000,1,65.67459756,15.2200
1625139030538000,1,164.19067134,15.2200
1625139034152000,0,57.65784000,15.2200
1625139034561000,0,0.00000485,15.2200
1625139048075000,1,164.17773225,15.2200
1625139048075000,1,65.65226775,15.2200
1625139056374000,1,164.24244813,15.2100
1625139056374000,1,8.14755187,15.2100
1625139057804000,1,57.54000000,15.2100
1625139060982000,1,65.69000000,15.2200
1625139068888000,1,0.00093728,15.2200
1625139068888000,1,164.30721506,15.2100
1625139068888000,1,242.59184766,15.2100
1625139070353000,1,180.74670664,15.2100
1625139070901000,1,3.68000000,15.2100
1625139070961000,1,0.00870830,15.2100
1625139074986000,1,65.69093728,15.2100
1625139074986000,1,164.22733272,15.2100
1625139076776000,1,107.62000000,15.2000
1625139078606000,1,164.22734000,15.2100
1625139079721000,1,64.37711853,15.2100
1625139080177000,1,1.31381875,15.2100
1625139080177000,1,5.68667791,15.2000
1625139105861000,1,65.69093728,15.2100
1625139105861000,1,164.22734320,15.2100
1625139106001000,1,65.69093000,15.2100
1625139106063000,1,361.33633260,15.2100
1625139117337000,1,65.69093728,15.2100
1625139117337000,1,164.22733272,15.2100
1625139120358000,0,2.59168091,15.2200
1625139124457000,1,65.69000000,15.2100
1625139127556000,1,164.22734320,15.2100
1625139127556000,1,427.02726260,15.2100
1625139127556000,1,65.68539420,15.2100
1625139133379000,1,65.69093728,15.2100
1625139141578000,1,65.69093728,15.2100
1625139141578000,1,164.21906272,15.2100
1625139143723000,1,0.00828048,15.2100
1625139143723000,1,427.02171952,15.2100
1625139145263000,1,65.69093728,15.2100
1625139145263000,1,159.62897759,15.2100
1625139145782000,1,4.59000000,15.2100
1625139146228000,1,0.00836561,15.2100
1625139151570000,1,65.69093728,15.2100
1625139155148000,1,62.72000435,15.2100
1625139156161000,1,62.71896151,15.2100
1625139160654000,1,24.97040196,15.2100
1625139160666000,1,24.97040196,15.2100
1625139165104000,1,58.65888430,15.2100
1625139165114000,1,7.03205298,15.2100
1625139167891000,1,164.22734320,15.2100
1625139167891000,1,61.09257167,15.2100
1625139168295000,1,4.59836561,15.2100
1625139168295000,1,220.72154926,15.2100
1625139176800000,1,13.75989435,15.2100
1625139176813000,1,13.75989435,15.2100
1625139177786000,1,136.70755450,15.2100
1625139177786000,1,328.50610550,15.2100
1625139177904000,1,98.52115710,15.2100
1625139177904000,1,65.69092290,15.2100
1625139184970000,1,164.22734320,15.2100
1625139184970000,1,65.69092680,15.2100
1625139185947000,1,0.00001048,15.2100
1625139186083000,1,138.64535349,15.2100
1625139194625000,1,60.97952461,15.2100
1625139195624000,1,60.98189089,15.2100
1625139196310000,1,42.26592770,15.2100
1625139196310000,1,65.69093728,15.2100
1625139196310000,1,247.04313502,15.2100
1625139196800000,1,179.98412758,15.2100
1625139210235000,1,64.42282423,15.2000
1625139210411000,1,1.31475152,15.2000
1625139233304000,0,21.15784928,15.2100
1625139250652000,1,53.88000000,15.2000
1625139268206000,1,65.60560000,15.2400
1625139280843000,1,65.65000000,15.2300
1625139280858000,1,0.00126050,15.2300
1625139295599000,0,27.60000000,15.2400
1625139299566000,1,65.56000000,15.2500
1625139299595000,1,0.00517178,15.2500
1625139309967000,1,65.56861099,15.2400
1625139309967000,1,144.64138901,15.2400
1625139341787000,0,27.00000000,15.2300
1625139360288000,0,15.06005613,15.2300
1625139361345000,0,12.33994000,15.2300
1625139418935000,1,65.64522694,15.2300
1625139418935000,1,149.99477306,15.2300
1625139435777000,1,65.65000000,15.2300
1625139449307000,0,27.50000000,15.2400
1625139470084000,1,65.65000000,15.2300
1625139576512000,0,27.00000000,15.2400
1625139631680000,1,54.27000000,15.2300
1625139631705000,1,11.36316312,15.2300
1625139718449000,1,65.68000000,15.2200
1625139759852000,1,65.59000000,15.2300
1625139798188000,1,45.27000000,15.2300
1625139820052000,1,30.49000000,15.2200
1625139820093000,1,35.15953651,15.2200
1625139831699000,1,65.67454323,15.2200
1625139831699000,1,2.99545677,15.2200
1625139856792000,0,27.40000000,15.2300
1625139886818000,1,24.75000000,15.2300
1625139889116000,1,40.88000000,15.2300
1625139909339000,1,65.65000000,15.2300
1625139937126000,0,27.20000000,15.2600
1625139960157000,1,65.38000000,15.2900
1625139960591000,0,23.90003342,15.3000
1625139965911000,1,65.38000000,15.2800
1625139965978000,1,0.00340831,15.2800
1625139979278000,0,26.80000000,15.2900
1625140004413000,0,23.90000000,15.3000
1625140010926000,0,65.31593317,15.3200
1625140010926000,0,27.29999683,15.3200
1625140015201000,1,63.97117381,15.3100
1625140018013000,1,65.27670797,15.3000
1625140029203000,0,27.30000000,15.3100
1625140043214000,1,65.30228427,15.3100
1625140043214000,1,163.21771573,15.3100
1625140053899000,1,65.31000000,15.3000
1625140080297000,0,10.04513738,15.3100
1625140092226000,1,65.35000000,15.2900
1625140101602000,1,65.43000000,15.2800
1625140163166000,1,65.47000000,15.2700
1625140163198000,1,0.00330653,15.2700
1625140186627000,1,65.47000000,15.2700
1625140200762000,0,137.95468000,15.2800
1625140211148000,1,65.48616000,15.2600
1625140211185000,1,0.00000932,15.2600
1625140219978000,1,65.55227794,15.2500
1625140227043000,0,22.55351960,15.2600
1625140227199000,0,11.36468451,15.2600
1625140227296000,0,31.65986658,15.2600
1625140227296000,0,2.83058286,15.2600
1625140249555000,1,65.50847680,15.2600
1625140257815000,0,10.04510000,15.2700
1625140273953000,0,26.80000000,15.2800
1625140320311000,0,14.03434240,15.2800
1625140333351000,0,26.80000000,15.2700
1625140359061000,0,26.90000000,15.2700
1625140380207000,0,26.90000000,15.2800
1625140389629000,1,65.43000000,15.2800
1625140425172000,0,27.20000000,15.2900
1625140437879000,1,65.39000000,15.2900
1625140450357000,1,65.35776000,15.2900
1625140450558000,1,0.00000842,15.2900
1625140479194000,1,65.22051000,15.3200
1625140492424000,1,65.26648000,15.3200
1625140509416000,1,29.76000000,15.3100
1625140509846000,1,35.53887000,15.3100
1625140517258000,1,9.09000000,15.3000
1625140517374000,1,56.23617000,15.3000
1625140517458000,1,0.00000358,15.3000
1625140541211000,0,26.90000000,15.2800
1625140614824000,0,65.49388000,15.2700
1625140614963000,0,0.00000942,15.2700
1625140632236000,0,65.53681203,15.2600
1625140632236000,0,27.19999797,15.2600
1625140638426000,0,0.00000203,15.2600
1625140638426000,0,65.54023797,15.2600
1625140641465000,1,65.54282568,15.2500
1625140641465000,1,159.27537674,15.2500
1625140647067000,0,27.00000000,15.2500
1625140647067000,0,65.60130153,15.2500
1625140647067000,0,164.04630336,15.2500
1625140647067000,0,44.12589511,15.2500
1625140647147000,0,382.34622715,15.2500
1625140648564000,0,538.00000000,15.2600
1625140662228000,0,65.53681203,15.2600
1625140662228000,0,27.00000000,15.2600
1625140679224000,1,55.49000000,15.2500
1625140693957000,0,26.80000000,15.2600
1625140741586000,1,44.70000000,15.2600
1625140747324000,1,65.51000000,15.2600
1625140755602000,0,1.95481335,15.2700
1625140769873000,0,25.04518000,15.2700
1625140779822000,0,20.27179000,15.2800
1625140797959000,0,65.49217369,15.2800
1625140797959000,0,27.00000000,15.2800
1625140798087000,1,100.00000000,15.2800
1625140800345000,0,7.12323575,15.2800
1625140808904000,0,65.54620000,15.2600
1625140810340000,0,65.53337000,15.2700
1625140810359000,0,0.00000615,15.2700
1625140823768000,0,65.47244919,15.2800
1625140823768000,0,26.80000000,15.2800
1625140823768000,0,100.00000000,15.2800
1625140823768000,0,2.50863674,15.2800
1625140823768000,0,70.00000000,15.2800
1625140823830000,1,545.80726000,15.2800
1625140823831000,1,0.00000485,15.2800
1625140831861000,1,6.84231344,15.2600
1625140869873000,1,65.58925000,15.2400
1625140925409000,0,134.45380000,15.2400
1625140927318000,0,27.50000000,15.2400
1625140949379000,1,377.61000000,15.2200
1625140949421000,1,48.89358436,15.2200
1625140949421000,1,32.70748048,15.2200
1625140949513000,1,6.25000000,15.2200
1625140949866000,1,125.14696507,15.2200
1625140949866000,1,65.64177968,15.2200
1625140954240000,1,100.00000000,15.2100
1625140964540000,0,27.50000000,15.2100
1625140964540000,0,65.77735000,15.2100
1625140974876000,1,164.56679437,15.1800
1625140974876000,1,65.83320563,15.1800
1625140997374000,0,27.00000000,15.1700
1625141004561000,0,65.88483000,15.1800
1625141010582000,0,27.60000000,15.1900
1625141010582000,0,65.86486637,15.1900
1625141049174000,0,65.88395000,15.1800
1625141066158000,1,65.90742021,15.1700
1625141066158000,1,100.00000000,15.1600
1625141066158000,1,2.50458404,15.1600
1625141066158000,1,164.83806309,15.1600
1625141066158000,1,70.00000000,15.1600
1625141066226000,0,6.25000000,15.1600
1625141066227000,0,401.08828344,15.1600
1625141068346000,0,27.00000000,15.1800
1625141079631000,1,65.86920000,15.1800
1625141079667000,1,0.00001552,15.1800
1625141084877000,1,65.89000000,15.1700
1625141085030000,1,0.00699635,15.1700
1625141119847000,0,27.60000000,15.2000
1625141174375000,0,27.60000000,15.1800
1625141188409000,0,26.33892643,15.1800
1625141221153000,0,11.04345600,15.1900
1625141221229000,0,13.86050983,15.1900
1625141221299000,0,13.89553451,15.1900
1625141278847000,1,134.13080000,15.1500
1625141279163000,1,30.75509896,15.1500
1625141279163000,1,64.02188434,15.1500
1625141279657000,1,1.93422414,15.1500
1625141279704000,1,0.00000001,15.1500
1625141291399000,0,66.10345000,15.1300
1625141306627000,0,27.60000000,15.1400
1625141329260000,0,27.30000000,15.1500
1625141410073000,0,27.70000000,15.1600
1625141520296000,0,27.00000000,15.1700
1625141556927000,0,32.83894389,15.1500
1625141584273000,0,27.20000000,15.1300
1625141606374000,0,27.20000000,15.1400
1625141652810000,0,27.60000000,15.1200
1625141652810000,0,37.94529000,15.1200
1625141652882000,0,28.20363000,15.1200
1625141654990000,1,66.15000000,15.1100
1625141705668000,0,9.41401470,15.1100
1625141713844000,1,66.12000000,15.1200
1625141771558000,1,66.17000000,15.1100
1625141880302000,0,2.47587507,15.1400
1625141880302000,0,0.16891020,15.1400
1625141882658000,1,6.25000000,15.1300
1625141882799000,1,27.42259663,15.1300
1625141882846000,1,32.41340382,15.1300
1625141883760000,1,6.25000000,15.1200
1625141964475000,0,6.25000000,15.1300
1625142000269000,0,16.32225069,15.1600
1625142120857000,1,4.01784773,15.1700
1625142657946000,1,65.68489000,15.2200
1625142698484000,1,65.78341000,15.2000
1625142732439000,0,6.25000000,15.2200
1625142732473000,0,65.72547782,15.2200
1625142785591000,1,16.91000000,15.2600
1625142836288000,1,65.43988692,15.2800
1625142897285000,1,65.39452000,15.2900
1625142923594000,0,27.00000000,15.2900
1625142937245000,1,65.35178000,15.3000
1625142974390000,0,27.40000000,15.3100
1625143004584000,0,26.90000000,15.3200
1625143033937000,0,27.30000000,15.3400
1625143033937000,0,65.21965000,15.3400
1625143038968000,1,65.15422000,15.3400
1625143072533000,0,8.28885578,15.3600
1625143201601000,0,27.20000000,15.3900
1625143257465000,1,65.03980000,15.3700
1625143277034000,1,27.54921869,15.3600
1625143306672000,0,4.10416667,15.3600
1625143344185000,0,65.12791122,15.3600
1625143344185000,0,31.35711482,15.3600
1625143405203000,0,55.73011207,15.3300
1625143440302000,0,10.38354663,15.3300
1625143444581000,0,65.24859000,15.3300
1625143479628000,0,65.20945000,15.3400
1625143638209000,1,6.51226358,15.3100
1625143649113000,0,10.00000000,15.3100
1625143787726000,0,26.80000000,15.3200
1625143814777000,0,65.36460000,15.3000
1625143852250000,0,15.94627391,15.3100
1625143852331000,0,34.35540443,15.3100
1625143852408000,0,15.02620229,15.3100
1625143901963000,0,26.70000000,15.3100
1625144026984000,0,26.60000000,15.3200
1625144066137000,1,65.16271000,15.3400
1625144142553000,1,65.30996107,15.3000
1625144191559000,1,65.40906831,15.2800
1625144211950000,0,3.54120458,15.2900
1625144220025000,0,137.71669103,15.3000
1625144220025000,0,27.40000000,15.3000
1625144220025000,0,65.37913360,15.3000
1625144220025000,0,163.47349794,15.3000
1625144220025000,0,2.60765966,15.3100
1625144220025000,0,424.98114070,15.3100
1625144220025000,0,275.40404322,15.3100
1625144220025000,0,332.00000000,15.3100
1625144220025000,0,51.34085564,15.3100
1625144220025000,0,413.15007308,15.3200
1625144220025000,0,2.40019452,15.3200
1625144220025000,0,494.53671061,15.3200
1625144221624000,0,34.22723709,15.3200
1625144229626000,0,653.82448586,15.3300
1625144251969000,0,26.90000000,15.3500
1625144258085000,1,65.13809276,15.3500
1625144264640000,1,65.13809000,15.3400
1625144281921000,1,65.18139984,15.3300
1625144281921000,1,162.95348016,15.3300
1625144281927000,1,0.00001943,15.3300
1625144283450000,1,65.23752000,15.3200
1625144290735000,1,65.21795000,15.3200
1625144292976000,1,26.90000000,15.3100
1625144292976000,1,65.28182000,15.3100
1625144301887000,1,65.33300231,15.3000
1625144301887000,1,163.33889300,15.3000
1625144304600000,1,27.40000000,15.2900
1625144304600000,1,65.33300231,15.2900
1625144304600000,1,163.33888769,15.2900
1625144376408000,1,65.36289000,15.2900
1625144421719000,1,65.24944864,15.3100
1625144421719000,1,163.10230136,15.3100
1625144432168000,1,65.31507000,15.3000
1625144446449000,1,65.40222000,15.2800
1625144447656000,1,163.58900032,15.2700
1625144447656000,1,65.45786968,15.2700
1625144453094000,1,65.46644000,15.2700
1625144463093000,1,65.49388000,15.2600
1625144466973000,1,163.77332885,15.2500
1625144466973000,1,65.54367115,15.2500
1625144492369000,1,65.61077066,15.2300
1625144492369000,1,146.24652934,15.2300
1625144492379000,1,17.81699322,15.2300
1625144511531000,0,6.72440997,15.2300
1625144512833000,1,6.25000000,15.2300
1625144513312000,1,65.64608000,15.2300
1625144559668000,0,26.80000000,15.2400
1625144580155000,0,27.10000000,15.2300
1625144602118000,0,27.20000000,15.2500
1625144656192000,0,65.63919448,15.2400
1625144729816000,1,65.51706000,15.2600
1625144779507000,0,27.30000000,15.2600
1625144804028000,1,28.01493399,15.2800
1625144854615000,1,65.48188000,15.2700
1625144930300000,1,65.38426000,15.2900
1625144950077000,1,65.42875000,15.2800
1625144950497000,1,0.00000463,15.2800
1625144990005000,1,65.43132328,15.2700
1625144990005000,1,163.61683672,15.2700
1625145018059000,0,10.00000000,15.3000
1625145095763000,0,20.13381201,15.3200
1625145140000000,1,6.25000000,15.3000
1625145140272000,1,157.01422311,15.3000
1625145140272000,1,65.31336689,15.3000
1625145140479000,1,0.00000668,15.3000
1625145199945000,1,65.26137000,15.3200
1625145354100000,1,65.22646000,15.3300
1625145529773000,1,65.43046000,15.2800
1625145563650000,0,26.17172504,15.2800
1625145563815000,0,27.80638011,15.2800
1625145563943000,0,11.47463142,15.2800
1625145569315000,0,65.38255332,15.3000
1625145901472000,1,65.26818000,15.3200
1625146173299000,1,65.39623579,15.2900
1625146173299000,1,85.59999421,15.2900
1625146232366000,0,65.41420000,15.2900
1625146232436000,0,0.00000273,15.2900
1625146233903000,0,10.00000000,15.3000
1625146267681000,0,10.16890000,15.3100
1625146275478000,1,65.30910000,15.3100
1625146411997000,0,2.59452411,15.3400
1625146462608000,0,2.00000000,15.3500
1625146517618000,1,41.38877762,15.3400
1625146662254000,1,27.19999999,15.2600
1625146662267000,1,0.00000001,15.2600
1625146843810000,1,65.43903000,15.2800
1625146960205000,1,6.25000000,15.2600
1625146960275000,1,71.63925294,15.2600
1625146960275000,1,65.46559129,15.2600
1625147135399000,0,65.53681000,15.2600
1625147156647000,0,138.16090000,15.2600
1625147157635000,0,0.00000234,15.2600
1625147308526000,1,65.52478000,15.2600
1625147345599000,1,65.63057000,15.2300
1625147345638000,1,0.00000860,15.2300
1625147347497000,1,65.63057000,15.2100
1625147347815000,1,0.00000860,15.2100
1625147384912000,1,35.95096779,15.1900
1625147384921000,1,13.92424611,15.1900
1625147385181000,1,114.54222224,15.1900
1625147385181000,1,65.78773776,15.1900
1625147415943000,0,65.89003000,15.1800
1625147636186000,0,138.69880414,15.2000
1625147636186000,0,27.49999586,15.2000
1625147673401000,0,70.00000000,15.2000
1625147684224000,1,65.78168000,15.1900
1625147724855000,0,27.10000000,15.1900
1625147796260000,0,65.96827000,15.1600
1625147880250000,0,6.52855584,15.1200
1625147945566000,1,66.18398000,15.1000
1625147945814000,1,0.00000290,15.1000
1625147950165000,1,9.01184278,15.0900
1625147950199000,1,57.23615033,15.0900
1625147991809000,1,66.21227000,15.1000
1625148070651000,0,140.00000000,15.1300
1625148089730000,0,27.30000000,15.1500
1625148139513000,0,27.00000000,15.1700
1625148139513000,0,65.95435958,15.1700
1625148190783000,1,2.65178133,15.1500
1625148292860000,1,65.87962864,15.1700
1625148295253000,1,65.94566000,15.1600
1625148301192000,1,65.94479000,15.1600
1625148421909000,1,65.73671000,15.2100
1625148422355000,1,0.00000151,15.2100
1625148600181000,1,65.65557000,15.2200
1625148793622000,1,27.20000000,15.1800
1625148939939000,1,65.68748000,15.2200
1625148960319000,0,2.39785241,15.1800
1625148964398000,1,27.40000000,15.1700
1625148977666000,1,65.98744000,15.1500
1625148989817000,0,66.01705000,15.1500
1625148989839000,0,0.00000128,15.1500
1625149107236000,0,27.10000000,15.1100
1625149107236000,0,66.21812000,15.1100
1625149113402000,1,66.21640801,15.0900
1625149120771000,0,6.25000000,15.0900
1625149120958000,1,66.30510000,15.0800
1625149127757000,0,66.37988827,15.0700
1625149131917000,0,27.10000000,15.0800
1625149131917000,0,66.34465000,15.0800
1625149136627000,0,66.29715000,15.0900
1625149145570000,0,27.70000000,15.0900
1625149146770000,0,66.26990000,15.1000
1625149162131000,1,66.27082000,15.0800
1625149169943000,1,300.00000000,15.0600
1625149173080000,0,27.70000000,15.0700
1625149188422000,0,66.41602000,15.0600
1625149189564000,0,27.10000000,15.0700
1625149189564000,0,66.39927224,15.0700
1625149209449000,0,66.35697000,15.0800
1625149212117000,0,2.03313452,15.0900
1625149228960000,0,66.27869000,15.0900
1625149242197000,0,27.60000000,15.0900
1625149246743000,0,165.00000000,15.1100
1625149263883000,1,165.65945717,15.0800
1625149263883000,1,66.25149283,15.0800
1625149277459000,1,66.29894000,15.0800
1625149287178000,0,27.30000000,15.0800
1625149297606000,0,66.27078000,15.1000
1625149318509000,1,66.21000000,15.0900
1625149331793000,0,27.60000000,15.0800
1625149344654000,0,66.33673584,15.0800
1625149344654000,0,83.66326416,15.0800
1625149344921000,0,82.22923000,15.0800
1625149350057000,0,66.32179000,15.0800
1625149403739000,0,66.40809000,15.0600
1625149425231000,0,27.40000000,15.0700
1625149473458000,0,66.42749983,15.0600
1625149473475000,0,0.00000001,15.0600
1625149552794000,0,27.40000000,15.0800
1625149606356000,1,66.35179000,15.0700
1625149644681000,1,66.39577000,15.0600
1625149666225000,0,27.40000000,15.0500
1625149677706000,0,66.45571000,15.0500
1625149730263000,1,6.64795000,15.0100
1625149733138000,1,66.57082000,15.0200
1625149734071000,1,0.00000466,15.0100
1625149734071000,1,95.27417064,15.0100
1625149786192000,1,3.96032127,15.0500
1625149786331000,1,49.05090426,15.0500
1625149786406000,1,13.42868789,15.0500
1625149787414000,1,66.43991342,15.0400
1625149788586000,1,166.19246417,15.0300
1625149788586000,1,66.43990583,15.0300
1625149806380000,1,66.57880000,15.0100
1625149808635000,1,66.63031000,15.0000
1625149816731000,1,66.59034000,15.0100
1625149816916000,1,0.00000408,15.0100
1625149816916000,1,166.48242612,15.0100
1625149839339000,1,1.67504188,15.0000
1625149858161000,1,166.72668827,14.9800
1625149858161000,1,66.70331173,14.9800
1625149858206000,1,0.00875835,14.9800
1625149873668000,0,66.90034000,14.9500
1625149874521000,0,167.23750401,14.9600
1625149874521000,0,66.87170951,14.9600
1625149888373000,0,66.81005000,14.9700
1625149898662000,0,66.80916000,14.9700
1625149899955000,1,66.79138630,14.9700
1625149905310000,1,66.79000000,14.9500
1625149905444000,1,0.00138630,14.9500
1625149927652000,1,66.84764000,14.9500
1625149942017000,1,167.14581801,14.9400
1625149942017000,1,24.82355559,14.9400
1625149961780000,0,66.87787853,14.9600
1625149967637000,1,66.83692000,14.9600
1625149993193000,0,27.30000000,14.9600
1625149995997000,0,434.68903540,14.9700
1625150063565000,1,66.79227000,14.9700
1625150063682000,1,0.00000857,14.9700
1625150071254000,0,9.86973948,14.9600
1625150106426000,0,25.15364196,14.9600
1625150130723000,0,167.15475856,14.9700
1625150130723000,0,28.85492144,14.9700
1625150237178000,0,66.70404686,14.9900
1625150271095000,1,66.79406317,14.9600
1625150271095000,1,167.05646509,14.9600
1625150271095000,1,2.50935313,14.9500
1625150271095000,1,27.40000000,14.9500
1625150271095000,1,325.21933685,14.9500
1625150295714000,1,66.79584000,14.9700
1625150296369000,0,66.70400000,14.9800
1625150316680000,1,66.74591000,14.9800
1625150332120000,1,66.74947000,14.9800
1625150332246000,1,0.00000672,14.9800
1625150418653000,0,66.80380857,14.9800
1625150418653000,0,166.96273143,14.9800
1625150435122000,0,2.00000000,15.0000
1625150436658000,0,6.25000000,15.0000
1625150436669000,0,60.46467503,15.0000
1625150441644000,1,56.59424250,15.0000
1625150442094000,1,55.14842416,15.0000
1625150472190000,1,10.37168965,15.0100
1625150472211000,1,5.40907121,15.0100
1625150472253000,1,6.25000000,15.0100
1625150472293000,1,44.58443716,15.0100
1625150584823000,1,27.60000000,15.0100
1625150717510000,0,66.73603000,14.9900
1625150902063000,1,66.52831000,15.0300
1625150902253000,1,0.00000962,15.0300
1625150931150000,0,27.70000000,15.0400
1625150931150000,0,66.53622000,15.0400
1625151072077000,0,66.67286000,15.0000
1625151112200000,0,66.54950000,15.0300
1625151240289000,0,70.00000000,15.0000
1625151240289000,0,44.17025444,15.0100
1625151280465000,0,27.40000000,15.0000
1625151304065000,0,10.61492338,15.0100
1625151327737000,0,66.63376000,15.0100
1625151332966000,0,2.62491672,15.0200
1625151347881000,0,27.50000000,15.0400
1625151463999000,0,61.74798922,15.0400
1625151464018000,0,4.74664748,15.0400
1625151503742000,1,27.10000000,15.0300
1625151545208000,0,66.63092000,15.0100
1625151709688000,0,4.96487450,15.1100
1625151714376000,0,27.20000000,15.1300
1625151720312000,0,32.80655071,15.1600
1625151727109000,1,6.25000000,15.1600
1625151727296000,1,59.69827000,15.1600
1625151783931000,1,27.50000000,15.2100
1625151783931000,1,164.18851236,15.2100
1625151783931000,1,65.70042764,15.2100
1625151825287000,0,27.30000000,15.2500
1625151826600000,1,65.56775000,15.2500
1625151830869000,1,65.56775116,15.2400
1625151832361000,1,65.65212000,15.2300
1625151845989000,1,65.51362683,15.2600
1625151850250000,1,2.45383721,15.2600
1625151850356000,0,6.25000000,15.2600
1625151850492000,0,54.51306769,15.2600
1625151850494000,0,2.32420248,15.2600
1625151859616000,0,27.10000000,15.3000
1625151876370000,0,13.67521000,15.3300
1625151877852000,0,0.00000367,15.3300
1625151928515000,1,6.25000000,15.3100
1625152009067000,0,26.80000000,15.2800
1625152009067000,0,65.46644000,15.2800
1625152037714000,0,27.00000000,15.2900
1625152047020000,1,2.32420000,15.2900
1625152060887000,1,65.38939000,15.2900
1625152081932000,0,65.41933796,15.2900
1625152081932000,0,163.59758754,15.2900
1625152196422000,0,27.60000000,15.2700
1625152244727000,1,65.56000000,15.2500
1625152244898000,1,0.00259261,15.2500
1625152245822000,1,65.56259261,15.2400
1625152281235000,1,65.61077000,15.2400
1625152292717000,1,65.65039000,15.2300
1625152311583000,1,65.59785889,15.2400
1625152311583000,1,163.92152096,15.2400
1625152341804000,0,65.57549000,15.2600
1625152346208000,1,65.46730000,15.2700
1625152361464000,1,26.90000000,15.2700
1625152366813000,1,27.20000000,15.2600
1625152368809000,1,65.48102000,15.2500
1625152379068000,1,65.51620000,15.2600
1625152386216000,1,65.56689000,15.2500
1625152453807000,0,65.59871000,15.2500
1625152465080000,1,28.20000000,15.2600
1625152492528000,0,65.57979000,15.2500
1625152523798000,0,4.00000000,15.2600
1625152524741000,1,65.55141000,15.2500
1625152563677000,1,27.40000000,15.2700
1625152663587000,0,6.44225721,15.2400
1625152767713000,0,27.40000000,15.2300
1625152771965000,0,6.44220000,15.2400
1625153055595000,1,34.76404689,15.2300
1625153055786000,1,30.88807000,15.2300
1625153130615000,0,6.25000000,15.2600
1625153132683000,0,6.51178010,15.2800
1625153134648000,0,65.47930000,15.2800
1625153135984000,0,65.43046000,15.2900
1625153136076000,0,0.00000704,15.2900
1625153138136000,0,65.36887000,15.3000
1625153138192000,0,0.00000657,15.3000
1625153150054000,0,65.32702710,15.3100
1625153150054000,0,26.99999290,15.3100
1625153179691000,0,6.25000000,15.2900
1625153179782000,0,7.57387910,15.2900
1625153179878000,0,13.78773466,15.2900
1625153179977000,0,37.81714087,15.2900
1625153179977000,0,163.56761370,15.2900
1625153182903000,0,26.80000000,15.3100
1625153190216000,0,65.30399000,15.3200
1625153212033000,0,163.07256730,15.3400
1625153212033000,0,137.68160106,15.3400
1625153212033000,0,70.00000000,15.3400
1625153212033000,0,23.01355164,15.3400
1625153212186000,0,42.20866044,15.3400
1625153221060000,1,65.14488000,15.3400
1625153227919000,0,100.00000000,15.3500
1625153227919000,0,2.42266861,15.3500
1625153227919000,0,83.89720109,15.3500
1625153251739000,1,27.40000000,15.3400
1625153312811000,1,65.22391000,15.3300
1625153320215000,1,27.20000000,15.3200
1625153322364000,0,21.17579000,15.3200
1625153324705000,1,6.25000000,15.3100
1625153325073000,1,65.26733000,15.3100
1625153325368000,1,0.00000500,15.3100
1625153332438000,1,27.00000000,15.2900
1625153332438000,1,9.28184814,15.2900
1625153378285000,0,27.40000000,15.3000
1625153378285000,0,65.37220000,15.3000
1625153383566000,0,65.34495000,15.3100
1625153420739000,0,7.22780000,15.3000
1625153420929000,0,58.13851000,15.3000
1625153425834000,0,65.36887000,15.3000
1625153463914000,0,65.40906000,15.2900
1625153513494000,0,27.10000000,15.2900
1625153564146000,0,27.30000000,15.2700
1625153654116000,0,9.78047182,15.2600
1625153719795000,1,65.82325000,15.1900
1625153727779000,0,27.30000000,15.1900
1625153739014000,0,65.84491000,15.1900
1625153740926000,0,65.81458388,15.2000
1625153741788000,0,65.76005000,15.2100
1625153771811000,0,27.00000000,15.2100
1625153771811000,0,65.75659000,15.2100
1625153782372000,0,564.00000000,15.2400
1625153804486000,0,27.20000000,15.2500
1625153841153000,0,26.90000000,15.2300
1625153923856000,0,27.50000000,15.2300
1625153923856000,0,65.70474000,15.2300
1625153962683000,0,27.00000000,15.2300
1625153998496000,0,27.00000000,15.2300
1625154049754000,0,27.30000000,15.2300
1625154133347000,0,163.86566120,15.2700
1625154133347000,0,65.52907880,15.2700
1625154134347000,0,65.45359000,15.2800
1625154139161000,1,65.43046000,15.2800
1625154146708000,0,65.46473415,15.2800
1625154146708000,0,26.79999585,15.2800
1625154181408000,1,65.39452000,15.2900
1625154225613000,0,27.50000000,15.3000
1625154316264000,1,6.25000000,15.2400
1625154316311000,1,59.35818790,15.2400
1625154330047000,1,27.20000000,15.2200
1625154330047000,1,65.68230781,15.2200
1625154330047000,1,31.66164504,15.2200
1625154330053000,1,27.20000000,15.2200
1625154330125000,1,65.68230000,15.2200
1625154330214000,1,39.66829404,15.2200
1625154336870000,1,65.71424000,15.2100
1625154349000000,1,84.91381000,15.2000
1625154349670000,1,0.00000578,15.2000
1625154360258000,1,6.39422982,15.1900
1625154360761000,0,27.39999999,15.2000
1625154361855000,0,0.00000001,15.2000
1625154362896000,0,65.79379000,15.2100
1625154400125000,0,26.90000000,15.2100
1625154578907000,0,27.40000000,15.2300
1625154636592000,0,27.60000000,15.2700
1625154654971000,1,65.48102000,15.2700
1625154671586000,0,1.30235602,15.2800
1625154682857000,1,2.56344600,15.2600
1625154713572000,0,27.00000000,15.2500
1625154714848000,1,65.60044083,15.2400
1625154714848000,1,163.99032917,15.2400
1625154714849000,1,0.00000963,15.2400
1625154731536000,1,2.56340000,15.2300
1625154741282000,0,26.90000000,15.2400
1625154741282000,0,65.64608000,15.2400
1625154741892000,0,0.00000881,15.2400
1625154763372000,0,65.48102360,15.2800
1625154772168000,1,65.42276000,15.2700
1625154780781000,1,65.49045000,15.2600
1625154867998000,0,27.50000000,15.2800
1625154867998000,0,65.45016000,15.2800
1625154918964000,0,27.60000000,15.2700
1625154918964000,0,65.52736000,15.2700
1625154954404000,0,65.49303000,15.2700
1625155081791000,1,65.55000000,15.2400
1625155094724000,1,163.97743106,15.2300
1625155094724000,1,61.02322558,15.2300
1625155094745000,1,4.59185014,15.2300
1625155104697000,1,65.60000000,15.2300
1625155107901000,1,0.00560534,15.2300
1625155107901000,1,138.46520140,15.2300
1625155107901000,1,2.44919326,15.2300
1625155118206000,1,65.61163163,15.2300
1625155123358000,1,65.64000000,15.2300
1625155123451000,1,0.00436509,15.2300
1625155128253000,1,64.33823529,15.2300
1625155132257000,1,65.64695070,15.2300
1625155132257000,1,27.09224350,15.2300
1625155153920000,1,138.43286200,15.2300
1625155153920000,1,65.60713800,15.2300
1625155157776000,1,65.65000000,15.2300
1625155172328000,1,138.47154090,15.2200
1625155172328000,1,65.65470876,15.2200
1625155172328000,1,128.86375034,15.2200
1625155173380000,1,65.73671151,15.2100
1625155185358000,1,65.68000000,15.2200
1625155185361000,1,0.00403353,15.2200
1625155189668000,1,65.65000000,15.2300
1625155189763000,1,0.00470876,15.2300
1625155191936000,1,65.65000000,15.2200
1625155196973000,1,65.69000000,15.2200
1625155204152000,1,65.69697000,15.2200
1625155222336000,1,65.67540587,15.2200
1625155222336000,1,164.18459413,15.2200
1625155224343000,1,65.70000000,15.2100
1625155257591000,1,65.47159188,15.2700
