timestamp ms,type,amount,price
1625184019521000,0,65.10925333,15.3600
1625184019521000,0,122.38618937,15.3600
1625184101843000,1,6.25000000,15.3000
1625184106911000,0,6.25000000,15.3000
1625184106942000,0,35.92075233,15.3000
1625184106949000,0,7.20945465,15.3000
1625184107260000,0,16.03000000,15.3000
1625184107268000,0,0.00826039,15.3000
1625184120201000,1,63.91777352,15.3300
1625184120297000,1,1.30444436,15.3300
1625184142100000,1,6.25000000,15.2800
1625184165873000,0,6.25000000,15.2900
1625184205375000,1,65.42000000,15.2700
1625184252490000,0,215.00000000,15.3700
1625184332886000,1,54.34000000,15.4300
1625184332922000,1,10.45873513,15.4300
1625184364514000,1,64.76264491,15.4300
1625184383268000,0,13.95632202,15.4400
1625184436127000,0,64.64625000,15.4700
1625184464039000,1,64.39813000,15.5200
1625184549396000,1,26.80000000,15.5600
1625184549396000,1,64.25083526,15.5600
1625184549396000,1,2.69688609,15.5500
1625184593347000,1,26.50000000,15.5500
1625184593347000,1,67.24772135,15.5500
1625184616664000,1,64.30123000,15.5500
1625184637988000,0,93.55176848,15.5500
1625184640678000,0,64.34923000,15.5500
1625184673323000,1,26.30000000,15.5900
1625184687625000,1,64.12311638,15.5900
1625184687625000,1,160.29331779,15.5900
1625184710733000,1,64.12960000,15.5900
1625184710840000,1,0.00009590,15.5900
1625184753853000,0,64.15932042,15.5900
1625184799372000,1,64.15191000,15.5800
1625184807715000,1,26.90000000,15.5700
1625184826997000,1,3.11820000,15.5500
1625184827301000,1,6.25000000,15.5500
1625184849751000,1,64.38320000,15.5300
1625184869134000,0,6.25000000,15.5400
1625184869251000,0,3.29878352,15.5400
1625184880156000,0,418.09705000,15.5600
1625184880757000,0,0.00000692,15.5600
1625185183428000,0,64.36663234,15.5400
1625185183428000,0,142.08743766,15.5400
1625185316107000,1,110.00000000,15.5600
1625185459337000,1,64.25991852,15.5600
1625185682430000,1,26.50000000,15.5100
1625185682430000,1,161.13435734,15.5100
1625185682430000,1,64.41887731,15.5100
1625185750945000,0,6.25000000,15.5600
1625185750956000,0,270.00000000,15.5600
1625185751027000,0,141.93628758,15.5600
1625185751027000,0,108.06371242,15.5600
1625185756421000,1,64.24010381,15.5600
1625185773752000,1,64.46455000,15.5100
1625185792808000,0,64.52362000,15.5000
1625185863962000,0,151.23426000,15.5200
1625186059085000,1,64.49000000,15.5000
1625186059123000,1,0.00865198,15.5000
1625186112509000,0,36.20000000,15.4900
1625186162486000,0,26.60000000,15.4900
1625186172258000,0,27.10000000,15.5000
1625186180631000,1,64.49781000,15.5000
1625186538251000,1,26.40000000,15.5100
1625186752861000,0,64.27478000,15.5600
1625186813952000,1,64.25991000,15.5600
1625186814047000,1,0.00000852,15.5600
1625186814854000,1,64.30289000,15.5500
1625186821171000,1,64.31778129,15.5400
1625186821171000,1,105.68221871,15.5400
1625186831459000,1,64.35420000,15.5300
1625186916741000,1,26.90000000,15.5000
1625186962108000,1,64.41970000,15.5200
1625186962479000,1,0.00000728,15.5200
1625187352613000,1,64.25331000,15.5600
1625187370516000,1,64.19556000,15.5700
1625187381192000,1,64.21782000,15.5700
1625187404132000,0,93.55176000,15.5800
1625187409191000,0,0.00000848,15.5800
1625187445420000,1,45.74010000,15.5600
1625187521404000,1,64.01474000,15.6200
1625187521536000,1,0.00000900,15.6200
1625187521736000,1,159.99995000,15.6200
1625187521802000,0,68.71529110,15.6300
1625187560288000,1,64.01065000,15.6200
1625187601814000,0,26.90000000,15.6300
1625187654059000,1,63.96315722,15.6300
1625187697970000,1,64.09681000,15.6000
1625187707054000,1,64.08859000,15.6000
1625187728418000,0,26.50000000,15.6000
1625187738736000,1,64.09023000,15.6000
1625187762050000,1,64.14450474,15.5800
1625187803785000,1,54.10000000,15.5700
1625188325524000,0,64.43880247,15.5200
1625188325524000,0,161.14684990,15.5200
1625188356791000,1,1000.00000000,15.5100
1625188374046000,1,64.45873996,15.5100
1625188374046000,1,161.13851180,15.5100
1625188461438000,0,26.50000000,15.5200
1625188471830000,0,26.80000000,15.5300
1625188484823000,1,64.38486697,15.5200
1625188484828000,1,0.00000001,15.5200
1625188485599000,1,64.46040000,15.5100
1625188506056000,1,6.25000000,15.5000
1625188506141000,1,14.60459030,15.5000
1625188506157000,1,43.62908888,15.5000
1625188506764000,1,161.24443131,15.4900
1625188514917000,0,64.55694000,15.5000
1625188526070000,0,64.52278000,15.5000
1625188548091000,0,27.10000000,15.5100
1625188548091000,0,64.48783000,15.5100
1625188568673000,0,64.45292000,15.5200
1625188569235000,0,0.00000358,15.5200
1625188569359000,0,161.10335932,15.5300
1625188620197000,0,26.80000000,15.5100
1625188767993000,0,64.73162000,15.4500
1625188794767000,0,64.68974000,15.4600
1625188825133000,0,27.10000000,15.4600
1625189120523000,0,64.94181000,15.4000
1625189125280000,0,64.91736000,15.4100
1625189274741000,0,65.07196000,15.3700
1625189280353000,0,65.15337000,15.3500
1625189419045000,0,27.30000000,15.3900
1625189470487000,0,27.00000000,15.4100
1625189503820000,1,40.12000000,15.4000
1625189503851000,1,6.25000000,15.4000
1625189503865000,1,18.51871585,15.4000
1625189540048000,0,65.30484301,15.3200
1625189553922000,0,65.25200000,15.3300
1625189568722000,0,65.23157000,15.3400
1625189588083000,0,65.13469000,15.3600
1625189596220000,1,65.09653000,15.3600
1625189596340000,1,0.00000817,15.3600
1625189618439000,1,65.09484000,15.3500
1625189635605000,1,65.17715000,15.3400
1625189841114000,0,26.90000000,15.3500
1625189997218000,0,65.28522000,15.3200
1625190115929000,0,27.40000000,15.3400
1625190207733000,1,65.26818000,15.3200
1625190207965000,1,0.00000987,15.3200
1625190307069000,1,3.88000000,15.2900
1625190373236000,0,6.25000000,15.3200
1625190373249000,0,28.37000000,15.3200
1625190373254000,0,30.68995655,15.3200
1625190373453000,0,424.45364802,15.3300
1625190373453000,0,163.21733198,15.3300
1625190373581000,0,0.00000823,15.3300
1625190408541000,1,65.22391000,15.3300
1625190417731000,1,65.28864000,15.3100
1625190559250000,1,65.30740000,15.3100
1625190559582000,1,0.00000637,15.3100
1625190828893000,0,65.41077000,15.2900
1625190859317000,0,65.45529000,15.2800
1625191218768000,1,65.65990000,15.2200
1625191218800000,1,0.00000015,15.2200
1625191251110000,1,65.43000000,15.2700
1625191251176000,1,0.00390154,15.2700
1625191308855000,1,65.34837000,15.3000
1625191312049000,1,65.34837000,15.2900
1625191312106000,1,0.00000821,15.2900
1625191352848000,1,65.42277000,15.2800
1625191352910000,1,0.00000085,15.2800
1625191354035000,1,65.42277000,15.2700
1625191354062000,1,0.00000085,15.2700
1625191354062000,1,52.04999915,15.2700
1625191354097000,1,111.60326541,15.2700
1625191366338000,1,65.51000000,15.2600
1625192410649000,1,9.90000000,15.3000
1625192415648000,1,65.37000000,15.2900
1625192429250000,1,65.38341325,15.2900
1625192436607000,1,65.39000000,15.2900
1625192467218000,1,65.35179279,15.3000
1625192467218000,1,104.93820721,15.3000
1625192647174000,1,65.25626376,15.3200
1625192798991000,1,65.18000000,15.3400
1625192839116000,1,65.18000000,15.3400
1625192860606000,1,65.17000000,15.3400
1625193024855000,0,65.05334000,15.3800
1625193034832000,1,64.93000000,15.4000
1625193039926000,0,64.94771000,15.4000
1625193056903000,1,64.92073000,15.4000
1625193112734000,1,422.20000000,15.3800
1625193118978000,1,0.00134523,15.3800
1625193248651000,1,64.92000000,15.4000
1625193305338000,1,64.93000000,15.3900
1625193341977000,1,51.20000000,15.3700
1625193390578000,1,65.05000000,15.3700
1625193475107000,1,65.27000000,15.3100
1625193483641000,1,65.30000000,15.3100
1625193483758000,1,0.00655187,15.3100
1625193492149000,1,65.40052083,15.2800
1625193501579000,1,65.40000000,15.2700
1625193510663000,1,65.43000000,15.2800
1625193510870000,1,0.00561429,15.2800
1625193511441000,1,163.66183537,15.2700
1625193511441000,1,65.43561429,15.2700
1625193527935000,1,65.46000000,15.2700
1625193543356000,1,65.47000000,15.2700
1625193578229000,1,3.05000000,15.2800
1625193578421000,1,62.36078819,15.2800
1625193674089000,1,65.39000000,15.2900
1625193773176000,1,65.18000000,15.3400
1625193799518000,0,137.63444216,15.3500
1625193799518000,0,65.19244811,15.3500
1625193908427000,1,65.10670000,15.3500
1625193928415000,1,65.30143000,15.3100
1625194024792000,0,26.80000000,15.3400
1625194088190000,1,65.09000000,15.3500
1625194088266000,1,0.00484319,15.3500
1625194090555000,1,48.24000000,15.3400
1625194097837000,1,65.09000000,15.3300
1625194097879000,1,0.00484319,15.3300
1625194104581000,1,65.23327723,15.3100
1625194107218000,1,65.31000000,15.3000
1625194107362000,1,0.00765578,15.3000
1625194113135000,1,65.34000000,15.3000
1625194132003000,1,65.30000000,15.3100
1625194136249000,1,29.80000000,15.3000
1625194136249000,1,65.33046000,15.3000
1625194253693000,1,26.70000000,15.3200
1625194265762000,1,27.30000000,15.3100
1625194392328000,1,26.80000000,15.3100
1625194473662000,1,27.40000000,15.3200
1625194503400000,1,26.80000000,15.3200
1625194775630000,0,27.10000000,15.3500
1625194879459000,1,65.16000000,15.3400
1625194879461000,1,0.00356054,15.3400
1625194890345000,1,65.17000000,15.3400
1625194890392000,1,0.00630190,15.3400
1625194892193000,1,89.19000000,15.3300
1625194898663000,1,65.17000000,15.3100
1625194898728000,1,0.00630190,15.3100
1625194908557000,1,65.29000000,15.3100
1625194939404000,1,65.35000000,15.2900
1625194939457000,1,0.00438266,15.2900
1625194944042000,1,65.40000000,15.2800
1625194947528000,1,65.37000000,15.2900
1625194947530000,1,0.00657618,15.2900
1625194980575000,0,6.25000000,15.3100
1625194984950000,1,65.26393000,15.3200
1625194985013000,1,0.00000004,15.3200
1625194986701000,1,65.26000000,15.3100
1625194999213000,1,65.21000000,15.3300
1625194999264000,1,0.00285548,15.3300
1625195044157000,1,65.20690000,15.3300
1625195054757000,1,65.24000000,15.3200
1625195060055000,1,65.30000000,15.3100
1625195083481000,1,65.29000000,15.3000
1625195096753000,1,163.34958117,15.3000
1625195096753000,1,65.33041883,15.3000
1625195126859000,0,65.32702000,15.3100
1625195151799000,0,65.31934302,15.3200
1625195158710000,1,163.22160271,15.3100
1625195158710000,1,65.25839729,15.3100
1625195225022000,1,84.72000000,15.3100
1625195256875000,1,65.31080000,15.3100
1625195273375000,1,65.31000000,15.3000
1625195281054000,1,65.34000000,15.3000
1625195291585000,1,65.33000000,15.3000
1625195317009000,1,65.26000000,15.3100
1625195383866000,0,163.30263244,15.3200
1625195383866000,0,65.31165756,15.3200
1625195454011000,1,62.44000000,15.3100
1625195454042000,1,2.82394366,15.3100
1625195474174000,1,65.34328000,15.3000
1625195522812000,1,65.35182000,15.3000
1625195522946000,1,0.00000160,15.3000
1625195525994000,1,65.35182000,15.2900
1625195526074000,1,0.00000160,15.2900
1625195536420000,1,65.46000000,15.2600
1625195536462000,1,0.00992782,15.2600
1625195538956000,0,65.50503000,15.2700
1625195545437000,1,8.41000000,15.2600
1625195545509000,1,57.11049597,15.2600
1625195549073000,1,65.54547694,15.2500
1625195563725000,1,65.60913000,15.2400
1625195565399000,0,65.62280000,15.2400
1625195584785000,0,138.60628000,15.2400
1625195589027000,1,26.90000000,15.2300
1625195593723000,1,6.25000000,15.2200
1625195593730000,1,19.40920000,15.2200
1625195593741000,1,40.00338547,15.2200
1625195596157000,1,65.71523506,15.2100
1625195596904000,1,26.90000000,15.2000
1625195600722000,1,110.00000000,15.1800
1625195604755000,1,27.50000000,15.1700
1625195606148000,0,65.92461000,15.1700
1625195626610000,0,65.88830000,15.1800
1625195635038000,1,65.86000000,15.1800
1625195635065000,1,0.00228642,15.1800
1625195654190000,1,65.86475000,15.1800
1625195654211000,1,0.00000771,15.1800
1625195661764000,1,65.81890000,15.1900
1625195661767000,1,0.00003543,15.1900
1625195670642000,1,65.81893543,15.1800
1625195670642000,1,164.63180457,15.1800
1625195670667000,1,0.00001283,15.1800
1625195672107000,0,6.24998000,15.1800
1625195683414000,1,65.82586000,15.1900
1625195683501000,1,0.00000776,15.1900
1625195795455000,1,16.68110000,15.2100
1625195795816000,1,49.01000000,15.2100
1625195795828000,1,0.00397157,15.2100
1625195796733000,1,164.18204505,15.2000
1625195796733000,1,65.76266439,15.2000
1625195810453000,0,65.75484000,15.2100
1625195862433000,1,65.66000000,15.2200
1625195862462000,1,0.00421183,15.2200
1625195874550000,0,27.50000000,15.2300
1625195885532000,0,0.00000326,15.2400
1625195885532000,0,26.79999674,15.2400
1625195892065000,0,0.00000326,15.2400
1625195892065000,0,65.62711674,15.2400
1625195931965000,0,27.40000000,15.2400
1625195931965000,0,65.63400737,15.2400
1625195986690000,1,65.65817564,15.2100
1625195986690000,1,39.78182436,15.2100
1625195986713000,1,124.48436572,15.2100
1625196016236000,1,65.82674272,15.1700
1625196016236000,1,27.49999728,15.1700
1625196034087000,0,65.91956000,15.1800
1625196091472000,0,6.25000000,15.1900
1625196160563000,1,65.82000000,15.1900
1625196164893000,1,65.81000000,15.1900
1625196165182000,1,0.00981013,15.1900
1625196165964000,1,64.50341393,15.1800
1625196182667000,1,65.91000000,15.1700
1625196182671000,1,0.00091681,15.1700
1625196182671000,1,65.90908319,15.1700
1625196240821000,1,61.50000000,15.1300
1625196360274000,0,2.48381591,15.0900
1625196364331000,0,25.51618409,15.0900
1625196364331000,0,66.28834591,15.0900
1625196373405000,1,165.84675779,15.0700
1625196373405000,1,66.30324221,15.0700
1625196384953000,0,66.32174000,15.0800
1625196386503000,1,10.16000000,15.0700
1625196390113000,1,66.35000000,15.0600
1625196390261000,1,0.00592104,15.0600
1625196414803000,1,149.87000000,15.0400
1625196415873000,1,66.42000000,15.0400
1625196415919000,1,0.00404667,15.0400
1625196417106000,1,5.13000000,15.0300
1625196417139000,1,426.92671044,15.0300
1625196417139000,1,166.19909322,15.0300
1625196417139000,1,66.48939614,15.0300
1625196420143000,1,110.00000000,15.0200
1625196422481000,0,166.61112000,15.0100
1625196422611000,0,0.00000962,15.0100
1625196422611000,0,66.64444038,15.0100
1625196423559000,0,66.58404686,15.0200
1625196433596000,1,66.55930000,15.0200
1625196433682000,1,0.00002069,15.0200
1625196436522000,1,166.40264114,15.0100
1625196436522000,1,55.04735886,15.0100
1625196436591000,1,11.54121439,15.0100
1625196438913000,0,27.90000000,15.0200
1625196445999000,0,27.40000000,15.0300
1625196450039000,0,27.50000000,15.0300
1625196451015000,1,66.53186442,15.0200
1625196451015000,1,3.46813558,15.0200
1625196454322000,0,66.57608634,15.0300
1625196458623000,1,66.52000000,15.0300
1625196458756000,1,0.00568546,15.0300
1625196461129000,1,66.52000000,15.0200
1625196461171000,1,0.00568546,15.0200
1625196465679000,1,66.54000000,15.0200
1625196466846000,1,76.20000000,15.0100
1625196473324000,1,66.57972000,15.0100
1625196478394000,1,28.00000000,15.0200
1625196485064000,0,66.59380000,15.0200
1625196489379000,0,27.30000000,15.0300
1625196499168000,1,66.52000000,15.0300
1625196525908000,1,66.41000000,15.0400
1625196528439000,1,166.19171611,15.0300
1625196528439000,1,66.49828389,15.0300
1625196528507000,1,0.00153616,15.0300
1625196541672000,1,66.43000000,15.0400
1625196551895000,1,166.18795389,15.0300
1625196551895000,1,66.42204611,15.0300
1625196551952000,1,0.00816197,15.0300
1625196568154000,0,66.50966000,15.0400
1625196583962000,0,66.47695000,15.0500
1625196584763000,0,66.41778873,15.0600
1625196586229000,0,66.38421000,15.0700
1625196598620000,0,66.45221000,15.0500
1625196608849000,1,66.51000000,15.0300
1625196621385000,1,66.46000000,15.0400
1625196621578000,1,0.00937106,15.0400
1625196628677000,1,66.52000000,15.0300
1625196648283000,1,43.44070000,15.0400
1625196675264000,1,166.15711817,15.0400
1625196675264000,1,27.87288183,15.0400
1625196676067000,1,6.25000000,15.0300
1625196678421000,1,66.49000000,15.0200
1625196685389000,1,100.00000000,15.0000
1625196685389000,1,10.00000000,15.0000
1625196685389000,1,1.33367120,15.0000
1625196685950000,1,4.00000000,14.9900
1625196690451000,1,6.25000000,14.9900
1625196690579000,1,60.45141168,14.9900
1625196695184000,1,66.69785247,14.9900
1625196695184000,1,166.70214753,14.9900
1625196695239000,1,0.00897544,14.9900
1625196699423000,0,66.70841000,15.0000
1625196718509000,1,66.61432000,15.0000
1625196719004000,1,0.00000020,15.0000
1625196740765000,0,66.58138000,15.0300
1625196758837000,1,66.57257000,15.0200
1625196799849000,0,66.58582000,15.0200
1625196814897000,1,66.52745000,15.0300
1625196825783000,1,27.30000000,15.0300
1625196834760000,1,66.56642813,15.0200
1625196834760000,1,166.39357187,15.0200
1625196834947000,1,0.00020900,15.0200
1625196835990000,1,66.60722000,15.0100
1625196848271000,1,28.00000000,15.0000
1625196848271000,1,66.60722000,15.0000
1625196988186000,1,66.60988000,15.0100
1625197150577000,1,66.52000000,15.0300
1625197150613000,1,0.00657064,15.0300
1625197186483000,1,66.52037000,15.0300
1625197217569000,1,66.56111000,15.0200
1625197244899000,1,66.61696393,15.0100
1625197244900000,1,0.00000001,15.0100
1625197250206000,0,66.62842000,15.0100
1625197268366000,1,66.61430000,15.0100
1625197268413000,1,0.00000128,15.0100
1625197268413000,1,66.60999872,15.0100
1625197309120000,1,66.70052184,14.9800
1625197336111000,1,115.87000000,15.0000
1625197339605000,1,140.81000000,14.9900
1625197376423000,1,140.81000000,14.9900
1625197376431000,1,0.00189966,14.9900
1625197380851000,1,66.75000000,14.9600
1625197380934000,1,0.00395422,14.9600
1625197482898000,0,66.81091000,14.9700
1625197483003000,0,0.00000358,14.9700
1625197488152000,0,6.25000000,15.0000
1625197496040000,1,166.59114535,15.0000
1625197496040000,1,66.61432020,15.0000
1625197521566000,0,66.62665248,15.0200
1625197521869000,0,432.78103589,15.0300
1625197521869000,0,166.46689411,15.0300
1625197531756000,1,66.57706486,15.0100
1625197539661000,1,66.65870667,15.0000
1625197539661000,1,166.59558588,15.0000
1625197555087000,1,66.79049428,14.9600
1625197605519000,1,166.94490818,14.9700
1625197605519000,1,66.74325182,14.9700
1625197609777000,1,66.81907915,14.9600
1625197627828000,0,66.85289707,14.9600
1625197663440000,1,66.80000000,14.9600
1625197676779000,1,66.78335000,14.9700
1625197695985000,1,66.79584801,14.9600
1625197695985000,1,167.04082199,14.9600
1625197696036000,1,0.00001615,14.9600
1625197770775000,1,166.93449256,14.9700
1625197770775000,1,66.74949825,14.9700
1625197802412000,1,59.29694355,14.9400
1625197802443000,1,6.25000000,14.9400
1625197802527000,1,60.63522604,14.9400
1625197804180000,1,2.43624635,14.9100
1625197804180000,1,1.13989273,14.9100
1625197819667000,0,66.99624000,14.9300
1625197827255000,1,10.53377925,14.9000
1625197831065000,0,67.11852000,14.9000
1625197831935000,0,0.00000108,14.9000
1625197832248000,0,28.10000000,14.9100
1625197832507000,0,67.06630698,14.9200
1625197832507000,0,167.65920919,14.9200
1625197832507000,0,435.86522190,14.9200
1625197852039000,0,63.67280000,14.9400
1625197852668000,0,0.00000489,14.9400
1625197898962000,1,28.11000000,14.9400
1625197912538000,1,167.38979056,14.9300
1625197912538000,1,66.95417016,14.9300
1625197915259000,1,66.99729816,14.9200
1625197915417000,1,435.49750653,14.9100
1625197915417000,1,167.49416347,14.9100
1625197915519000,1,0.00000876,14.9100
1625197923343000,0,28.00000000,14.9100
1625197927785000,0,67.06720000,14.9200
1625197935214000,0,67.04562000,14.9200
1625197940743000,1,67.03496113,14.9000
1625197952999000,0,27.50000000,14.9000
1625197952999000,0,67.15460000,14.9000
1625198014548000,1,67.15110000,14.8900
1625198048364000,1,27.60000000,14.8800
1625198048752000,1,83.40000000,14.8800
1625198055391000,1,27.80000000,14.8600
1625198061831000,1,60.00000000,14.8400
1625198061986000,1,2.56640944,14.8300
1625198066764000,0,67.40170000,14.8400
1625198067853000,0,8.85700000,14.8500
1625198070888000,0,438.04821225,14.8500
1625198070888000,0,67.38084532,14.8500
1625198070911000,0,280.11186769,14.8600
1625198071100000,0,157.69444131,14.8600
1625198071100000,0,168.38645365,14.8600
1625198071354000,1,67.34635853,14.8700
1625198092836000,1,67.19893000,14.8800
1625198100418000,1,67.18358000,14.8800
1625198100455000,1,0.00000543,14.8800
1625198111839000,0,27.60000000,14.8900
1625198111839000,0,67.18074000,14.8900
1625198124104000,0,8.85700000,14.8900
1625198182579000,1,67.10423722,14.9000
1625198205135000,1,28.30000000,14.8800
1625198286966000,1,28.20000000,14.8800
1625198286966000,1,67.19893142,14.8800
1625198333368000,0,67.17986000,14.8900
1625198351239000,0,67.12122000,14.9000
1625198358122000,1,28.10000000,14.8900
1625198400725000,1,67.05385659,14.9100
1625198400730000,1,0.00000001,14.9100
1625198401795000,1,167.55807563,14.9000
1625198401795000,1,32.44192437,14.9000
1625198401867000,1,34.65150000,14.9000
1625198406910000,1,27.50000000,14.8900
1625198434994000,1,27.50000000,14.9100
1625198454343000,1,67.05746000,14.9100
1625198477327000,1,66.97479000,14.9300
1625198480249000,1,27.80000000,14.9200
1625198480249000,1,66.99274599,14.9200
1625198508218000,1,27.50000000,14.9100
1625198508218000,1,67.01881000,14.9100
1625198529332000,1,27.70000000,14.8900
1625198531117000,0,67.16542936,14.8900
1625198541618000,0,67.16540000,14.8900
1625198595620000,1,67.01609000,14.9200
1625198605951000,1,67.01786000,14.9200
1625198617095000,0,6.25000000,14.9300
1625198617381000,0,60.73726456,14.9300
1625198657010000,1,66.87449000,14.9500
1625198684999000,0,66.80647000,14.9700
1625198705121000,1,39.02559673,14.9600
1625198705154000,1,27.78721043,14.9600
1625198717163000,0,6.26400000,14.9800
1625198744256000,0,28.10000000,14.9800
1625198744256000,0,25.17636849,14.9800
1625198758751000,1,19.89844579,14.9700
1625198758778000,1,37.97000000,14.9700
1625198816332000,1,66.88701000,14.9400
1625198824253000,0,27.40000000,14.9500
1625198840960000,1,66.78792000,14.9700
1625198841006000,1,0.00000416,14.9700
1625198869518000,0,27.50000000,14.9800
1625198882772000,1,66.73816000,14.9800
1625198885823000,1,28.43000000,14.9700
1625198885873000,1,38.33668604,14.9700
1625198893322000,1,66.76668604,14.9600
1625198893322000,1,167.03189396,14.9600
1625198942763000,0,27.40000000,14.9700
1625199001693000,1,66.74966000,14.9700
1625199020301000,0,141.17063000,14.9700
1625199021121000,0,0.00000639,14.9700
1625199021935000,0,27.80000000,14.9800
1625199073680000,0,166.74670509,15.0000
1625199073680000,0,48.25329491,15.0000
1625199073755000,0,18.46136000,15.0000
1625199138243000,1,66.56583000,15.0200
1625199145633000,1,66.56583000,15.0100
1625199145637000,1,0.00000403,15.0100
1625199183418000,0,27.60000000,15.0100
1625199214514000,0,27.30000000,15.0200
1625199225716000,1,66.56138000,15.0200
1625199225725000,1,0.00000401,15.0200
1625199226754000,1,66.61014691,15.0100
1625199250361000,1,27.92000000,15.0100
1625199250600000,1,38.68000000,15.0100
1625199250639000,1,0.00754077,15.0100
1625199265071000,1,150.00000000,15.0100
1625199301769000,0,28.00000000,15.0100
1625199479136000,0,27.30000000,15.0300
1625199482536000,0,27.30000000,15.0500
1625199489966000,1,110.00000000,15.0800
1625199489966000,1,66.27963000,15.0800
1625199495331000,1,66.27963000,15.0700
1625199499057000,0,66.36208000,15.0700
1625199512171000,0,27.90000000,15.0800
1625199541656000,0,27.20000000,15.0800
1625199544892000,1,66.30776000,15.0800
1625199545066000,1,0.00000517,15.0800
1625199549424000,1,49.38000000,15.0700
1625199549439000,1,16.92776517,15.0700
1625199551291000,1,6.25000000,15.0600
1625199551360000,1,60.12474370,15.0600
1625199551360000,1,110.00000000,15.0600
1625199563792000,0,27.90000000,15.0700
1625199573598000,1,66.34000000,15.0600
1625199573605000,1,0.00822595,15.0600
1625199585465000,1,66.38520000,15.0600
1625199672442000,0,27.60000000,15.0600
1625199720317000,0,140.22137968,15.0700
1625199720317000,0,66.38338334,15.0700
1625199720317000,0,27.60000000,15.0700
1625199720317000,0,110.00000000,15.0800
1625199720317000,0,81.25055614,15.0800
1625199720317000,0,94.54468084,15.0800
1625199738355000,0,27.60000000,15.0700
1625199862112000,1,1.70228636,15.0700
1625199965679000,1,26.68710000,15.0500
1625199965692000,1,39.75283484,15.0500
1625200048409000,0,16.00000000,15.0200
1625200052781000,1,66.55487000,15.0100
1625200081370000,0,66.71642071,14.9900
1625200081370000,0,28.09999929,14.9900
1625200082057000,0,66.67729000,15.0000
1625200094244000,1,66.62672000,15.0000
1625200094386000,1,0.00000882,15.0000
1625200094386000,1,36.76999118,15.0000
1625200094411000,1,35.69443976,15.0000
1625200094412000,1,94.14447797,15.0000
1625200131568000,1,66.75000000,14.9700
1625200139360000,0,66.80111674,14.9800
1625200145877000,1,66.69963000,14.9900
1625200165166000,0,28.10000000,14.9800
1625200177218000,1,66.79000000,14.9700
1625200189128000,1,66.83000000,14.9600
1625200208395000,0,66.89048158,14.9600
1625200213869000,0,27.80000000,14.9800
1625200226468000,0,28.00000000,14.9800
1625200255243000,1,66.74324000,14.9700
1625200282264000,1,66.83000000,14.9600
1625200318304000,1,66.83069008,14.9600
1625200318304000,1,2.55448600,14.9500
1625200318304000,1,167.02075066,14.9500
1625200318304000,1,110.00000000,14.9500
1625200318304000,1,16.00000000,14.9500
1625200318304000,1,43.59407326,14.9500
1625200325553000,1,66.83060000,14.9500
1625200346122000,1,43.16940000,14.9400
1625200346981000,1,66.89000000,14.9400
1625200347075000,1,0.00146725,14.9400
1625200362030000,1,66.92000000,14.9400
1625200362067000,1,0.00549140,14.9400
1625200369650000,1,6.25000000,14.9200
1625200369764000,1,60.75713542,14.9200
1625200369764000,1,167.41445122,14.9100
1625200385873000,0,28.00000000,14.9200
1625200385873000,0,324.00000000,14.9200
1625200399469000,1,67.06000000,14.9100
1625200399523000,1,0.00013588,14.9100
1625200448187000,1,167.73570221,14.8900
1625200448187000,1,67.10429779,14.8900
1625200448642000,1,0.00451992,14.8900
1625200453424000,0,27.80000000,14.8900
1625200481971000,0,67.12843000,14.9000
1625200497371000,0,67.09600503,14.9100
1625200497371000,0,167.74020397,14.9100
1625200510625000,0,28.10000000,14.9200
1625200513378000,0,6.25000000,14.9300
1625200541227000,0,28.00000000,14.9300
1625200596936000,0,79.14337098,14.9500
1625200597103000,0,66.93525373,14.9500
1625200597103000,0,167.33377063,14.9500
1625200607378000,0,28.10000000,14.9700
1625200609951000,1,66.78964000,14.9700
1625200610017000,1,0.00000469,14.9700
1625200624457000,1,66.77439000,14.9700
1625200630578000,0,27.90000000,14.9800
1625200636650000,1,66.73000000,14.9700
1625200636658000,1,0.00789491,14.9700
1625200654607000,0,28.00000000,14.9800
1625200663238000,0,27.90000000,14.9900
1625200680490000,1,65.78000000,15.0000
1625200680493000,1,0.88139243,15.0000
1625200692262000,1,66.69878000,14.9900
1625200700731000,1,66.69963000,14.9900
1625200706103000,1,66.71000000,14.9800
1625200724272000,0,27.40000000,14.9900
1625200749531000,0,27.70000000,15.0000
1625200763681000,0,27.70000000,15.0200
1625200768994000,1,66.56199000,15.0200
1625200771199000,1,66.57000000,15.0100
1625200794586000,0,27.80000000,15.0200
1625200799328000,1,66.55933000,15.0100
1625200799478000,1,0.00000886,15.0100
1625200804811000,1,66.63000000,15.0000
1625200818287000,1,66.71000000,14.9800
1625200818446000,1,0.00207135,14.9800
1625200846824000,0,27.90000000,14.9800
1625200894613000,1,66.57527345,15.0100
1625200894613000,1,166.43472655,15.0100
1625200898763000,0,6.25000000,15.0200
1625200898888000,0,210.00000000,15.0200
1625200898893000,0,26.38056634,15.0200
1625200898958000,0,141.61943366,15.0200
1625200916855000,1,66.48000000,15.0300
1625200937007000,1,66.56000000,15.0100
1625200937122000,1,0.00376948,15.0100
1625200949501000,1,166.74670509,14.9800
1625200949501000,1,66.70329491,14.9800
1625200949501000,1,0.00976789,14.9800
1625200980198000,0,27.60000000,14.9700
1625200988834000,1,66.73880000,14.9800
1625200991281000,0,27.80000000,14.9900
1625201003849000,1,66.74000000,14.9800
1625201003929000,1,0.00947749,14.9800
1625201020708000,1,66.65430000,15.0000
1625201034059000,1,66.66000000,14.9900
1625201034065000,1,0.00062096,14.9900
1625201054976000,1,66.58000000,15.0100
1625201107892000,1,66.65526891,14.9900
1625201206382000,0,27.60000000,14.9700
1625201229114000,0,27.40000000,15.0100
1625201274183000,1,66.56995000,15.0200
1625201278023000,0,66.54126000,15.0300
1625201330505000,1,66.56465000,15.0200
1625201381904000,1,66.47348000,15.0400
1625201462247000,1,66.47895000,15.0400
1625201518811000,0,215.54440000,15.0500
1625201519205000,0,25.59237143,15.0500
1625201519205000,0,234.40762857,15.0500
1625201519270000,0,161.59237000,15.0500
1625201531205000,1,166.04455307,15.0400
1625201531205000,1,66.44610693,15.0400
1625201584940000,1,66.43550000,15.0500
1625201584944000,1,0.00000421,15.0500
1625201588782000,1,66.43550000,15.0400
1625201597458000,1,66.48587674,15.0300
1625201615540000,1,66.59923000,15.0100
1625201638612000,0,27.40000000,15.0200
1625201638612000,0,139.45439000,15.0200
1625201703593000,1,66.69245000,14.9900
1625201704322000,1,0.00000442,14.9900
1625201726426000,0,140.00000000,15.0200
1625201726502000,0,336.00000000,15.0200
1625201839553000,1,66.46641512,15.0400
1625201839553000,1,166.17257488,15.0400
1625201850071000,1,66.45961000,15.0400
1625201870041000,1,66.43755000,15.0500
1625201904660000,1,66.43905000,15.0500
1625201959934000,1,66.43638000,15.0500
1625201987314000,1,140.30542716,15.0400
1625201987314000,1,66.46024747,15.0400
1625201987314000,1,110.00000000,15.0400
1625201987314000,1,166.17476537,15.0400
1625201987341000,1,0.00002392,15.0400
1625201987341000,1,140.37741925,15.0300
1625201987341000,1,138.50590472,15.0300
1625201987400000,1,140.24926318,15.0400
1625201987630000,0,66.46731564,15.0300
1625201987634000,0,166.17478929,15.0300
1625202070591000,0,66.46634749,15.0500
1625202070591000,0,153.22022251,15.0500
1625202206971000,1,66.53011000,15.0200
1625202468446000,1,66.71630000,14.9800
1625202522106000,0,66.80645000,14.9700
1625202561154000,1,43.28370000,14.9900
1625202561309000,1,6.25000000,14.9900
1625202561343000,1,17.14903006,14.9900
1625202585201000,0,66.81542000,14.9700
1625202658652000,0,66.67905000,15.0000
1625202692877000,1,66.56111000,15.0200
1625202703437000,1,66.57084136,15.0200
1625202703437000,1,118.48982864,15.0200
1625202724417000,1,66.56820068,15.0200
1625202738723000,1,66.60893000,15.0100
1625202868589000,1,6.25000000,14.9800
1625202868740000,1,60.48076917,14.9800
1625202872808000,0,66.76541000,14.9800
1625202890110000,1,66.68806000,14.9900
1625202890822000,1,0.00000659,14.9900
1625202903038000,0,66.77524558,14.9800
1625202903038000,0,27.39999442,14.9800
1625203085989000,0,290.00000000,14.9900
1625203086001000,0,9.65254709,14.9900
1625203086056000,0,165.00000000,14.9900
1625203119837000,1,66.52743000,15.0300
1625203302017000,0,166.34727989,15.0400
1625203302017000,0,27.30000000,15.0400
1625203302017000,0,31.80469011,15.0400
1625203302085000,0,34.73238000,15.0400
1625203348453000,0,66.54417000,15.0300
1625203438443000,1,27.30000000,15.0500
1625203438443000,1,66.43991829,15.0500
1625203465579000,1,27.70000000,15.0400
1625203465579000,1,66.46024000,15.0400
1625203516676000,1,6.69972420,15.0300
1625203606722000,1,27.60000000,15.0300
1625203690731000,0,66.63197000,15.0100
1625203743620000,1,27.80000000,15.0100
1625203914273000,1,27.30000000,15.0000
1625203969541000,0,66.81450000,14.9700
1625203969566000,0,0.00000624,14.9700
1625203973709000,1,27.90000000,14.9600
1625203973709000,1,66.79495566,14.9600
1625203973709000,1,166.99173434,14.9600
1625204005380000,0,582.00000000,14.9800
1625204040273000,0,15.99630242,14.9700
1625204045421000,0,50.81731102,14.9700
1625204081128000,1,27.40000000,14.9700
1625204163280000,1,66.76997000,14.9600
1625204323674000,0,66.99444482,14.9300
1625204323674000,0,73.00555518,14.9300
1625204327134000,0,145.00000000,14.9400
1625204327217000,0,197.00000000,14.9400
1625204341451000,1,66.96941000,14.9300
1625204396551000,1,67.07005000,14.9000
1625204426879000,0,67.08707000,14.9100
1625204426955000,0,0.00000903,14.9100
1625204483162000,0,66.99085450,14.9300
1625204483162000,0,167.51092171,14.9300
1625204483201000,0,110.00000000,14.9400
1625204483201000,0,70.00000000,14.9400
1625204483201000,0,6.27013523,14.9400
1625204483722000,1,6.25000000,14.9300
1625204528095000,0,67.12210000,14.9000
1625204617403000,0,67.07802000,14.9100
1625204680300000,0,15.83847184,14.9200
1625204780153000,1,28.30000000,14.8700
1625204788391000,1,28.00000000,14.8600
1625204792283000,1,67.28311000,14.8400
1625204792517000,1,136.82511934,14.8300
1625204792529000,1,31.48198053,14.8300
1625204792529000,1,70.00000000,14.8300
1625204792599000,1,67.28311929,14.8300
1625204793008000,1,110.00000000,14.8300
1625204793593000,1,6.25000000,14.8200
1625204793633000,1,569.75000000,14.8200
1625204802033000,0,28.30000000,14.8400
1625204802033000,0,168.51811907,14.8400
1625204802033000,0,67.41075093,14.8400
1625204806969000,1,67.12210000,14.8300
1625204820162000,0,67.50189005,14.8200
1625204820162000,0,168.74104995,14.8200
1625204824729000,1,67.45462000,14.8200
1625204830666000,1,67.50022000,14.8100
1625204833244000,1,14.31959459,14.8000
1625204833244000,1,60.81081081,14.8000
1625204833244000,1,104.86959460,14.8000
1625204833312000,1,63.89652256,14.8000
1625204833312000,1,67.50022314,14.8000
1625204833361000,1,438.83407339,14.7900
1625204833361000,1,28.00000000,14.7800
1625204833361000,1,2.40514821,14.7800
1625204833361000,1,194.53110107,14.7800
1625204833361000,1,84.64254193,14.7700
1625204849684000,0,67.70928000,14.7700
1625204866907000,1,67.63984000,14.7800
1625204893549000,1,67.65174155,14.7800
1625204893549000,1,82.38262845,14.7800
1625204893620000,1,86.68708000,14.7800
1625204905540000,1,67.65174000,14.7800
1625204906360000,1,67.69937459,14.7700
1625204914530000,0,67.69648000,14.7800
1625204914580000,0,0.00000920,14.7800
1625204950397000,0,67.60949000,14.8000
1625204969792000,1,67.55758000,14.7900
1625205016102000,0,67.51641000,14.8200
1625205016112000,0,0.00000131,14.8200
1625205018511000,0,67.45447000,14.8300
1625205045356000,0,67.45083000,14.8300
1625205074269000,0,67.42627653,14.8400
1625205074269000,0,142.57372347,14.8400
1625205074337000,0,25.98074000,14.8400
1625205074372000,0,0.00001334,14.8400
1625205089104000,1,27.90000000,14.8300
1625205101397000,1,168.57493493,14.8200
1625205101397000,1,67.42820507,14.8200
1625205181444000,1,142.38478000,14.8200
1625205181541000,1,0.00000701,14.8200
1625205181541000,1,67.46280299,14.8200
1625205285582000,1,67.36825000,14.8300
1625205316048000,1,28.40000000,14.8100
1625205316048000,1,67.51747000,14.8100
1625205343891000,0,67.62141000,14.8000
1625205422527000,1,2.52174491,14.8100
1625205422527000,1,110.00000000,14.8100
1625205422527000,1,142.41270067,14.8100
1625205422527000,1,123.35479771,14.8100
1625205450753000,1,110.00000000,14.8200
1625205450860000,1,32.38353000,14.8200
1625205451961000,1,0.00000340,14.8200
1625205512016000,1,67.42460847,14.8300
1625205512016000,1,168.47949153,14.8300
1625205538636000,0,67.42715000,14.8400
1625205549898000,0,67.43627962,14.8300
1625205549898000,0,3.21893923,14.8300
1625205615613000,0,67.48721954,14.8200
1625205615613000,0,168.80941046,14.8200
1625205702749000,0,3.21890000,14.8600
1625205703181000,0,64.10566689,14.8600
1625205778443000,0,280.76058000,14.9200
1625205778518000,0,157.23942000,14.9200
1625205834506000,1,66.96941000,14.9300
1625205860793000,1,66.96762000,14.9200
1625205922902000,1,27.70000000,14.8900
1625205939179000,1,67.15014000,14.8800
1625205974412000,1,67.25316000,14.8600
1625206016171000,1,168.30483371,14.8400
1625206016171000,1,67.33923629,14.8400
1625206070927000,0,67.38720201,14.8500
1625206070927000,0,87.61279799,14.8500
1625206071012000,0,80.85081000,14.8500
1625206110789000,0,67.36268000,14.8500
1625206131057000,1,28.10000000,14.8400
1625206133465000,0,67.40718000,14.8400
1625206133713000,0,0.00000796,14.8400
1625206140520000,1,67.39458688,14.8300
1625206140520000,1,142.30841312,14.8300
1625206151253000,0,67.39083493,14.8400
1625206160766000,0,48.85646134,14.8500
1625206160781000,0,18.51167421,14.8500
1625206204358000,1,142.07364530,14.8600
1625206204488000,0,67.28845470,14.8600
1625206218690000,1,142.17433000,14.8500
1625206278460000,1,0.00000753,14.8300
1625206278460000,1,32.09999247,14.8300
1625206293565000,1,142.39731000,14.8200
1625206316731000,0,67.48451000,14.8300
1625206350419000,0,67.48266000,14.8300
1625206365485000,1,0.00000420,14.8200
1625206365485000,1,112.59999580,14.8200
1625206429935000,1,28.30000000,14.8100
1625206513315000,0,67.71849000,14.7700
1625206522115000,1,67.69937000,14.7700
1625206571999000,1,67.60420000,14.7900
1625206738581000,0,67.76897000,14.7600
1625206790794000,0,3.37059620,14.7600
1625206800282000,0,8.06961128,14.7600
1625206848844000,0,67.80845000,14.7500
1625206848969000,0,0.00000651,14.7500
1625206848969000,0,6.24999349,14.7500
1625206848982000,0,3.56317088,14.7500
1625206849025000,0,14.31410841,14.7500
1625206849134000,0,145.42402666,14.7500
1625206908674000,0,4.65660532,14.7600
1625206908713000,0,14.29541550,14.7600
1625206908714000,0,6.25000000,14.7600
1625207040299000,0,4.88124633,14.8200
1625207122338000,1,67.56306000,14.8000
1625207148184000,0,67.66988650,14.7800
1625207149509000,0,2.20000000,14.7900
1625207162148000,1,6.25000000,14.7800
1625207162355000,1,61.39441934,14.7800
1625207162809000,1,5.09478470,14.7700
1625207164723000,1,230.00000000,14.7600
1625207164950000,1,222.00000000,14.7600
1625207208111000,0,67.87760000,14.7400
1625207212194000,0,67.84713000,14.7400
1625207269522000,0,67.83977000,14.7500
1625207277519000,1,67.79120059,14.7500
1625207277519000,1,143.15120941,14.7500
1625207284023000,0,67.82780000,14.7500
1625207306810000,0,67.76897000,14.7600
1625207321836000,1,67.68654000,14.7600
1625207333917000,0,2.20000000,14.7700
1625207333922000,0,65.54234719,14.7700
1625207499929000,1,142.67757000,14.8000
1625207562613000,0,67.45899000,14.8300
1625207563039000,0,0.00000440,14.8300
1625207623850000,1,19.53073364,14.8300
1625207819639000,0,67.61775000,14.7900
1625207862171000,0,67.73949000,14.7700
1625207862340000,0,0.00000052,14.7700
1625207870885000,1,143.03980668,14.7500
1625207870885000,1,67.76811332,14.7500
1625207933294000,1,143.15670000,14.7400
1625207989040000,0,67.90061000,14.7300
1625208003315000,1,67.93841207,14.7100
1625208031404000,0,67.93275000,14.7300
1625208031612000,0,0.00000058,14.7300
1625208080422000,0,68.03635000,14.7100
1625208130614000,1,3.17472775,14.7000
1625208130676000,1,4.82527225,14.7000
1625208142841000,0,68.05583684,14.7000
1625208142841000,0,170.14440316,14.7000
1625208170666000,0,67.98732000,14.7100
1625208214770000,0,67.79742357,14.7600
1625208218185000,0,67.73130125,14.7700
1625208362130000,1,6.25000000,14.8200
1625208362167000,1,136.20043221,14.8200
1625208469201000,0,67.42354893,14.8400
1625208469201000,0,127.90529204,14.8400
1625208502137000,1,28.40000000,14.8000
1625208516597000,1,28.30000000,14.7900
1625208530199000,1,67.72049867,14.7600
1625208530199000,1,169.32391133,14.7600
1625208542839000,0,169.40653503,14.7700
1625208542839000,0,67.74876497,14.7700
1625208849248000,0,31.75961407,14.8400
1625208849251000,0,35.66751149,14.8400
1625208849251000,0,105.85480233,14.8500
1625208850534000,0,213.00000000,14.8700
1625208862845000,0,67.20241000,14.8900
1625208878219000,0,167.93852107,14.9000
1625208878219000,0,67.16179427,14.9000
1625208960260000,0,20.93702709,14.8800
1625209018622000,1,67.19444706,14.8800
1625209018622000,1,32.80555294,14.8800
1625209085941000,0,67.21599000,14.8800
1625209188756000,0,67.29107000,14.8700
1625209220029000,1,340.00000000,14.8600
1625209220087000,1,210.00000000,14.8600
1625209220152000,1,265.00000000,14.8600
1625209220213000,1,938.89308000,14.8600
1625209220352000,1,240.00000000,14.8600
1625209220542000,1,187.17835413,14.8600
1625209220706000,1,6.25000000,14.8600
1625209220743000,1,52.82164000,14.8600
1625209220918000,1,11.86850000,14.8600
1625209228453000,1,14.51610403,14.8600
1625209229072000,1,30.78259003,14.8600
1625209229094000,1,244.25973181,14.8600
1625209264027000,0,1.98855989,14.8500
1625209298078000,1,67.16643000,14.8800
1625209332499000,0,195.32884097,14.9200
1625209332499000,0,67.04743903,14.9200
1625209335288000,0,1.98850000,14.9300
1625209338340000,0,66.97918000,14.9400
1625209364155000,0,6.25000000,14.9200
1625209364155000,0,60.78306506,14.9200
1625209364344000,0,133.47925033,14.9300
1625209387325000,1,66.95770000,14.9300
1625209441239000,0,66.86183000,14.9600
1625209448116000,1,66.77981000,14.9700
1625209452914000,1,66.77981000,14.9600
1625209504048000,1,167.10783134,14.9500
1625209504048000,1,66.83872866,14.9500
1625209537014000,1,66.90849000,14.9400
1625209561751000,0,66.92627000,14.9500
1625209703643000,1,66.92459000,14.9300
1625209755291000,1,66.96851877,14.9300
1625209755291000,1,141.51717219,14.9300
1625209755291000,1,167.38977904,14.9300
1625209988630000,0,67.07885000,14.9100
1625210146235000,1,66.88343000,14.9500
1625210385653000,1,66.83374000,14.9600
1625210427330000,1,66.83707000,14.9600
1625210439902000,1,66.83707000,14.9500
1625210616716000,0,23.88277906,14.9500
1625210616848000,0,43.02649000,14.9500
1625210750978000,1,66.87894000,14.9500
1625210972211000,0,6.31396125,14.9700
1625211074066000,0,66.95681286,14.9400
1625211074066000,0,142.44197714,14.9400
1625211074142000,0,24.95677000,14.9400
1625211310830000,1,66.87806000,14.9500
1625211338935000,0,66.94508000,14.9400
1625211514306000,0,141.58459147,14.9500
1625211514306000,0,110.00000000,14.9500
1625211514306000,0,167.34945243,14.9500
1625211514306000,0,28.10000000,14.9500
1625211514306000,0,66.92898202,14.9500
1625211514306000,0,2.51823649,14.9600
1625211514306000,0,188.42674826,14.9600
1625211514306000,0,424.99990013,14.9600
1625211514306000,0,3031.21000000,14.9600
1625211514306000,0,228.93219817,14.9600
1625211596515000,0,67.02857000,14.9200
1625211749764000,0,1.66465863,14.9400
1625211836078000,0,27.94764000,14.9700
1625211836228000,0,110.00000000,14.9700
1625211836230000,0,142.11026848,14.9700
1625211914791000,0,6.25000000,15.0000
1625211914828000,0,54.56081081,15.0000
1625211919709000,1,66.59568000,15.0100
1625211919783000,1,0.00000732,15.0100
1625211919783000,1,166.49572268,15.0100
1625211924144000,0,62.79864082,15.0100
1625211930940000,0,3.75996000,15.0300
1625211942537000,0,0.00000500,15.0300
1625211945009000,0,2.46747699,15.0400
1625211945016000,0,0.00000001,15.0400
1625211952853000,0,66.32966000,15.0800
1625211963835000,0,66.33408141,15.0800
1625211963835000,0,27.70000000,15.0900
1625211963835000,0,98.67521884,15.0900
1625211979555000,0,66.41420000,15.0600
1625211979906000,0,0.00004375,15.0600
1625212033860000,0,32.26100000,15.0200
1625212034309000,0,34.32304686,15.0200
1625212064298000,1,66.57080000,15.0200
1625212064299000,1,0.00000471,15.0200
1625212066961000,1,66.57080000,15.0100
1625212086876000,0,215.00000000,15.0200
1625212086948000,0,66.61683127,15.0200
1625212086948000,0,166.51125616,15.0200
1625212141411000,1,66.63029000,15.0000
1625212185450000,1,66.61165000,15.0100
1625212185728000,1,0.00000772,15.0100
1625212237122000,0,66.62840000,15.0100
1625212322834000,1,66.51506000,15.0300
1625212469276000,1,66.38964000,15.0600
1625212503787000,0,27.20000000,15.0700
1625212516211000,0,27.40000000,15.0600
1625212775873000,1,66.43373000,15.0500
1625212776033000,1,0.00000874,15.0500
1625212793198000,0,75.00000000,15.0400
1625212799182000,1,66.41785000,15.0500
1625212799203000,1,0.00000373,15.0500
1625212843384000,1,6.25000000,15.0400
1625212843722000,1,60.22525210,15.0400
1625212888459000,1,66.52485342,15.0300
1625212898594000,1,66.54427919,15.0200
1625212899406000,1,110.00000000,15.0100
1625212899406000,1,66.56642813,15.0100
1625212899406000,1,66.54426187,15.0100
1625212900885000,1,66.56642813,15.0000
1625212900885000,1,66.54427919,15.0000
1625212903410000,0,6.25000000,15.0100
1625213085475000,1,66.59921000,15.0100
1625213117519000,1,66.57000000,15.0100
1625213159674000,1,66.59657436,15.0100
1625213169944000,0,5.00000000,15.0300
1625213184496000,1,66.48240000,15.0400
1625213184716000,1,0.00000900,15.0400
1625213185778000,1,166.17478929,15.0300
1625213185778000,1,66.48239071,15.0300
1625213185890000,1,0.00001829,15.0300
1625213213305000,0,37.16654000,15.0200
1625213213388000,0,29.41662000,15.0200
1625213301267000,1,43.43000000,15.0100
1625213301363000,1,23.16385738,15.0100
1625213340050000,1,66.54693628,15.0100
1625213343867000,0,140.94156000,15.0100
1625213386582000,0,0.00000499,15.0100
1625213421557000,0,27.80000000,15.0300
1625213421557000,0,140.79524000,15.0300
1625213496942000,0,0.00000466,15.0300
1625213496942000,0,66.51143819,15.0400
1625213498377000,0,310.00000000,15.0500
1625213498523000,0,192.00000000,15.0500
1625213517310000,1,66.29194013,15.0800
1625213517310000,1,165.73632987,15.0800
1625213521804000,0,27.20000000,15.0900
1625213568214000,0,6.25000000,15.0700
1625213568342000,0,27.34445156,15.0700
1625213568478000,0,14.01538373,15.0700
1625213577009000,0,6.64421000,15.0900
1625213586342000,0,0.00000993,15.0900
1625213606734000,1,66.27085184,15.0800
1625213675925000,1,66.18575000,15.1000
1625213721118000,0,459.20942000,15.1100
1625213721226000,0,84.79058000,15.1100
1625213818264000,0,27.20000000,15.1300
1625213818264000,0,66.10081948,15.1300
1625213818264000,0,139.84533138,15.1300
1625213818264000,0,110.00000000,15.1300
1625213818264000,0,2.50752410,15.1400
1625213818264000,0,139.84791230,15.1400
1625213818264000,0,187.63762175,15.1400
1625213818264000,0,429.60911443,15.1400
1625213818264000,0,37.25167656,15.1400
1625213844746000,1,66.13146000,15.1200
1625213862258000,1,66.10787000,15.1200
1625213863762000,0,110.00000000,15.1300
1625213930994000,0,66.12703277,15.1300
1625213930994000,0,165.30237110,15.1300
1625214017802000,0,27.60000000,15.1300
1625214017802000,0,145.00000000,15.1300
1625214017802000,0,66.09994565,15.1300
1625214169307000,1,66.13148000,15.1200
1625214237009000,1,66.11486000,15.1200
1625214330949000,1,66.15159000,15.1100
1625214480980000,1,7.26395839,15.1000
1625214595186000,0,126.25624000,15.0800
1625214605374000,0,0.00000618,15.0800
1625214853374000,0,4.99856324,15.0200
1625214853580000,0,14.02506615,15.0200
1625215042407000,1,170.00000000,15.0300
1625215042407000,1,22.70930025,15.0300
1625215104888000,0,66.58410238,15.0200
1625215104888000,0,110.00000000,15.0200
1625215104888000,0,89.13617979,15.0300
1625215164703000,0,2.07266666,15.0000
1625215300670000,0,127.00539588,14.9900
1625215300670000,0,27.50000000,14.9900
1625215300670000,0,110.00000000,14.9900
1625215300670000,0,126.91516231,15.0000
1625215300670000,0,110.00000000,15.0000
1625215300670000,0,2.59050757,15.0000
1625215300670000,0,139.98893424,15.0000
1625215493129000,1,66.70408000,14.9900
1625215512866000,0,1290.00000000,15.0000
1625215698311000,0,126.43110000,15.0600
1625215718013000,0,0.00004737,15.0600
1625215718013000,0,126.43114737,15.0600
1625215805122000,0,25.00000000,15.0500
1625215805122000,0,41.48312170,15.0500
1625215808952000,0,35.65470000,15.0600
1625215853167000,1,66.35088272,15.0700
1625215853774000,1,27.70000000,15.0600
1625215854142000,1,66.35088000,15.0600
1625215854273000,1,0.00000272,15.0600
1625215979115000,1,66.43375000,15.0500
1625215979304000,1,0.00000521,15.0500
1625216045211000,1,66.59478165,15.0000
1625216464449000,1,27.60000000,14.9600
1625216582375000,1,66.65692000,15.0000
1625216582748000,1,0.00000932,15.0000
1625216609291000,1,66.75036000,14.9800
1625216640618000,0,66.89853615,14.9500
1625216688405000,1,66.87538000,14.9500
1625216700346000,1,66.95778000,14.9200
1625216778799000,1,67.01162586,14.9100
1625216803380000,1,67.01162000,14.9000
1625216887966000,0,27.90000000,14.9100
1625217100115000,0,7.59725017,14.9200
1625217176449000,1,67.05111000,14.9100
1625217300896000,1,67.09160000,14.9000
1625217333894000,1,154.73000000,14.8800
1625217333915000,1,13.08451797,14.8800
1625217333915000,1,8.45548203,14.8800
1625217333952000,1,58.71095552,14.8800
1625217335482000,1,404.00000000,14.8700
1625217348981000,1,67.23960000,14.8700
1625217349168000,1,0.00000262,14.8700
1625217350091000,1,6.25000000,14.8500
1625217350281000,1,60.98960262,14.8500
1625217350281000,1,168.12826169,14.8500
1625217354405000,1,67.23960262,14.8300
1625217354405000,1,168.12826169,14.8300
1625217354405000,1,437.91418569,14.8300
1625217354516000,0,67.35648354,14.8400
1625217404218000,0,67.46135000,14.8300
1625217436039000,1,67.41000000,14.8300
1625217436406000,1,0.00915341,14.8300
1625217448410000,1,67.46272684,14.8200
1625217448410000,1,168.62723937,14.8200
1625217449155000,1,67.55670000,14.8000
1625217464928000,0,67.61916000,14.7900
1625217519679000,0,67.60675478,14.8000
1625217521915000,1,6.25000000,14.8000
1625217526647000,1,67.55211256,14.7900
1625217526647000,1,168.95788744,14.7900
1625217531314000,0,169.31933000,14.7700
1625217570689000,1,67.70032000,14.7700
1625217581870000,0,63.20500676,14.7800
1625217585458000,0,67.68824000,14.7800
1625217606733000,0,67.76159000,14.7600
1625217621961000,1,67.69299000,14.7700
1625217735346000,1,67.76455000,14.7500
1625217860254000,1,6.25000000,14.7400
1625217860264000,1,61.55587501,14.7400
1625217891742000,0,67.95132000,14.7200
1625217911617000,0,68.00122000,14.7100
1625217934740000,0,67.88858943,14.7400
1625218029566000,1,67.78391000,14.7500
1625218029735000,1,0.00000827,14.7500
1625218328115000,0,67.93286000,14.7300
1625218497593000,1,67.88139000,14.7300
1625218504983000,0,67.91252000,14.7300
1625218693586000,0,115.02722000,14.7100
1625218776406000,0,114.77863000,14.7500
1625218803433000,1,19.92367012,14.7500
1625218889130000,1,67.50380624,14.8000
1625218889130000,1,168.81853376,14.8000
1625218889386000,0,2.26873733,14.8100
1625219005764000,1,192.14430000,14.7300
1625219006136000,1,0.00000003,14.7300
1625219038002000,1,28.00000000,14.7100
1625219075265000,1,67.92843000,14.7200
1625219075297000,1,0.00000347,14.7200
1625219230453000,0,67.71122517,14.7700
1625219230453000,0,29.53725147,14.7700
1625219328141000,1,67.73334000,14.7600
1625219445399000,0,67.79929000,14.7600
1625219704709000,0,110.00000000,14.7300
1625219822630000,1,67.82890000,14.7400
1625219961754000,1,17.92300000,14.7400
1625220000347000,1,37.56218207,14.7400
1625220004005000,1,30.27589000,14.7400
1625220021239000,1,67.86201000,14.7200
1625220021296000,1,0.00000408,14.7200
1625220036741000,1,67.87771000,14.7300
1625220078040000,1,67.92751000,14.7200
1625220118644000,1,61.22448979,14.7000
1625220118644000,1,0.00000001,14.7000
1625220118768000,0,110.00000000,14.7000
1625220119130000,1,68.00415667,14.7000
1625220129044000,0,68.08456412,14.6900
1625220157411000,1,1.36275986,14.6800
1625220167401000,0,68.12816466,14.6800
1625220167401000,0,129.73938336,14.6800
1625220261664000,1,28.00000000,14.6900
1625220268466000,1,68.10512000,14.6800
1625220328808000,1,28.10000000,14.6700
1625220356474000,1,28.50000000,14.6600
1625220412104000,1,13.47372814,14.6600
1625220412158000,1,15.12627186,14.6600
1625220440156000,0,48.00215932,14.6600
1625220441718000,0,81.90533000,14.6600
1625220529610000,1,28.60000000,14.6600
1625220536836000,1,28.20000000,14.6500
1625220549739000,0,68.26302000,14.6600
1625220549772000,0,0.00000955,14.6600
1625220586869000,1,19.48308093,14.6500
1625220653100000,1,68.15061000,14.6700
1625220653101000,1,0.00000148,14.6700
1625220663015000,0,68.20995006,14.6700
1625220712520000,1,68.30041000,14.6400
1625220724204000,1,13.69571922,14.6400
1625220724258000,1,110.96698553,14.6400
1625220781999000,0,130.10767472,14.6400
1625220806107000,0,6.25000000,14.6500
1625220853147000,0,68.27040000,14.6500
1625220892285000,0,28.50000000,14.6700
1625220892285000,0,68.17549846,14.6700
1625220991797000,1,68.33516522,14.6300
1625220991797000,1,170.83737648,14.6300
1625221028410000,1,68.36305246,14.6200
1625221028410000,1,170.83503754,14.6200
1625221103074000,0,10.00000000,14.6400
1625221106456000,0,68.35724262,14.6300
1625221106456000,0,115.70710756,14.6300
1625221106456000,0,170.92846982,14.6300
1625221142889000,1,68.20364000,14.6600
1625221142921000,1,0.00000245,14.6600
1625221143260000,1,218.93000000,14.6500
1625221154329000,0,28.10000000,14.6600
1625221195695000,0,170.21392486,14.7000
1625221195695000,0,68.07251424,14.7000
1625221195695000,0,129.57654423,14.7000
1625221196194000,0,16.38150000,14.7100
1625221196226000,0,51.61048244,14.7100
1625221233211000,1,28.10000000,14.7000
1625221235725000,1,28.00000000,14.6900
1625221250005000,1,28.20000000,14.6800
1625221250005000,1,68.06803000,14.6800
1625221273327000,1,28.00000000,14.7000
1625221319029000,1,336.00000000,14.7100
1625221354616000,1,68.21569836,14.6500
1625221354616000,1,89.58430164,14.6500
1625221369036000,1,170.72610330,14.6300
1625221369036000,1,19.13153066,14.6300
1625221369121000,1,49.19874233,14.6300
1625221400328000,0,28.90000000,14.6300
1625221400328000,0,68.39749383,14.6300
1625221404624000,0,6.25000000,14.6400
1625221404645000,0,57.54225931,14.6400
1625221404710000,0,4.55003448,14.6400
1625221476611000,1,28.00000000,14.6600
1625221504632000,1,28.10000000,14.6600
1625221504632000,1,170.46926780,14.6600
1625221504632000,1,68.17027220,14.6600
1625221531931000,1,28.20000000,14.6500
1625221573029000,0,170.59489853,14.6600
1625221573029000,0,129.92657679,14.6600
1625221573029000,0,68.26023384,14.6600
1625221592494000,0,68.17739000,14.6700
1625221609112000,1,28.00000000,14.6700
1625221650200000,1,28.20000000,14.6800
1625221673126000,0,68.12081000,14.6900
1625221674610000,0,68.05116000,14.7000
1625221680343000,1,68.00970000,14.7000
1625221687090000,1,27.90000000,14.6900
1625221822809000,0,26.90987699,14.7300
1625221822817000,0,40.98516529,14.7300
1625221845113000,0,27.90000000,14.7600
1625221845113000,0,161.44278327,14.7600
1625221845149000,0,279.40964234,14.7600
1625221845149000,0,169.49382365,14.7600
1625221845149000,0,67.79929747,14.7600
1625221845149000,0,110.00000000,14.7600
1625221845149000,0,129.04755552,14.7600
1625221846900000,0,556.00000000,14.7700
1625221846900000,0,67.74969024,14.7700
1625221846900000,0,169.36980882,14.7700
1625221868812000,0,65.59935941,14.7900
1625221869125000,0,44.40070000,14.8000
1625221869288000,0,65.59930000,14.8000
1625221877538000,0,57.61658852,14.8100
1625221877538000,0,139.03973073,14.8100
1625221885885000,1,67.51106000,14.8100
1625221907894000,0,56.25330000,14.8000
1625221907957000,0,0.00000650,14.8000
1625221958651000,0,54.09183716,14.8100
1625221958651000,0,135.22622284,14.8100
1625222028349000,0,49.30266000,14.8000
1625222029472000,0,49.26471000,14.8100
1625222036576000,1,67.51471000,14.8100
1625222044265000,1,28.20000000,14.8000
1625222046852000,1,368.00000000,14.7900
1625222046852000,1,28.30000000,14.7900
1625222050837000,1,27.90000000,14.7800
1625222092364000,1,28.20000000,14.7800
1625222110846000,1,28.10000000,14.7600
1625222114131000,1,28.00000000,14.7500
1625222116056000,1,28.10000000,14.7400
1625222180453000,1,27.80000000,14.7400
1625222187464000,1,28.10000000,14.7200
1625222196764000,1,28.00000000,14.7100
1625222209885000,1,28.00000000,14.6900
1625222218860000,0,47.00601000,14.6900
1625222419257000,0,68.19324000,14.6700
1625222438732000,0,68.22018000,14.6600
1625222457248000,1,28.50000000,14.6500
1625222457267000,1,144.24436185,14.6400
1625222457267000,1,45.53190652,14.6400
1625222457271000,1,38.63572576,14.6400
1625222457436000,1,170.60654037,14.6400
1625222457436000,1,68.26599324,14.6400
1625222470292000,0,28.70000000,14.6400
1625222472465000,0,68.30592591,14.6500
1625222472465000,0,21.27511949,14.6500
1625222486875000,0,28.20000000,14.6700
1625222487899000,0,68.16159860,14.6800
1625222487899000,0,28.69999140,14.6800
1625222520170000,1,68.23059000,14.6500
1625222591031000,1,68.25387000,14.6500
1625222630141000,0,68.31899203,14.6400
1625222630141000,0,170.82102797,14.6400
1625222631022000,0,28.50000000,14.6500
1625222631022000,0,68.28633611,14.6500
1625222631022000,0,170.71137389,14.6500
1625222709449000,0,1.35650988,14.6700
1625222719560000,0,28.40000000,14.6600
1625222733636000,0,68.25070000,14.6600
1625222742868000,0,68.19401000,14.6700
1625222764669000,0,68.21828000,14.6600
1625222765989000,0,0.00000257,14.6700
1625222807388000,0,68.16624479,14.6800
1625222807457000,0,0.00000001,14.6800
1625222842098000,0,68.09565000,14.6900
1625222842178000,0,0.00000135,14.6900
1625222842178000,0,170.23245865,14.6900
1625222904319000,0,65.98079000,14.7100
1625222906060000,0,66.14057000,14.7200
1625222980528000,0,64.39097000,14.7300
1625223124152000,1,67.94316000,14.7100
1625223124481000,1,0.00000557,14.7100
1625223152564000,0,65.21390000,14.6800
1625223245801000,1,28.10000000,14.6700
1625223395277000,0,67.85358000,14.7400
1625223420111000,1,28.30000000,14.7400
1625223420111000,1,67.79201000,14.7400
1625223420132000,1,0.00000410,14.7400
1625223443583000,1,28.10000000,14.7400
1625223468653000,1,67.74248528,14.7600
1625223480577000,1,67.73701000,14.7600
1625223518410000,1,28.60000000,14.7500
1625223536090000,1,28.60000000,14.7500
1625223536090000,1,36.40000000,14.7500
1625223557574000,1,31.38660507,14.7500
1625223557574000,1,28.50000000,14.7500
1625223557574000,1,169.39963493,14.7500
1625223592624000,0,67.80202019,14.7500
1625223592624000,0,169.53749981,14.7500
1625223618644000,0,67.80297000,14.7500
1625223639929000,0,1.68534024,14.7800
1625223730877000,0,67.98994000,14.7100
1625223770655000,1,28.10000000,14.6900
1625223810420000,0,67.93470814,14.7300
1625223879790000,0,67.89869345,14.7300
1625223891507000,0,169.57430068,14.7500
1625223891507000,0,28.20000000,14.7500
1625223891507000,0,67.83880932,14.7500
1625223932350000,1,67.50320000,14.8100
1625223960316000,0,6.94768470,14.8400
1625223961096000,1,67.45647781,14.8200
1625223973614000,1,67.46831000,14.8200
1625223984235000,1,28.40000000,14.8100
1625224045977000,1,28.00000000,14.8200
1625224091350000,1,27.80000000,14.8100
1625224130135000,1,28.00000000,14.7900
1625224153650000,1,28.20000000,14.8100
1625224158498000,1,28.10000000,14.8000
1625224225118000,1,28.10000000,14.8100
1625224375325000,1,2.50000000,14.8400
1625224390041000,1,67.28674000,14.8600
1625224411947000,1,67.14028000,14.8900
1625224412182000,1,0.00000134,14.8900
1625224413181000,1,67.14028134,14.8800
1625224431076000,1,67.18990000,14.8800
1625224431188000,1,0.00000528,14.8800
1625224434553000,1,67.23960000,14.8700
1625224434572000,1,0.00000262,14.8700
1625224437437000,1,67.23960262,14.8600
1625224441888000,1,67.28396852,14.8600
1625224449656000,1,67.16826869,14.8800
1625224474000000,0,28.30000000,14.8800
1625224518990000,1,67.13762000,14.8900
1625224519084000,1,0.00000888,14.8900
1625224534267000,1,67.19983000,14.8700
1625224616115000,1,67.38280000,14.8300
1625224616295000,1,0.00000885,14.8300
1625224677051000,0,27.90000000,14.8300
1625224777500000,1,67.51197844,14.8000
1625224777500000,1,168.85045156,14.8000
1625224794498000,0,28.40000000,14.8000
1625224836828000,0,28.20000000,14.7900
1625224889243000,0,27.80000000,14.7900
1625224896404000,1,67.60000000,14.7900
1625224924197000,0,110.00000000,14.7900
1625224924197000,0,114.42605259,14.7900
1625224924197000,0,27.89999741,14.7900
1625224931480000,0,28.40000000,14.8100
1625224934204000,0,27.80000000,14.8200
1625224937822000,0,27.80000000,14.8300
1625225005194000,0,28.00000000,14.8400
1625225008408000,1,67.37554464,14.8400
1625225008408000,1,168.41593536,14.8400
1625225026079000,1,67.41551000,14.8300
1625225026132000,1,0.00000719,14.8300
1625225031029000,1,67.44822000,14.8200
1625225031207000,1,0.00000689,14.8200
1625225048792000,1,67.52656715,14.8000
1625225063876000,1,67.55113000,14.8000
1625225063955000,1,0.00000621,14.8000
1625225083874000,0,114.31233000,14.8000
1625225084902000,0,0.00000896,14.8000
1625225133932000,1,67.42457840,14.8300
1625225137584000,0,114.04970000,14.8400
1625225139902000,0,82.20000000,14.8500
1625225146899000,1,67.28402000,14.8600
1625225146967000,1,0.00000476,14.8600
1625225148677000,1,67.28402000,14.8500
1625225151666000,1,0.00000476,14.8500
1625225155445000,1,67.32967000,14.8500
1625225165431000,1,67.32967000,14.8400
1625225174822000,1,67.43121000,14.8200
1625225211738000,0,28.50000000,14.8100
1625225259135000,1,67.47040000,14.8200
1625225331693000,1,67.50380000,14.8100
1625225401677000,0,67.62631000,14.7900
1625225446870000,0,67.80297000,14.7500
1625225464519000,0,67.85907000,14.7400
1625225464664000,0,0.00000014,14.7400
1625225464664000,0,169.54210069,14.7500
1625225464664000,0,28.20000000,14.7500
1625225464664000,0,100.42468972,14.7500
1625225464664000,0,12.89232945,14.7500
1625225467127000,1,36.13392059,14.7400
1625225467273000,1,31.68016000,14.7400
1625225499451000,1,67.84731000,14.7300
1625225509891000,1,67.92658000,14.7200
1625225522915000,0,67.98917000,14.7100
1625225539742000,1,68.03469000,14.6900
1625225570088000,0,68.07618221,14.7000
1625225605747000,0,68.19041000,14.6700
1625225624084000,0,68.18669000,14.6700
1625225733301000,0,28.60000000,14.6600
1625225761426000,1,68.25481000,14.6500
1625225769668000,1,68.26972000,14.6400
1625225782357000,0,28.50000000,14.6500
1625225797646000,0,28.80000000,14.6600
1625225797646000,0,68.25646000,14.6600
1625225835351000,0,28.50000000,14.6900
1625225835351000,0,68.11053000,14.6900
1625225897769000,0,27.90000000,14.7100
1625225902196000,0,27.90000000,14.7300
1625225912813000,0,67.89869000,14.7300
1625225927059000,1,67.86665604,14.7300
1625225927059000,1,169.64103956,14.7300
1625225927059000,1,165.00000000,14.7200
1625225927059000,1,110.00000000,14.7200
1625225927059000,1,238.20237677,14.7200
1625225981904000,0,67.94851855,14.7200
1625226002125000,1,67.74435000,14.7600
1625226064477000,0,67.93840035,14.7300
1625226085147000,1,28.00000000,14.7200
1625226086806000,0,67.89412037,14.7300
1625226086806000,0,117.10587963,14.7300
1625226086888000,0,28.60000000,14.7300
1625226100040000,1,27.80000000,14.7200
1625226133205000,0,67.98547320,14.7100
1625226133278000,1,109.99999680,14.7100
1625226159645000,1,54.20000000,14.7300
1625226219999000,0,67.67538000,14.7800
1625226258440000,1,6.25000000,14.7700
1625226258732000,1,11.20605837,14.7700
1625226258743000,1,28.65042921,14.7700
1625226259028000,1,21.58922055,14.7700
1625226281513000,0,67.60404000,14.8000
1625226288476000,0,67.57480000,14.8000
1625226291807000,1,67.58939136,14.8000
1625226322708000,1,67.64811000,14.7800
1625226322773000,1,0.00000345,14.7800
1625226344506000,0,67.69190000,14.7800
1625226389472000,1,67.55305000,14.8000
1625226389472000,1,0.00000712,14.8000
1625226391320000,0,6.24999000,14.8000
1625226467043000,1,27.80000000,14.8100
1625226512919000,0,6.25000000,14.8200
1625226512947000,0,61.25365035,14.8200
1625226512947000,0,23.87842478,14.8200
1625226513034000,0,2.00334706,14.8200
1625226513325000,0,28.30000000,14.8300
1625226513325000,0,67.44813568,14.8300
1625226513325000,0,29.95991562,14.8400
1625226594151000,1,67.33287000,14.8500
1625226597690000,1,28.40000000,14.8400
1625226607252000,1,28.40000000,14.8300
1625226616390000,1,28.20000000,14.8200
1625226639267000,0,67.57568969,14.8000
1625226639267000,0,69.99999031,14.8000
1625226645189000,1,27.80000000,14.7900
1625226662564000,1,27.80000000,14.7800
1625226699154000,1,28.20000000,14.8100
1625226713945000,1,67.57862292,14.7900
1625226713945000,1,27.99999708,14.7900
1625226772188000,1,28.20000000,14.7500
1625226797665000,1,67.93254000,14.7100
1625226825146000,1,67.82101000,14.7400
1625226861340000,1,67.98723000,14.7000
1625226863627000,1,67.98723000,14.6900
1625226876573000,1,68.00295623,14.7000
1625226904735000,0,68.17642000,14.6700
1625226907001000,1,68.15586000,14.6700
1625226942630000,1,28.40000000,14.6800
1625226998651000,0,28.20000000,14.7000
1625227074452000,0,68.03916000,14.7000
1625227076652000,0,143.91456193,14.7100
1625227076652000,0,68.00396561,14.7100
1625227090323000,0,28.20000000,14.7200
1625227092735000,0,28.40000000,14.7300
1625227101756000,1,20.20000000,14.7300
1625227101762000,1,47.68416359,14.7300
1625227116155000,0,28.10000000,14.7300
1625227128543000,0,28.50000000,14.7500
1625227174672000,1,67.79028000,14.7500
1625227212421000,1,67.90905829,14.7100
1625227233754000,0,68.03727000,14.7000
1625227261513000,0,67.76162608,14.7600
1625227278595000,1,67.65227000,14.7800
1625227278735000,1,0.00000366,14.7800
1625227297413000,1,67.64410073,14.7800
1625227297413000,1,109.99999927,14.7800
1625227298541000,1,6.25000000,14.7700
1625227298624000,1,103.75000000,14.7700
1625227298624000,1,67.67880230,14.7700
1625227300757000,1,67.67880000,14.7600
1625227301879000,1,67.67880000,14.7500
1625227308096000,1,67.78154000,14.7500
1625227310962000,1,67.78000000,14.7400
1625227310998000,1,0.00154723,14.7400
1625227314033000,1,28.20000000,14.7300
1625227316900000,0,67.90618082,14.7300
1625227316900000,0,27.99999918,14.7300
1625227321632000,1,67.89470000,14.7200
1625227321835000,1,0.00004370,14.7200
1625227321835000,1,152.10515630,14.7200
1625227324734000,1,28.00000000,14.7100
1625227327447000,1,67.89474000,14.7000
1625227327561000,1,0.00000370,14.7000
1625227398995000,1,67.83202000,14.7400
1625227462861000,0,28.20000000,14.7600
1625227464584000,0,6.25000000,14.7700
1625227476890000,0,67.67266000,14.7800
1625227507661000,1,67.75384000,14.7500
1625227510808000,1,28.50000000,14.7400
1625227510808000,1,67.81365000,14.7400
1625227518733000,0,67.84883000,14.7400
1625227521854000,0,28.00000000,14.7500
1625227555441000,0,28.30000000,14.8000
1625227582175000,0,28.30000000,14.8200
1625227582175000,0,67.50361000,14.8200
1625227611018000,1,28.50000000,14.8000
1625227659863000,1,28.00000000,14.7900
1625227659863000,1,67.59869000,14.7900
1625227672999000,1,67.60326000,14.7900
1625227679417000,1,67.60329000,14.7900
1625227709823000,1,27.80000000,14.7600
1625227729628000,1,21.02164114,14.7800
1625227729639000,1,7.07835886,14.7800
1625227731417000,1,67.64075000,14.7700
1625227735697000,1,15.00021791,14.7600
1625227744613000,0,67.77720000,14.7600
1625227745713000,0,67.71662000,14.7700
1625227751473000,0,67.66900000,14.7800
1625227767779000,0,67.66076000,14.7900
1625227788670000,0,6.25000000,14.7800
1625227788670000,0,67.70012163,14.7800
1625227788670000,0,169.24367837,14.7800
1625227797617000,0,67.62856000,14.7900
1625227797670000,0,0.00000858,14.7900
1625227800306000,0,8.57757642,14.8100
1625227818778000,1,27.90000000,14.7600
1625227833802000,1,28.50000000,14.7500
1625227855003000,0,67.87568741,14.7400
1625227855003000,0,169.66406515,14.7400
1625227879822000,0,67.84617950,14.7500
1625227895765000,1,67.84915058,14.7200
1625228046300000,1,28.30000000,14.7200
1625228046300000,1,67.92931000,14.7200
1625228151971000,0,6.25000000,14.7100
1625228205775000,1,67.74184000,14.7600
1625228210372000,1,52.31186694,14.7400
1625228231743000,1,2.52777777,14.7600
1625228231743000,1,67.72222223,14.7600
1625228231805000,1,0.00493795,14.7600
1625228237105000,1,67.76084691,14.7500
1625228237105000,1,27.79999309,14.7500
1625228240244000,1,67.80000000,14.7400
1625228260202000,1,67.83719000,14.7400
1625228356129000,1,27.80000000,14.7400
1625228356129000,1,67.82335098,14.7400
1625228356129000,1,169.56048902,14.7400
1625228356694000,1,0.00001017,14.7400
1625228404765000,1,2.92200195,14.7700
1625228405510000,1,25.17799000,14.7700
1625228432823000,0,67.81309000,14.7500
1625228439679000,1,67.74068000,14.7600
1625228450996000,1,67.73239000,14.7600
1625228595430000,0,28.20000000,14.7200
1625228605845000,1,67.92906000,14.7000
1625228606079000,1,0.00000508,14.7000
1625228705399000,0,68.12950134,14.6800
1625228705399000,0,28.39999866,14.6800
1625228709070000,0,12.86054421,14.7000
1625228717913000,1,68.11344000,14.6800
1625228717933000,1,0.00000878,14.6800
1625228736310000,0,68.22256631,14.6600
1625228925022000,0,68.13531000,14.6800
1625228930916000,0,68.10932000,14.6900
1625228931084000,0,0.00000647,14.6900
1625228944125000,0,68.03600000,14.7000
1625229001629000,1,143.89019000,14.6900
1625229003860000,1,0.00000293,14.6900
1625229003860000,1,143.89018707,14.6900
1625229004145000,1,0.00000586,14.6900
1625229004145000,1,68.06238414,14.6900
1625229005876000,1,0.00001547,14.6900
1625229005876000,1,143.89018453,14.6900
1625229006571000,1,0.00000840,14.6900
1625229006571000,1,170.13746160,14.6900
1625229011374000,1,143.98610882,14.6800
1625229011374000,1,170.13747108,14.6800
1625229011374000,1,68.09121207,14.6800
1625229039257000,1,68.05136122,14.6900
1625229039257000,1,144.03598963,14.6900
1625229039257000,1,161.19610915,14.6900
1625229059357000,0,67.92913000,14.7300
1625229059405000,0,0.00000344,14.7300
1625229063010000,0,28.20000000,14.7400
1625229066055000,0,67.84621000,14.7500
1625229090677000,1,67.69387000,14.7700
1625229133231000,0,67.81765000,14.7500
1625229133733000,0,0.00000337,14.7500
1625229133733000,0,169.56279928,14.7500
1625229133733000,0,28.20000000,14.7600
1625229133733000,0,440.78179692,14.7600
1625229135246000,0,67.82688844,14.7600
1625229135246000,0,169.56278156,14.7600
1625229136730000,0,28.00000000,14.7700
1625229136730000,0,169.39964765,14.7700
1625229136730000,0,47.60035235,14.7700
1625229136885000,0,20.14015000,14.7700
1625229138905000,0,0.00000933,14.7700
1625229144761000,0,440.17155348,14.7800
1625229144761000,0,67.72671421,14.7800
1625229144761000,0,127.10173231,14.7800
1625229144843000,0,42.18779341,14.7800
1625229144843000,0,28.39998659,14.7800
1625229149777000,0,67.66622000,14.7800
1625229153019000,0,67.68454000,14.7800
1625229158404000,0,67.66805000,14.7800
1625229158825000,0,0.00000493,14.7800
1625229160431000,0,28.60000000,14.7900
1625229160431000,0,67.63235000,14.7900
1625229164143000,0,67.67171000,14.7800
1625229165309000,0,0.00000816,14.7800
1625229165309000,0,169.19556184,14.7800
1625229166189000,0,200.00000000,14.7900
1625229166194000,0,6.25000000,14.7900
1625229166270000,0,140.00000000,14.7900
1625229166412000,0,93.55259894,14.7900
1625229166412000,0,169.15207448,14.7900
1625229166655000,0,67.66347646,14.7900
1625229166911000,1,76.20000000,14.7900
1625229167223000,1,0.00250354,14.7900
1625229167223000,1,109.99749646,14.7900
1625229168302000,0,67.60868095,14.8000
1625229168302000,0,123.94091905,14.8000
1625229168438000,0,6.25000000,14.8000
1625229168465000,0,38.83078334,14.8000
1625229170437000,1,6.64122338,14.8000
1625229175770000,1,67.57000000,14.7900
1625229181205000,1,70.00000000,14.7900
1625229181367000,1,67.63967836,14.7900
1625229185324000,0,28.10000000,14.8000
1625229196682000,0,67.52188177,14.8200
1625229196682000,0,62.47811823,14.8200
1625229196753000,0,106.26065000,14.8200
1625229202764000,0,27.90000000,14.8200
1625229203364000,0,140.55660377,14.8400
1625229210756000,1,67.41366930,14.8300
1625229233403000,1,67.41469801,14.8200
1625229237935000,1,67.44740820,14.8200
1625229263651000,0,28.30000000,14.7800
1625229300933000,1,50.08000000,14.7900
1625229308481000,1,62.72001007,14.7900
1625229309585000,0,28.20000000,14.8000
1625229309585000,0,67.58116000,14.8000
1625229314140000,0,67.58394000,14.8000
1625229318264000,1,67.56000000,14.7900
1625229318416000,1,0.00857691,14.7900
1625229340365000,0,168.85502783,14.8100
1625229340365000,0,67.54376217,14.8100
1625229340405000,0,0.00001031,14.8100
1625229345734000,0,27.90000000,14.8200
1625229346990000,1,67.46733000,14.8200
1625229386684000,1,67.42560000,14.8300
1625229389889000,1,67.42560000,14.8200
1625229399778000,1,168.60904284,14.8200
1625229399778000,1,46.43409716,14.8200
1625229399836000,1,21.00336000,14.8200
1625229408630000,1,67.47010000,14.8200
1625229416116000,1,67.44003000,14.8200
1625229418608000,1,0.00000900,14.8200
1625229428540000,1,67.41185000,14.8300
1625229435046000,1,67.41821000,14.8300
1625229445940000,1,67.41457826,14.8300
1625229445940000,1,147.58542174,14.8300
1625229445998000,1,20.94177000,14.8300
1625229446175000,1,0.00001529,14.8300
1625229466764000,1,67.37935000,14.8400
1625229466786000,1,0.00000322,14.8400
1625229473695000,1,67.37935000,14.8300
1625229475119000,1,0.00000322,14.8300
1625229475119000,1,134.99999678,14.8300
1625229475156000,1,33.52039419,14.8300
1625229476885000,1,67.44552774,14.8200
1625229476885000,1,83.31247226,14.8200
1625229476965000,1,6.25000000,14.8200
1625229477277000,1,78.95791871,14.8200
1625229478839000,0,82.85326948,14.8100
1625229481692000,1,67.51289000,14.8100
1625229482139000,1,0.00000005,14.8100
1625229482139000,1,168.73876995,14.8100
1625229487567000,1,67.54849000,14.8000
1625229487908000,1,0.00000384,14.8000
1625229487908000,1,168.85501616,14.8000
1625229496821000,1,168.83906000,14.8000
1625229508844000,1,0.00000261,14.8000
1625229508844000,1,438.97913739,14.8000
1625229513817000,1,67.52656000,14.8000
1625229516744000,1,0.00000715,14.8000
1625229516744000,1,168.87098285,14.8000
1625229518206000,1,168.91435000,14.7900
1625229518986000,1,67.60143000,14.7900
1625229533312000,1,168.91435367,14.7800
1625229533312000,1,67.60930137,14.7800
1625229636442000,1,44.12017913,14.7300
1625229669626000,0,67.85078274,14.7400
1625229676338000,0,143.34460000,14.7500
1625229721593000,0,67.80937000,14.7500
1625229745785000,0,6.74119241,14.7600
1625229758397000,0,67.75234000,14.7700
1625229769983000,1,67.64808000,14.7800
1625229770053000,1,0.00000025,14.7800
1625229792905000,0,3.00000000,14.7800
1625229850063000,0,67.66530000,14.7800
1625229904536000,1,44.12020000,14.7700
1625229904665000,1,6.25000000,14.7700
1625229904805000,1,118.75212279,14.7700
1625229904805000,1,67.66550842,14.7700
1625229969499000,0,6.25000000,14.8100
1625229969536000,0,58.11356470,14.8100
1625229973482000,1,67.47092000,14.8200
1625229997235000,1,67.31836508,14.8500
1625229997235000,1,168.27763492,14.8500
1625230002770000,1,168.25046000,14.8500
1625230020657000,1,168.39779601,14.8400
1625230020657000,1,67.34681399,14.8400
1625230022365000,1,168.39779601,14.8300
1625230022365000,1,67.34682238,14.8300
1625230045735000,1,67.35838588,14.8400
1625230045735000,1,168.40912412,14.8400
1625230069723000,0,6.25000000,14.8400
1625230071997000,1,67.38008000,14.8400
1625230099309000,1,67.32932000,14.8500
1625230199996000,1,67.37279000,14.8400
1625230200265000,0,33.33712725,14.8500
1625230211326000,1,67.37999000,14.8400
1625230219966000,1,6.25000000,14.8200
1625230268306000,1,67.53024000,14.8000
1625230331970000,0,67.57568000,14.8000
1625230332036000,0,0.00000969,14.8000
1625230419186000,0,6.25000000,14.8000
1625230428692000,0,67.62050185,14.7900
1625230428692000,0,169.08342815,14.7900
1625230433481000,0,67.61935000,14.7900
1625230436749000,0,1.60929006,14.8000
1625230447115000,0,67.63023000,14.7900
1625230459155000,0,6.25000000,14.7900
1625230460406000,0,67.58156688,14.8000
1625230627051000,1,67.64406000,14.7800
1625230731958000,0,67.58025000,14.8000
1625230744976000,0,27.70000000,14.8000
1625230776184000,1,67.50836000,14.8100
1625230804692000,0,142.60141609,14.8100
1625230804692000,0,67.52734391,14.8100
1625230838263000,0,142.56195000,14.8100
1625230866140000,0,0.00000774,14.8100
1625230866140000,0,28.09999226,14.8100
1625230867669000,0,67.52096996,14.8200
1625230977177000,0,28.10000000,14.7500
1625231045567000,1,67.74615000,14.7500
1625231053996000,1,67.74615000,14.7600
1625231054289000,1,0.00000681,14.7600
1625231059285000,1,67.74615681,14.7500
1625231059285000,1,169.41341319,14.7500
1625231066726000,0,67.74527346,14.7600
1625231083042000,1,67.79116000,14.7500
1625231155791000,1,67.73884000,14.7600
1625231218749000,1,67.65082000,14.7700
1625231223641000,0,67.74520000,14.7800
1625231235252000,1,67.59777000,14.7900
1625231267279000,1,67.59878000,14.7900
1625231368138000,1,67.51383000,14.8100
1625231455755000,0,6.25000000,14.8700
1625231455806000,0,61.04376054,14.8700
1625231455806000,0,168.17802653,14.8700
1625231456493000,0,110.00000000,14.8800
1625231458422000,1,6.25000000,14.8800
1625231458422000,1,161.69529014,14.8800
1625231458534000,0,6.24999986,14.8800
1625231458599000,1,54.67548000,14.8800
1625231458602000,1,6.25000841,14.8800
1625231459121000,0,2.58898626,14.8900
1625231459121000,0,28.20000000,14.8900
1625231459121000,0,79.21101374,14.8900
1625231469991000,1,110.00000000,14.8800
1625231496869000,1,67.10783000,14.9000
1625231514922000,1,67.16643000,14.8800
1625231517293000,0,67.20963000,14.8800
1625231533975000,0,67.19250000,14.8900
1625231553031000,0,6.25000000,14.9000
1625231553058000,0,60.88654479,14.9000
1625231553595000,0,67.03398441,14.9200
1625231553695000,1,69.99999559,14.9200
1625231556969000,1,40.00000000,14.9200
1625231558327000,0,110.00000000,14.9300
1625231568938000,0,27.40000000,14.9400
1625231568938000,0,2.47651125,14.9400
1625231568938000,0,66.95584546,14.9400
1625231568938000,0,13.16764329,14.9400
1625231574118000,1,110.00000000,14.9300
1625231614420000,1,66.96405000,14.9300
1625231614423000,1,0.00000787,14.9300
1625231674742000,1,27.70000000,14.9300
1625231733786000,1,66.81015042,14.9600
1625231733786000,1,28.00000000,14.9600
1625231733786000,1,109.99999958,14.9600
1625231740994000,1,28.00000000,14.9600
1625231746188000,0,167.08549431,14.9700
1625231746188000,0,66.82450569,14.9700
1625231746202000,0,0.00873296,14.9700
1625231769060000,1,27.60000000,14.9700
1625231769060000,1,66.78870000,14.9700
1625231799902000,0,2.56922295,14.9900
1625231799902000,0,140.87243377,14.9900
1625231799902000,0,23.13672887,14.9900
1625231818916000,1,27.30000000,14.9800
1625231851065000,1,27.30000000,14.9600
1625231853629000,1,27.40000000,14.9500
1625231865952000,1,27.80000000,14.9400
1625231871689000,0,66.98362000,14.9300
1625231872888000,1,27.68725678,14.9300
1625231873023000,1,6.25000000,14.9300
1625231883524000,1,5.69419762,14.9200
1625231890001000,1,110.00000000,14.9100
1625231890001000,1,27.40000000,14.9100
1625231900963000,1,67.00350000,14.9200
1625231901171000,1,0.00004351,14.9200
1625231912400000,0,67.03014769,14.9200
1625231930769000,1,27.70000000,14.9100
1625231935240000,1,28.20000000,14.8900
1625231935240000,1,110.00000000,14.8900
1625231935240000,1,2.68415767,14.8800
1625231935240000,1,16.36431897,14.8800
1625231971295000,0,67.10120000,14.9100
1625231988901000,1,28.20000000,14.9000
1625232004613000,0,67.14893000,14.9000
1625232059686000,1,27.80000000,14.8900
1625232071573000,1,27.70000000,14.8700
1625232146801000,0,17.69742193,14.8800
1625232167628000,0,10.00000000,14.8800
1625232167823000,0,57.23913000,14.8800
1625232185072000,1,28.30000000,14.8800
1625232258814000,1,28.30000000,14.8800
1625232291753000,1,28.00000000,14.8700
1625232386158000,1,6.25000000,14.8800
1625232386203000,1,60.90738950,14.8800
1625232386203000,1,28.00000000,14.8800
1625232386203000,1,141.70294943,14.8800
1625232408888000,0,110.00000000,14.8800
1625232448050000,1,67.15290000,14.8900
1625232448496000,1,0.00000593,14.8900
1625232448496000,1,167.83478407,14.8900
1625232463855000,1,67.14120000,14.8900
1625232564966000,1,141.80432864,14.8800
1625232564966000,1,27.99999136,14.8800
1625232570898000,1,67.20254854,14.8700
1625232707600000,0,67.30194000,14.8600
1625232725152000,0,67.35080000,14.8500
1625232821248000,1,37.48274213,14.8200
1625232821332000,1,130.93320484,14.8200
1625232821332000,1,67.44184516,14.8200
1625232821366000,1,0.00001320,14.8200
1625232895964000,0,11.76310000,14.8700
1625233029369000,1,67.05116000,14.9100
1625233108007000,1,27.70000000,14.8900
1625233138164000,1,27.50000000,14.8800
1625233157818000,1,67.14481000,14.8900
1625233161582000,1,28.00000000,14.8800
1625233161823000,0,67.14481000,14.8800
1625233168119000,1,67.21610017,14.8700
1625233232404000,1,27.60000000,14.8600
1625233262715000,1,39.54480000,14.8600
1625233268246000,0,67.28926000,14.8700
1625233268345000,0,0.00000076,14.8700
1625233282963000,1,28.00000000,14.8900
1625233301678000,1,27.60000000,14.8800
1625233328663000,1,28.10000000,14.8800
1625233329990000,1,142.02662811,14.8700
1625233329990000,1,67.21610017,14.8700
1625233329990000,1,27.89999172,14.8700
1625233357649000,0,67.30375000,14.8600
1625233460568000,0,67.30194000,14.8600
1625233467737000,0,67.30734000,14.8600
1625233480676000,0,67.32541600,14.8600
1625233480676000,0,107.67458400,14.8600
1625233480745000,0,60.61664000,14.8600
1625233536272000,0,67.12845000,14.9000
1625233538094000,0,67.10413000,14.9100
1625233579093000,0,67.05191738,14.9200
1625233579093000,0,167.62322262,14.9200
1625233579466000,0,0.00001398,14.9200
1625233579648000,0,435.61405000,14.9300
1625233579697000,0,0.00000004,14.9300
1625233588666000,0,66.94152000,14.9400
1625233588924000,0,0.00000661,14.9400
1625233589079000,0,61.22448980,14.9500
1625233589079000,0,435.08927693,14.9500
1625233589079000,0,167.34623327,14.9500
1625233595091000,0,6.25000000,14.9700
1625233595310000,0,60.59398204,14.9700
1625233635505000,0,34.14422000,14.9900
1625233652116000,1,66.74058000,14.9800
1625233726549000,0,66.76900000,14.9800
1625233727015000,0,0.00000382,14.9800
1625233749124000,1,66.73168033,14.9700
1625233795409000,1,141.07223788,14.9700
1625233795409000,1,27.89999212,14.9700
1625233800094000,1,0.00000788,14.9700
1625233800094000,1,141.07222212,14.9700
1625233800478000,0,110.18944676,14.9800
1625233820431000,0,66.80000000,14.9700
1625233832277000,1,28.10000000,14.9700
1625233833968000,0,34.81055324,14.9800
1625233840645000,1,27.50000000,14.9800
1625233862571000,1,66.72453540,14.9800
1625233862571000,1,27.80000000,14.9800
1625233936991000,0,66.70930002,15.0000
1625233936991000,0,166.73069998,15.0000
1625233941510000,1,27.80000000,14.9900
1625233943237000,1,27.90000000,14.9800
1625233959086000,0,27.70000000,14.9800
1625233959086000,0,70.00000000,14.9800
1625233959086000,0,235.00000000,14.9900
1625233959086000,0,66.74046427,14.9900
1625233959086000,0,110.00000000,14.9900
1625233959086000,0,2.49347215,14.9900
1625233959086000,0,28.36005957,14.9900
1625233975069000,0,66.76360000,14.9800
1625233976246000,0,43.23640000,14.9900
1625234034826000,0,66.77702000,14.9800
1625234084881000,0,66.80645000,14.9700
1625234164758000,0,66.81984000,14.9700
1625234166675000,0,66.79843000,14.9800
1625234184306000,0,66.71822000,14.9900
1625234276494000,0,66.78146000,14.9800
1625234282550000,0,66.73692000,14.9900
1625234299517000,1,110.00000000,14.9700
1625234308243000,0,66.80555000,14.9700
1625234311104000,0,66.81361000,14.9700
1625234446750000,1,78.30000000,14.9700
1625234516574000,1,66.61609000,15.0100
1625234516756000,1,0.00000530,15.0100
1625234536804000,1,77.50000000,15.0200
1625234566246000,1,38.10000000,15.0000
1625234582417000,0,155.00000000,15.0100
1625234588883000,1,32.20000000,15.0200
1625234598454000,1,32.80000000,15.0100
1625234605628000,1,32.20000000,15.0000
1625234607461000,1,27.90000000,14.9900
1625234628477000,1,27.90000000,14.9900
1625234628477000,1,66.65637000,14.9900
1625234629477000,1,31.70000000,14.9800
1625234630148000,1,27.90000000,14.9800
1625234630148000,1,66.71599749,14.9800
1625234632443000,1,27.70000000,14.9700
1625234638970000,1,66.74893000,14.9800
1625234661704000,1,66.65548000,15.0000
1625234671891000,1,66.67504000,14.9900
1625234671938000,1,0.00000277,14.9900
1625234688355000,1,166.52678417,15.0000
1625234688355000,1,66.59420583,15.0000
1625234688360000,1,0.00000578,15.0000
1625234727432000,1,28.00000000,15.0000
1625234735264000,1,27.90000000,15.0000
1625234775466000,1,28.00000000,14.9900
1625234793284000,0,66.73292000,14.9900
1625234793344000,0,0.00000778,14.9900
1625234799747000,1,27.60000000,14.9900
1625234948561000,1,27.50000000,14.9700
1625234977348000,1,6.25000000,14.9600
1625234977361000,1,25.88363366,14.9600
1625234977424000,1,28.27964819,14.9600
1625234977499000,1,6.39055700,14.9600
1625234977544000,1,0.00000001,14.9600
1625235016799000,1,27.80000000,14.9500
1625235046251000,0,1.87032751,14.9500
1625235062967000,0,66.90484000,14.9500
1625235245331000,0,66.94067000,14.9400
1625235245536000,0,0.00000186,14.9400
1625235322676000,1,66.92000000,14.9400
1625235322686000,1,0.00545241,14.9400
1625235412142000,0,67.11497982,14.9100
1625235490536000,0,67.06457000,14.9200
1625235506071000,0,67.02501000,14.9300
1625235546592000,0,67.02769206,14.9300
1625235546592000,0,167.50193794,14.9300
1625235574168000,0,66.94604000,14.9400
1625235612462000,0,6.25000000,14.9500
1625235615473000,0,66.88693000,14.9600
1625235619542000,0,66.85474000,14.9600
1625235684929000,0,66.80919000,14.9700
1625235685170000,0,0.00000026,14.9700
1625235705478000,1,27.40000000,14.9700
1625235705478000,1,66.78956000,14.9700
1625235727922000,0,66.88783857,14.9600
1625235728865000,0,66.81654000,14.9700
1625235780967000,0,66.69957179,15.0000
1625235820763000,0,66.56017000,15.0300
1625235858772000,0,66.58676255,15.0200
1625235858772000,0,166.52679899,15.0200
1625235912874000,1,66.62136414,15.0000
1625236001084000,1,66.65777000,15.0000
1625236023023000,0,66.72538000,14.9900
1625236046240000,0,6.25000000,15.0400
1625236066089000,1,27.70000000,15.0500
1625236066089000,1,66.39577000,15.0500
1625236082455000,0,140.23678703,15.0800
1625236082455000,0,216.95684692,15.0800
1625236101584000,1,27.60000000,15.0700
1625236101584000,1,66.30156000,15.0700
1625236101862000,1,0.00000604,15.0700
1625236134217000,1,27.90000000,15.0500
1625236173730000,0,66.49555000,15.0400
1625236217465000,0,66.43017000,15.0600
1625236224453000,0,6.25000000,15.1000
1625236224694000,0,16.11279069,15.1000
1625236225944000,0,55.00000000,15.1100
1625236226142000,0,11.19290000,15.1100
1625236233250000,1,66.17608132,15.1100
1625236242771000,1,66.16819000,15.1100
1625236248151000,1,66.15681000,15.1100
1625236256217000,0,1.36275986,15.1200
1625236256217000,0,42.39459430,15.1200
1625236256394000,0,23.76572539,15.1200
1625236256394000,0,165.44679474,15.1200
1625236257711000,0,84.40000000,15.1300
1625236258059000,0,94.19681697,15.1300
1625236261051000,0,95.00000000,15.1500
1625236261162000,0,83.59681698,15.1500
1625236261162000,0,1.40318302,15.1500
1625236344828000,0,65.83971000,15.1900
1625236350913000,1,65.75832000,15.2000
1625236350936000,1,0.00000500,15.2000
1625236353983000,1,65.81545000,15.1900
1625236354052000,1,0.00000347,15.1900
1625236355705000,0,6.24999000,15.1900
1625236355844000,0,0.00000653,15.1900
1625236356222000,0,65.80332702,15.1900
1625236364154000,1,65.82758000,15.1900
1625236375929000,1,65.82758439,15.1900
1625236375929000,1,27.70000000,15.1900
1625236398504000,1,65.78168000,15.2000
1625236400243000,1,27.40000000,15.1900
1625236400243000,1,138.85298231,15.1900
1625236400243000,1,65.78167769,15.1900
1625236400550000,1,0.00000606,15.1900
1625236405403000,1,27.50000000,15.1900
1625236424516000,1,27.40000000,15.1900
1625236424516000,1,65.81198831,15.1900
1625236424516000,1,67.13588169,15.1900
1625236424586000,1,71.75999862,15.1900
1625236424586000,1,4.13876138,15.1900
1625236453148000,1,27.60000000,15.1800
1625236470038000,1,27.30000000,15.1800
1625236491721000,1,27.60000000,15.1700
1625236517258000,1,27.60000000,15.1800
1625236523447000,1,27.50000000,15.1700
1625236529890000,1,27.10000000,15.1700
1625236557265000,1,27.60000000,15.1600
1625236561671000,1,66.00398664,15.1400
1625236561671000,1,27.09999336,15.1400
1625236588463000,1,27.50000000,15.1700
1625236603922000,1,27.70000000,15.1600
1625236666776000,1,65.91088848,15.1700
1625236735030000,1,65.95000000,15.1500
1625236735047000,1,0.00870985,15.1500
1625236796576000,1,27.50000000,15.1400
1625236796576000,1,66.00485000,15.1400
1625236798611000,1,28.50715030,15.1400
1625236818953000,0,66.01270000,15.1500
1625236867628000,0,65.99527000,15.1600
1625236952261000,0,65.98569000,15.1600
1625237158562000,1,27.20000000,15.1200
1625237164270000,1,27.90000000,15.1100
1625237187414000,1,27.20000000,15.1000
1625237195964000,0,66.23920301,15.1000
1625237195964000,0,109.56757699,15.1000
1625237196032000,0,56.08090000,15.1000
1625237219575000,1,27.60000000,15.0900
1625237231996000,1,66.24534626,15.0900
1625237231996000,1,27.09999374,15.0900
1625237249609000,0,66.27432000,15.0900
1625237260002000,0,3.29478436,15.1100
1625237289412000,1,27.20000000,15.1100
1625237331364000,1,27.30000000,15.1200
1625237396830000,0,66.09909000,15.1300
1625237405353000,0,66.14369000,15.1300
1625237417946000,1,27.30000000,15.1300
1625237467062000,0,298.14734000,15.1400
1625237467172000,0,6.25000000,15.1400
1625237467202000,0,125.13861958,15.1400
1625237467202000,0,165.25213395,15.1400
1625237467202000,0,66.09822196,15.1400
1625237493789000,1,27.40000000,15.1400
1625237536853000,0,3.40000000,15.1500
1625237560769000,1,27.60000000,15.1500
1625237640248000,0,2.55879175,15.1700
1625237640248000,0,4.19450002,15.1700
1625237642618000,1,27.20000000,15.1500
1625237645594000,1,27.30000000,15.1400
1625237656066000,0,66.07725000,15.1400
1625237661969000,1,27.00000000,15.1400
1625237672478000,0,66.06241000,15.1400
1625237745017000,0,66.01182000,15.1500
1625237824279000,0,66.04845000,15.1500
1625237858258000,0,66.01357000,15.1500
1625237884987000,0,66.01618000,15.1500
1625237985311000,0,50.82130768,15.1500
1625237985348000,0,59.17869232,15.1500
1625238031798000,1,65.51276000,15.2600
1625238032976000,1,65.51000000,15.2500
1625238038983000,1,65.49217000,15.2600
1625238051238000,1,65.47759000,15.2700
1625238086479000,1,163.87396438,15.2400
1625238086479000,1,62.46217562,15.2400
1625238110839000,0,65.67713122,15.2300
1625238196176000,1,65.69000000,15.2200
1625238196225000,1,0.00697925,15.2200
1625238243833000,1,65.73152615,15.2100
1625238243833000,1,99.94560385,15.2100
1625238243845000,1,64.35942462,15.2100
1625238266840000,0,65.75832000,15.2100
1625238333918000,1,65.69611605,15.2200
1625238333918000,1,164.20788480,15.2200
1625238375218000,1,65.63000000,15.2300
1625238375264000,1,0.00833279,15.2300
1625238382915000,1,65.66678049,15.2200
1625238457723000,1,65.63057860,15.2300
1625238500293000,0,6.54527559,15.2400
1625238609302000,1,65.65039850,15.2300
1625238640136000,1,65.65000000,15.2300
1625238640199000,1,0.00384666,15.2300
1625238657388000,1,53.55000000,15.2200
1625238657398000,1,11.32000000,15.2200
1625238657424000,1,0.78815737,15.2200
1625238661436000,1,65.69000000,15.2200
1625238668030000,1,65.69000000,15.2200
1625238668073000,1,0.00697925,15.2200
1625238685593000,1,65.72000000,15.2100
1625238685632000,1,0.00115827,15.2100
1625238712620000,1,65.74000000,15.2100
1625238712767000,1,0.00016856,15.2100
1625238717453000,1,164.42604873,15.2000
1625238717453000,1,65.73395127,15.2000
1625238723576000,1,65.79000000,15.1900
1625238725533000,1,0.00380222,15.1900
1625238730139000,1,65.84000000,15.1800
1625238730299000,1,0.00318786,15.1800
1625238732395000,1,6.25000000,15.1700
1625238732401000,1,158.40994018,15.1700
1625238732401000,1,65.88049279,15.1700
1625238825753000,0,65.90393000,15.1800
1625238858455000,0,27.30000000,15.1900
1625238958853000,1,59.24000000,15.1400
1625238958862000,1,6.80321868,15.1400
1625238963308000,0,27.70000000,15.1500
1625238967175000,0,27.70000000,15.1600
1625239007329000,0,66.06241000,15.1400
1625239196924000,0,66.06503000,15.1400
1625239229234000,1,64.20000000,15.1500
1625239229243000,1,1.80137283,15.1500
1625239674007000,0,66.18746000,15.1100
1625239694140000,0,27.50000000,15.1200
1625239730994000,1,2.39552491,15.1100
1625239731144000,1,63.78055641,15.1100
1625239754276000,0,66.27871525,15.0900
1625239754276000,0,27.59999475,15.0900
1625239768718000,1,66.25000000,15.0900
1625239817567000,1,66.16000000,15.1100
1625239827221000,0,151.00000000,15.1500
1625239838936000,1,65.95000000,15.1600
1625239843663000,0,65.97263000,15.1600
1625239870210000,1,65.99179062,15.1500
1625239870210000,1,164.90978938,15.1500
1625239870326000,1,0.00000702,15.1500
1625239870326000,1,230.89999298,15.1500
1625239870373000,1,197.91056705,15.1500
1625239877422000,0,66.04234000,15.1500
1625239883244000,1,65.98917777,15.1400
1625239883244000,1,165.02518675,15.1400
1625240156434000,1,66.10000000,15.1200
1625240229597000,0,27.80000000,15.1400
1625240401983000,0,27.10000000,15.1400
1625240469158000,1,139.25630000,15.1400
1625240469472000,1,0.00000894,15.1400
1625240502759000,1,27.20000000,15.1300
1625240601973000,0,66.01270000,15.1500
1625240683870000,1,65.99179062,15.1500
1625240722851000,0,66.05805000,15.1400
1625240772991000,0,110.00000000,15.1500
1625240772991000,0,139.37762416,15.1500
1625240772991000,0,27.70000000,15.1500
1625240772991000,0,79.02468607,15.1500
1625240779671000,0,66.10250000,15.1300
1625240822011000,0,30.03240740,15.1200
1625240839158000,0,66.23218000,15.1000
1625240861519000,0,43.89750000,15.1200
1625240861664000,0,27.10000000,15.1200
1625241140449000,0,27.60000000,15.1300
1625241441643000,0,3.15332577,15.1500
1625241441773000,0,6.95944503,15.1500
1625241441800000,0,55.90254475,15.1500
1625241442854000,0,164.99474954,15.1600
1625241442854000,0,428.99916714,15.1600
1625241522718000,0,13.12664907,15.1600
1625241540730000,0,65.96915282,15.1600
1625241545495000,1,65.95522000,15.1600
1625241567295000,1,65.90046394,15.1700
1625241567295000,1,129.72319606,15.1700
1625241567363000,1,35.03009000,15.1700
1625241645423000,1,65.86487163,15.1800
1625241645423000,1,124.13512837,15.1800
1625241645496000,1,14.80253000,15.1800
1625241681506000,1,65.90480710,15.1700
1625241703207000,1,66.00485000,15.1400
1625241707832000,1,27.70000000,15.1500
1625241725787000,0,65.99875000,15.1600
1625241725855000,0,0.00000922,15.1600
1625241732449000,0,65.98221000,15.1600
1625241732724000,0,0.00000120,15.1600
1625241735325000,0,13.12660000,15.1900
1625241738996000,1,65.85793000,15.1800
1625241873638000,0,66.05000000,15.1400
1625241873885000,0,0.00805182,15.1400
1625242077316000,1,27.60000000,15.1400
1625242165571000,1,27.10000000,15.1400
1625242171338000,1,33.24166311,15.1300
1625242244359000,1,27.60000000,15.1200
1625242323935000,0,195.61119000,15.1100
1625242323989000,0,160.49112023,15.1100
1625242355725000,0,2.61502600,15.1100
1625242457123000,1,27.20000000,15.1700
1625242512842000,0,42.01000000,15.1700
1625242512907000,0,23.92435576,15.1700
1625242540180000,1,27.50000000,15.1900
1625242634045000,1,26.90000000,15.2000
1625242646323000,0,6.25000000,15.2000
1625242646344000,0,16.44137434,15.2000
1625242646358000,0,9.57470764,15.2000
1625242646383000,0,33.53897711,15.2000
1625242646383000,0,164.52567638,15.2000
1625242669613000,1,27.40000000,15.2100
1625242686485000,1,27.20000000,15.2000
1625242701908000,1,27.50000000,15.1900
1625242837506000,0,5.07608953,15.2200
1625242882061000,1,65.58495000,15.2400
1625242904023000,1,6.25000000,15.2200
1625242904094000,1,59.42109290,15.2200
1625242910999000,1,110.00000000,15.2000
1625242937910000,1,27.00000000,15.1800
1625242942026000,1,1.65409007,15.1700
1625242945351000,1,26.14590000,15.1700
1625242968866000,1,27.50000000,15.1600
1625243008601000,1,27.60000000,15.1600
1625243027253000,1,27.80000000,15.1500
1625243090607000,0,66.02577000,15.1500
1625243227138000,1,27.50000000,15.1500
1625243296366000,0,27.50000000,15.1700
1625243324736000,0,27.10000000,15.1500
1625243370010000,0,27.00000000,15.1500
1625243414740000,1,27.80000000,15.1500
1625243508400000,1,27.70000000,15.1500
1625243516774000,1,27.20000000,15.1400
1625243624365000,1,27.00000000,15.1500
1625243640273000,0,8.04450806,15.1600
1625243710246000,1,27.30000000,15.1700
1625243764535000,1,13.53523245,15.1600
1625244078881000,1,64.85255969,15.1000
1625244317063000,0,66.31739000,15.0900
1625244317137000,0,0.00000505,15.0900
1625244325750000,0,66.25763000,15.1000
1625244381061000,1,27.30000000,15.0900
1625244391913000,0,66.27783000,15.0900
1625244411139000,1,27.10000000,15.0900
1625244457314000,0,66.33851216,15.0800
1625244457314000,0,140.05687784,15.0800
1625244776086000,0,27.10000000,15.1200
1625244793599000,0,27.40000000,15.1300
1625244917306000,1,65.93435000,15.1600
1625244917350000,1,0.00000576,15.1600
1625244957835000,1,65.99875000,15.1500
1625244968971000,1,165.05352429,15.1400
1625244968971000,1,66.00920571,15.1400
1625244969036000,1,0.00000918,15.1400
1625245012475000,0,66.05281000,15.1500
1625245254052000,1,65.92479000,15.1600
1625245254151000,1,0.00000300,15.1600
1625245264504000,0,27.30000000,15.1700
1625245330163000,0,27.70000000,15.1800
1625245515157000,1,65.82758439,15.1800
1625245613204000,1,65.96000000,15.1500
1625245613271000,1,0.00045011,15.1500
1625245624385000,0,27.30000000,15.1300
1625245782740000,0,27.50000000,15.1200
1625245853298000,1,66.12000000,15.1200
1625245853337000,1,0.00357173,15.1200
1625245968446000,1,66.21000000,15.1000
1625245968475000,1,0.00639518,15.1000
1625245993100000,1,66.21990305,15.1000
1625245993100000,1,165.49009695,15.1000
1625246223577000,1,66.26466000,15.0800
1625246223665000,1,0.00000106,15.0800
1625246305878000,1,6.25000000,15.0600
1625246326537000,0,140.24396000,15.0500
1625246535758000,1,66.41517454,15.0500
1625246547843000,0,10.00000000,15.0600
1625246550923000,0,66.42311000,15.0600
1625246652213000,1,27.70000000,15.0600
1625246652213000,1,37.30000000,15.0500
1625246849214000,0,66.40723000,15.0600
1625246849217000,0,0.00000573,15.0600
1625247219562000,1,66.52474721,15.0300
1625247313818000,1,66.47433000,15.0400
1625247327217000,1,19.51344511,15.0400
1625247329371000,1,46.94000000,15.0400
1625247329375000,1,0.00940216,15.0400
1625247332551000,1,47.54778235,15.0300
1625247371799000,0,27.70000000,15.0400
1625247375020000,1,19.51344512,15.0400
1625247378891000,1,46.94940000,15.0400
1625247379002000,1,0.00000215,15.0400
1625247380976000,1,66.50000000,15.0300
1625247404225000,0,6.55355955,15.0400
1625247451994000,0,27.70000000,15.0400
1625247465673000,1,50.00000000,15.0400
1625247710358000,1,48.50180000,15.0500
1625247710406000,1,17.92827566,15.0500
1625247755022000,1,70.00000000,15.0300
1625247755022000,1,118.20570841,15.0200
1625247755022000,1,54.28414394,15.0200
1625247755078000,1,6.25000000,15.0300
1625247755767000,1,66.51939903,15.0200
1625247890286000,1,66.69245000,14.9900
1625247890445000,1,0.00000442,14.9900
1625247890445000,1,30.03240298,14.9800
1625247892498000,1,66.69245000,14.9800
1625247970954000,1,66.88158506,14.9500
1625247998438000,0,141.08929813,14.9500
1625247998438000,0,47.67077306,14.9500
1625247998440000,0,84.22213679,14.9500
1625248032497000,0,6.25000000,14.9500
1625248105138000,1,66.90933000,14.9400
1625248105184000,1,0.00000119,14.9400
1625248106834000,1,66.97744200,14.9100
1625248106834000,1,167.44360499,14.9100
1625248106834000,1,435.39895301,14.9100
1625248180764000,0,29.00000000,14.9200
1625248207635000,0,28.10000000,14.9300
1625248233511000,0,28.10000000,14.9300
1625248249833000,0,27.60000000,14.9400
1625248263357000,1,66.92000000,14.9400
1625248263473000,1,0.00993190,14.9400
1625248267444000,1,167.28002676,14.9300
1625248267444000,1,66.93997324,14.9300
1625248462847000,1,66.97000000,14.9200
1625248462887000,1,0.00924511,14.9200
1625248468900000,1,62.60000000,14.9200
1625248468939000,1,4.41425452,14.9200
1625248469883000,0,67.02860000,14.9200
1625248551539000,0,27.80000000,14.9300
1625248560267000,0,16.35019574,14.9400
1625248718829000,0,27.80000000,14.9300
1625248718829000,0,66.98371000,14.9300
1625248907636000,1,67.14721567,14.8900
1625248908880000,1,28.20000000,14.8800
1625248908880000,1,67.14721566,14.8800
