timestamp ms,type,amount,price
1628121675543000,1,15.33993623,20.4400
1628121675708000,1,27.82000000,20.4400
1628121748967000,1,341.04000000,20.3500
1628121749946000,1,6.96000000,20.3500
1628121763964000,0,49.18113412,20.3400
1628121770213000,0,6.25000000,20.3600
1628121770306000,0,237.65000000,20.3600
1628121770338000,0,75.67445947,20.3600
1628122060008000,0,48.84000000,20.4800
1628122060089000,0,0.00291143,20.4800
1628122214575000,1,1.75000000,20.4800
1628122274967000,1,1.75000000,20.5300
1628122572077000,1,47.87026182,20.4600
1628122982349000,1,48.98886973,20.3800
1628123052561000,1,20.40000000,20.3500
1628123481280000,0,49.11205406,20.3700
1628123481280000,0,20.19999594,20.3700
1628123611709000,0,49.17000000,20.3400
1628123688616000,0,20.20000000,20.3400
1628123716848000,0,20.50000000,20.3600
1628123755072000,1,49.08168173,20.3700
1628123971939000,0,49.02777914,20.4000
1628124223136000,0,20.40000000,20.3500
1628124225024000,0,100.00000000,20.3600
1628124225081000,0,192.00000000,20.3600
1628124225081000,0,49.14487910,20.3600
1628124247683000,0,20.10000000,20.3600
1628124292590000,1,49.13184000,20.3400
1628124387103000,0,20.59999999,20.4000
1628124387107000,0,0.00000001,20.4000
1628124387107000,0,8.00000000,20.4000
1628124387255000,0,6.25000000,20.4100
1628124387291000,0,39.66663740,20.4100
1628124387330000,0,76.66129046,20.4100
1628124387330000,0,49.02441416,20.4100
1628124676900000,0,20.50000000,20.3400
1628124743971000,0,20.40000000,20.3300
1628124792254000,1,7.60867000,20.3300
1628124962539000,1,40.00000000,20.2800
1628125101507000,1,10.00000000,20.1800
1628125101538000,1,69.83385532,20.1800
1628125101566000,1,6.25000000,20.1800
1628125101697000,1,37.68091868,20.1800
1628125101697000,1,24.97908132,20.1800
1628125101726000,1,24.54646396,20.1800
1628125151600000,0,49.62548000,20.1600
1628125151802000,1,2.00000000,20.1500
1628125169635000,0,0.98612487,20.1800
1628125198377000,0,20.80000000,20.1600
1628125267930000,0,20.80000000,20.1800
1628125272309000,0,20.80000000,20.1900
1628125281475000,0,20.30000000,20.2000
1628125302497000,0,49.57366000,20.1800
1628125302607000,0,0.00000647,20.1800
1628125308376000,0,2.53987122,20.1900
1628125353406000,0,100.00000000,20.1400
1628125364496000,1,0.99366538,20.1300
1628125369165000,1,26.85906359,20.1000
1628125369378000,1,22.89000000,20.1000
1628125369514000,1,0.00218019,20.1000
1628125371216000,1,308.00000000,20.0800
1628125371558000,1,5.00000000,20.0600
1628125371558000,1,2.74867503,20.0600
1628125381305000,1,2.20773303,20.0100
1628125381305000,1,2.79226697,20.0100
1628125382823000,1,12.00000000,20.0000
1628125382823000,1,195.07700000,20.0000
1628125382823000,1,39.96300000,20.0000
1628125382872000,1,0.00450000,20.0000
1628125383369000,1,8.65818181,19.9800
1628125389287000,0,50.01200288,20.0000
1628125389287000,0,94.98799712,20.0000
1628125397332000,0,50.08113143,19.9800
1628125399790000,0,50.04353000,19.9900
1628125399902000,0,0.00000788,19.9900
1628125400122000,0,238.77620000,20.0000
1628125400323000,0,7.03000000,20.0000
1628125404608000,0,50.02050000,20.0000
1628125407552000,0,20.80000000,20.0000
1628125407552000,0,50.02951000,20.0000
1628125407792000,0,0.00000742,20.0000
1628125407792000,0,20.59999258,20.0000
1628125407818000,0,0.00000742,20.0000
1628125411466000,0,49.99600032,20.0100
1628125411466000,0,124.98628968,20.0100
1628125412058000,0,124.96754747,20.0200
1628125412058000,0,49.97501249,20.0200
1628125412058000,0,1.99999004,20.0200
1628125415141000,0,49.94156000,20.0300
1628125416503000,0,49.93447000,20.0400
1628125417920000,0,20.82210000,20.0500
1628125419308000,0,49.90169000,20.0500
1628125431517000,0,49.94705000,20.0300
1628125431542000,0,0.00000612,20.0300
1628125452037000,1,20.90000000,20.0200
1628125457720000,1,20.70000000,20.0000
1628125457720000,1,49.97601000,20.0000
1628125470056000,0,21.00000000,20.0000
1628125480058000,0,49.97850000,20.0200
1628125487469000,0,49.98500000,20.0100
1628125487469000,0,0.00000450,20.0100
1628125489754000,0,49.96901000,20.0200
1628125499990000,1,20.90000000,19.9900
1628125503004000,0,50.00750000,20.0000
1628125508794000,0,50.00750000,20.0000
1628125514388000,0,50.01100000,20.0000
1628125535990000,0,50.05556167,19.9900
1628125546227000,0,125.22544000,19.9800
1628125560584000,0,0.00000174,19.9800
1628125560584000,0,21.10000000,19.9800
1628125561178000,0,125.18907188,19.9900
1628125561178000,0,20.99992812,19.9900
1628125576677000,1,50.05606279,19.9600
1628125578395000,1,50.04804000,19.9500
1628125579950000,1,0.00000612,19.9500
1628125581204000,0,50.14592000,19.9500
1628125581227000,0,0.00000464,19.9500
1628125584642000,0,50.14039000,19.9500
1628125586059000,1,325.35519377,19.9400
1628125586059000,1,20.59999623,19.9400
1628125593011000,1,4.24900000,19.9000
1628125599930000,0,50.27550000,19.9000
1628125600562000,0,50.25327651,19.9100
1628125603574000,0,50.19777000,19.9300
1628125620669000,0,50.12631000,19.9600
1628125624292000,0,50.10371000,19.9700
1628125624343000,0,0.00000469,19.9700
1628125656968000,0,20.80000000,19.9900
1628125675522000,1,50.03502452,19.9600
1628125675522000,1,325.36822979,19.9500
1628125675522000,1,112.41418445,19.9500
1628125681050000,0,11.00000000,19.9700
1628125686260000,0,9.70000000,19.9700
1628125696028000,0,20.80000000,19.9900
1628125705150000,1,105.67342000,19.9800
1628125727676000,0,50.10823000,19.9600
1628125730055000,0,50.08000000,19.9800
1628125730102000,0,0.00113143,19.9800
1628125764117000,0,9.36300000,19.9900
1628125806492000,1,28.06303000,19.9900
1628125881133000,0,50.11978000,19.9600
1628125993922000,1,49.96452000,20.0100
1628125994003000,1,0.00000519,20.0100
1628125995762000,0,49.97401351,20.0200
1628125995762000,0,124.93132724,20.0200
1628125995762000,0,100.00000000,20.0200
1628125995762000,0,214.78058303,20.0300
1628126008588000,0,100.00000000,20.0100
1628126008588000,0,50.00300018,20.0100
1628126008588000,0,2.52533719,20.0200
1628126008588000,0,20.80000000,20.0200
1628126008588000,0,87.36646932,20.0200
1628126021625000,1,28.03000000,20.0100
1628126021655000,1,0.00448275,20.0100
1628126200141000,0,49.83250000,20.0800
1628126248834000,0,10.55074727,20.0800
1628126248918000,0,10.28281297,20.0800
1628126248955000,0,10.15969248,20.0800
1628126249014000,0,10.12311923,20.0800
1628126249068000,0,8.71321088,20.0800
1628126249068000,0,1.37916960,20.0800
1628126312323000,0,49.78689000,20.0900
1628126393629000,1,20.90000000,20.0600
1628126536859000,0,20.50000000,20.1000
1628126587164000,1,20.70000000,20.0900
1628126593926000,0,260.00000000,20.1100
1628126649637000,0,20.50000000,20.1200
1628126694544000,1,6.25000000,20.1000
1628126695163000,1,26.37233635,20.1000
1628126695354000,1,194.36906000,20.1000
1628126695444000,1,3.06100000,20.1000
1628126695461000,1,80.00000000,20.1000
1628126695518000,1,53.94760365,20.1000
1628126710018000,0,20.50000000,20.0800
1628126744962000,0,49.91115814,20.0400
1628126744962000,0,20.79999186,20.0400
1628126763839000,0,100.00000000,20.0300
1628126837183000,0,49.94007000,20.0300
1628126904569000,1,21.00000000,20.0000
1628126912750000,1,26.58889149,19.9800
1628126912758000,1,26.45883799,19.9800
1628126912758000,1,71.99099425,19.9800
1628126912758000,1,23.90419575,19.9800
1628126912762000,1,17.65221222,19.9800
1628126912770000,1,8.45759595,19.9800
1628126912879000,1,125.07876183,19.9700
1628126912879000,1,368.00000000,19.9700
1628126937782000,1,49.98000000,20.0000
1628126943772000,1,49.14103477,19.9300
1628126949228000,0,56.60834000,19.9400
1628126949362000,0,21.10000000,19.9400
1628126952861000,0,50.15296655,19.9500
1628126959566000,0,20.50000000,19.9600
1628126970969000,0,20.60000000,19.9600
1628127027662000,0,1367.28000000,20.0100
1628127027662000,0,105.68596180,20.0100
1628127027662000,0,125.03880021,20.0100
1628127027662000,0,50.00700098,20.0100
1628127027662000,0,100.00000000,20.0100
1628127027662000,0,21.10000000,20.0100
1628127027662000,0,144.76344036,20.0200
1628127027662000,0,211.41479518,20.0200
1628127027662000,0,12.16562922,20.0200
1628127027662000,0,1594.89709549,20.0200
1628127075105000,0,124.98129168,20.0100
1628127075105000,0,50.00499832,20.0100
1628127079673000,0,49.98250000,20.0200
1628127117023000,0,50.06959674,19.9900
1628127117023000,0,50.98281326,19.9900
1628127117169000,0,46.68974934,19.9900
1628127117185000,0,27.49770557,19.9900
1628127124175000,0,50.04804000,19.9900
1628127147110000,0,50.01050000,20.0000
1628127207569000,0,20.60000000,20.0000
1628127207569000,0,50.01050000,20.0000
1628127211001000,0,50.00400000,20.0100
1628127235296000,0,49.93009000,20.0400
1628127235340000,0,0.00000786,20.0400
1628127240270000,1,1.66838973,20.0300
1628127309963000,0,49.92261000,20.0400
1628127314032000,0,49.90268000,20.0500
1628127360516000,0,49.91315000,20.0400
1628127381727000,0,49.90310000,20.0500
1628127381733000,0,0.00008782,20.0500
1628127388769000,0,49.85690000,20.0700
1628127441361000,0,49.91414000,20.0400
1628127457713000,1,416.00000000,20.0000
1628127457713000,1,20.90000000,20.0000
1628127457713000,1,49.94306491,19.9900
1628127457713000,1,105.58297986,19.9900
1628127457713000,1,2.65390522,19.9800
1628127457713000,1,1098.27000000,19.9800
1628127457713000,1,324.87717510,19.9800
1628127457713000,1,338.00000000,19.9800
1628127457713000,1,63.59700000,19.9800
1628127457713000,1,124.89879203,19.9800
1628127457713000,1,316.36537233,19.9700
1628127457713000,1,86.18700000,19.9700
1628127457713000,1,316.50308216,19.9600
1628127457713000,1,2.30113211,19.9600
1628127457713000,1,167.74936108,19.9600
1628127457713000,1,60.00000000,19.9500
1628127457713000,1,105.57843699,19.9500
1628127457713000,1,132.94542145,19.9400
1628127465457000,0,50.00900000,20.0000
1628127475126000,0,125.04255260,20.0100
1628127475126000,0,50.00449740,20.0100
1628127494230000,0,49.99150144,20.0100
1628127494230000,0,65.00849856,20.0100
1628127494295000,0,59.97404000,20.0100
1628127517788000,0,49.97551000,20.0200
1628127517813000,0,0.00000200,20.0200
1628127561633000,0,49.91065000,20.0400
1628127569511000,1,105.38816115,20.0300
1628127569511000,1,17.28157885,20.0300
1628127616215000,0,49.93508000,20.0300
1628127630745000,1,20.40000000,20.0200
1628127690675000,0,49.92311000,20.0400
1628127690697000,0,0.00000840,20.0400
1628127695868000,0,49.90260000,20.0500
1628127695905000,0,0.00008975,20.0500
1628127730055000,0,49.90916000,20.0400
1628127797653000,0,49.88526000,20.0500
1628127817246000,1,20.60000000,20.0000
1628127858306000,1,21.00000000,20.0200
1628127867409000,1,20.70000000,20.0000
1628127915428000,1,21.00000000,20.0100
1628127957272000,1,20.90000000,19.9900
1628127962329000,0,50.02801000,20.0000
1628127991554000,0,49.95653000,20.0300
1628127991564000,0,0.00000781,20.0300
1628128003222000,0,49.90610000,20.0500
1628128007013000,1,20.70000000,20.0400
1628128133712000,0,49.99350084,20.0100
1628128149297000,1,20.60000000,19.9900
1628128150990000,0,50.03252114,19.9900
1628128174548000,0,50.06558000,19.9800
1628128185710000,1,20.70000000,19.9700
1628128201910000,0,50.09467000,19.9700
1628128218383000,0,50.03400000,19.9900
1628128219888000,0,50.02696000,20.0000
1628128220080000,0,125.04255260,20.0100
1628128318371000,1,20.50000000,20.0200
1628128408273000,0,49.82910000,20.0800
1628128429346000,0,49.80873000,20.0800
1628128438351000,0,29.83130000,20.0900
1628128447919000,1,20.80000000,20.0900
1628128495588000,0,49.76362000,20.1000
1628128506572000,0,49.73639000,20.1100
1628128533015000,0,49.68252000,20.1400
1628128552757000,1,23.80000000,20.1500
1628128554640000,1,23.70000000,20.1400
1628128565334000,0,49.58251000,20.1800
1628128575474000,0,49.55106000,20.1900
1628128588920000,1,20.80000000,20.1700
1628128614499000,0,20.40000000,20.1700
1628128626407000,0,20.70000000,20.1900
1628128700126000,1,20.30000000,20.1300
1628128817466000,1,20.50000000,20.1100
1628128829507000,1,20.60000000,20.1000
1628128843667000,0,49.80873000,20.0800
1628128853731000,1,20.90000000,20.0700
1628128858198000,0,49.83603000,20.0700
1628128858274000,0,0.00000943,20.0700
1628128873694000,1,20.90000000,20.0800
1628128874877000,1,20.50000000,20.0700
1628128877689000,0,49.84150000,20.0700
1628128888957000,1,20.60000000,20.0500
1628128913422000,0,49.91115000,20.0400
1628129025811000,0,49.76808000,20.1000
1628129086884000,1,20.80000000,20.0900
1628129089850000,1,21.00000000,20.0800
1628129163012000,1,20.70000000,20.0700
1628129163872000,1,20.70000000,20.0600
1628129227000000,1,20.60000000,20.0500
1628129237550000,1,20.80000000,20.0400
1628129274617000,0,49.85691000,20.0700
1628129274672000,0,0.00000067,20.0700
1628129275198000,0,49.81586000,20.0800
1628129275228000,0,0.00000497,20.0800
1628129287355000,1,26.90000000,20.0800
1628129289559000,1,28.30000000,20.0700
1628129339147000,0,49.83901000,20.0700
1628129473662000,0,49.68549084,20.1300
1628129548807000,1,20.90000000,20.1400
1628129550499000,0,49.63665965,20.1500
1628129581714000,0,49.58644000,20.1700
1628129591524000,1,20.60000000,20.1600
1628129655312000,1,20.90000000,20.1400
1628129665787000,0,49.64109000,20.1500
1628129715175000,1,30.80000000,20.1300
1628129775303000,0,49.60000000,20.1700
1628129812660000,0,10.64200000,20.2300
1628129812770000,0,38.81325786,20.2300
1628129812770000,0,68.34196214,20.2300
1628129812834000,0,55.28704725,20.2300
1628129826228000,1,39.20000000,20.2200
1628129837216000,1,49.00000000,20.2100
1628129838215000,1,41.80000000,20.2000
1628129871555000,1,20.50000000,20.2000
1628129871555000,1,104.50684000,20.2000
1628129884358000,1,20.60000000,20.1900
1628130002816000,1,20.80000000,20.2000
1628130004950000,1,20.70000000,20.1900
1628130017115000,1,20.80000000,20.1800
1628130017115000,1,49.54419342,20.1800
1628130057815000,1,20.80000000,20.1800
1628130258723000,1,49.59579000,20.1500
1628130321756000,1,49.68549000,20.1200
1628130347888000,0,20.40000000,20.1400
1628130378637000,1,20.80000000,20.1400
1628130561240000,1,49.51916887,20.1900
1628130561240000,1,20.59999113,20.1900
1628130598894000,1,20.50000000,20.1800
1628130682773000,0,49.44913662,20.2300
1628130682773000,0,100.00000000,20.2300
1628130682773000,0,20.30000000,20.2400
1628130682773000,0,123.56668233,20.2400
1628130682773000,0,100.00000000,20.2400
1628130682773000,0,2.40120844,20.2400
1628130682773000,0,321.38080049,20.2400
1628130682773000,0,18.97526999,20.2400
1628130682857000,1,430.00000000,20.2400
1628130682865000,1,6.25000000,20.2400
1628130682909000,1,911.73557000,20.2400
1628130682933000,1,17.92300000,20.2400
1628130682950000,1,1044.99622258,20.2400
1628130682969000,1,569.01272219,20.2400
1628130683059000,1,44.43340000,20.2000
1628130683116000,1,6.00000000,20.2000
1628130683176000,1,35.32960000,20.2000
1628130721165000,0,123.69262331,20.2200
1628130721165000,0,76.30737669,20.2200
1628130725173000,1,120.00000000,20.2200
1628130725173000,1,100.00000000,20.2200
1628130725173000,1,10.00000000,20.2200
1628130979927000,1,48.48556812,20.2000
1628130979941000,1,0.98950139,20.2000
1628131070946000,1,49.54610000,20.1800
1628131073855000,0,6.25000000,20.1900
1628131073888000,0,43.29370250,20.1900
1628131086222000,1,50.45380000,20.1800
1628131237581000,0,123.98953605,20.1800
1628131237581000,0,49.58104021,20.1800
1628131287899000,1,20.70000000,20.1800
1628131313093000,1,20.30000000,20.1600
1628131320502000,1,48.61593412,20.1500
1628131320530000,1,0.99216192,20.1500
1628131393657000,1,49.68000000,20.1200
1628131393748000,1,0.00055404,20.1200
1628131397936000,1,49.71068382,20.1100
1628131452333000,1,49.59000000,20.1600
1628131477850000,1,49.64000000,20.1300
1628131477926000,1,0.00158774,20.1300
1628131507630000,0,20.80000000,20.1500
1628131564519000,1,20.80000000,20.1700
1628131620876000,1,20.70000000,20.1500
1628131638508000,1,49.63518142,20.1400
1628131753928000,1,8.00000000,20.1400
1628131754929000,1,49.65000000,20.1300
1628131811758000,0,20.40000000,20.1400
1628131854757000,0,20.60000000,20.1500
1628131873099000,1,7.64000000,20.1500
1628131873134000,1,41.96317460,20.1500
1628131896460000,1,49.56776905,20.1700
1628131961050000,0,7.32523550,20.2100
1628131968146000,1,49.53241401,20.1800
1628131987728000,0,20.70000000,20.1900
1628132124504000,1,49.44229096,20.2200
1628132151807000,0,104.45004706,20.2400
1628132151807000,0,20.70000000,20.2400
1628132151807000,0,49.42810294,20.2400
1628132157433000,1,49.39930446,20.2400
1628132157433000,1,85.77069554,20.2400
1628132157444000,1,14.22930446,20.2400
1628132164475000,1,100.00000000,20.2300
1628132210889000,1,123.46770861,20.2300
1628132210889000,1,49.40028059,20.2300
1628132238269000,1,49.41000000,20.2300
1628132249150000,1,49.42811669,20.2200
1628132295894000,1,49.42029988,20.2200
1628132309888000,1,18.36000000,20.2300
1628132309931000,1,31.05785764,20.2300
1628132317781000,1,49.39000000,20.2400
1628132317798000,1,0.00832836,20.2400
1628132346365000,1,49.39000000,20.2400
1628132346430000,1,0.00930446,20.2400
1628132369931000,1,49.39000000,20.2400
1628132380524000,1,49.39000000,20.2400
1628132380557000,1,0.00832836,20.2400
1628132402125000,1,49.40028059,20.2300
1628132403035000,1,49.43000000,20.2200
1628132423372000,1,49.51000000,20.1900
1628132430590000,0,20.50000000,20.2000
1628132489088000,1,49.39000000,20.2400
1628132489205000,1,0.00296052,20.2400
1628132498590000,0,20.60000000,20.2500
1628132547253000,1,48.51000000,20.3000
1628132557708000,1,49.20000000,20.3200
1628132566194000,1,49.22760000,20.3100
1628132566233000,1,0.00001866,20.3100
1628132576729000,1,49.25000000,20.3000
1628132576759000,1,0.00137904,20.3000
1628132585606000,1,49.27030000,20.2800
1628132585677000,1,0.00000676,20.2800
1628132619030000,1,49.27370558,20.2900
1628132619823000,0,49.27030000,20.3000
1628132625162000,1,49.24458802,20.3000
1628132625162000,1,78.45416198,20.3000
1628132625241000,1,44.65360000,20.3000
1628132625278000,1,0.00001012,20.3000
1628132641734000,1,101.50200000,20.2900
1628132641735000,1,21.63366493,20.2900
1628132641735000,1,49.25283450,20.2900
1628132651174000,1,49.27000000,20.2900
1628132651329000,1,0.00661923,20.2900
1628132655787000,1,49.26000000,20.2900
1628132655854000,1,0.00108374,20.2900
1628132661406000,0,20.20000000,20.3000
1628132668844000,1,49.24264807,20.3000
1628132668844000,1,123.09686096,20.3000
1628132672263000,0,20.70000000,20.3200
1628132676076000,1,49.19419902,20.3200
1628132679228000,1,49.18000000,20.3200
1628132679299000,1,0.00645602,20.3200
1628132679299000,1,49.17354398,20.3200
1628132679356000,1,49.18000000,20.3200
1628132682888000,1,49.18000000,20.3100
1628132682903000,1,0.00645602,20.3100
1628132686299000,1,49.22000000,20.3100
1628132686313000,1,0.00713400,20.3100
1628132701161000,1,49.20000000,20.3200
1628132701187000,1,0.00194446,20.3200
1628132720237000,1,49.24798330,20.2900
1628132724128000,1,49.28000000,20.2800
1628132746827000,1,49.24000000,20.3000
1628132746888000,1,0.00943856,20.3000
1628132750939000,1,48.22929586,20.3100
1628132770894000,1,49.21356720,20.3000
1628132775644000,1,8.98000000,20.3000
1628132775661000,1,40.26895346,20.3000
1628132775661000,1,123.09928549,20.3000
1628132779107000,1,49.25234000,20.3000
1628132779155000,1,0.00000934,20.3000
1628132780332000,1,49.25000000,20.2900
1628132780379000,1,0.00234934,20.2900
1628132781645000,1,175.66147264,20.2800
1628132781645000,1,49.25234934,20.2800
1628132785396000,0,20.70000000,20.3000
1628132800577000,1,49.25000000,20.3000
1628132800620000,1,0.00331967,20.3000
1628132810508000,0,20.20000000,20.3200
1628132829583000,1,49.19000000,20.3200
1628132829587000,1,0.00468304,20.3200
1628132842257000,1,49.19000000,20.3200
1628132842296000,1,0.00468304,20.3200
1628132855870000,1,49.17823175,20.3200
1628132857653000,1,49.21000000,20.3100
1628132865175000,1,49.25000000,20.2900
1628132865296000,1,0.00380486,20.2900
1628132892656000,1,49.21938062,20.3100
1628132892656000,1,99.99061938,20.3100
1628132902537000,1,49.22000000,20.3100
1628132902564000,1,0.00664934,20.3100
1628132904427000,1,49.22000000,20.3000
1628132904484000,1,0.00664934,20.3000
1628132921576000,1,49.27000000,20.2900
1628132921676000,1,0.00322000,20.2900
1628132926722000,1,49.27000000,20.2900
1628132954657000,1,49.25000000,20.3000
1628132954675000,1,0.00283450,20.3000
1628132968157000,1,49.20000000,20.3200
1628132973079000,1,49.20291000,20.3100
1628132973092000,1,0.00000281,20.3100
1628132975521000,1,49.23000000,20.3000
1628132975548000,1,0.00585946,20.3000
1628132981526000,1,49.23000000,20.2900
1628132981561000,1,0.00585946,20.2900
1628132985201000,1,49.28050000,20.2800
1628132985231000,1,0.00000463,20.2800
1628132996075000,1,49.27000000,20.2900
1628133008858000,1,49.25000000,20.3000
1628133008894000,1,0.00331967,20.3000
1628133013146000,1,44.03000000,20.2900
1628133013325000,1,5.22331967,20.2900
1628133015039000,1,104.09426214,20.2800
1628133015039000,1,24.42344786,20.2800
1628133015059000,1,98.75709475,20.2800
1628133015059000,1,1.23350525,20.2800
1628133015079000,1,7.09000000,20.2800
1628133015092000,1,40.96331447,20.2800
1628133030083000,1,49.30000000,20.2800
1628133030113000,1,0.00091305,20.2800
1628133054578000,0,20.60000000,20.2900
1628133056924000,1,48.28585224,20.2900
1628133065122000,1,27.66000000,20.2800
1628133065194000,1,21.61127780,20.2800
1628133067921000,1,6.92000000,20.2700
1628133078618000,1,43.87000000,20.2600
1628133078824000,1,5.44000000,20.2600
1628133089435000,0,20.60000000,20.2800
1628133090247000,0,20.70000000,20.2900
1628133102894000,1,49.26933575,20.2900
1628133107596000,1,49.27000000,20.2900
1628133107627000,1,0.00759052,20.2900
1628133116759000,1,31.39000000,20.2700
1628133121716000,1,31.39000000,20.2700
1628133140939000,1,31.39000000,20.2700
1628133141269000,1,17.93377110,20.2700
1628133145769000,1,43.24000000,20.2500
1628133156791000,1,49.30000000,20.2800
1628133156834000,1,0.00091305,20.2800
1628133164367000,1,49.30000000,20.2600
1628133164406000,1,0.00091305,20.2600
1628133167881000,1,49.35000000,20.2500
1628133167885000,1,0.00346955,20.2500
1628133180492000,1,35.42000000,20.2600
1628133180578000,1,13.92957263,20.2600
1628133193595000,1,49.32000000,20.2700
1628133247895000,1,49.32000000,20.2600
1628133247979000,1,0.00571744,20.2600
1628133277943000,1,49.34908556,20.2500
1628133284042000,1,49.34000000,20.2400
1628133284051000,1,0.00908556,20.2400
1628133285747000,1,49.40000000,20.2300
1628133285812000,1,0.00125677,20.2300
1628133293029000,0,20.70000000,20.2400
1628133302568000,1,49.41000000,20.2300
1628133302752000,1,0.00150893,20.2300
1628133305665000,1,49.42000000,20.2200
1628133314549000,1,49.44000000,20.2200
1628133314578000,1,0.00620253,20.2200
1628133318939000,1,49.44620253,20.2100
1628133327552000,1,49.42860000,20.2200
1628133327577000,1,0.00000532,20.2200
1628133349186000,1,49.43000000,20.2200
1628133367997000,1,49.43000000,20.2200
1628133372214000,1,49.43000000,20.2200
1628133372280000,1,0.00838000,20.2200
1628133377595000,1,49.43000000,20.2100
1628133377685000,1,0.00838000,20.2100
1628133381934000,1,48.48220999,20.2100
1628133400559000,1,48.43333004,20.2300
1628133427034000,1,5.47000000,20.2500
1628133427044000,1,43.87324146,20.2500
1628133428938000,1,49.37000000,20.2400
1628133429033000,1,0.00978984,20.2400
1628133435694000,0,2.84691358,20.2500
1628133467343000,1,48.38120439,20.2500
1628133473112000,1,49.36857591,20.2400
1628133481655000,1,49.37198000,20.2500
1628133510750000,0,20.40000000,20.2600
1628133515381000,0,20.30000000,20.2700
1628133523117000,1,49.32182000,20.2700
1628133523262000,1,0.00000491,20.2700
1628133523262000,1,73.95713509,20.2700
1628133524134000,1,49.33000000,20.2600
1628133532554000,1,49.33399112,20.2500
1628133532554000,1,104.31214874,20.2400
1628133532554000,1,120.20418056,20.2400
1628133536009000,1,4.60600000,20.2400
1628133536019000,1,44.77720378,20.2400
1628133543051000,1,49.40000000,20.2300
1628133543052000,1,0.00857931,20.2300
1628133544722000,0,49.38174000,20.2600
1628133550552000,1,49.34000000,20.2600
1628133550596000,1,0.00421538,20.2600
1628133670257000,1,49.38000000,20.2400
1628133670265000,1,0.00661820,20.2400
1628133682391000,1,48.43285131,20.2300
1628133698443000,1,49.42000000,20.2200
1628133698615000,1,0.00616226,20.2200
1628133722113000,0,104.56140831,20.2200
1628133722113000,0,30.09999169,20.2200
1628133731472000,1,49.41000000,20.2300
1628133738597000,1,49.41981000,20.2300
1628133738654000,1,0.00000141,20.2300
1628133816687000,1,49.44000000,20.2200
1628133821177000,1,49.45000000,20.2100
1628133821195000,1,0.00011472,20.2100
1628133832096000,1,49.47800702,20.2000
1628133832104000,1,0.00000001,20.2000
1628133841643000,1,23.51440015,20.1900
1628133841717000,1,26.00673000,20.1900
1628133841758000,1,0.00000052,20.1900
1628133858057000,0,20.80000000,20.1900
1628133876353000,1,49.51000000,20.1900
1628133876374000,1,0.00279411,20.1900
1628133883154000,1,49.51000000,20.1900
1628133883156000,1,0.00769763,20.1900
1628133897175000,1,49.49000000,20.2000
1628133897207000,1,0.00220993,20.2000
1628133902880000,1,10.79000000,20.1900
1628133974303000,1,49.49000000,20.2000
1628133974459000,1,0.00465953,20.2000
1628133986136000,1,49.49000000,20.1900
1628133986139000,1,0.00906942,20.1900
1628133992511000,1,49.52000000,20.1800
1628133992552000,1,0.00505473,20.1800
1628133996724000,1,49.54000000,20.1700
1628134028039000,1,17.67000000,20.1800
1628134051695000,1,49.54000000,20.1800
1628134051698000,1,0.00566624,20.1800
1628134147610000,1,49.49000000,20.2000
1628134147625000,1,0.00612940,20.2000
1628134205899000,0,54.40000000,20.2100
1628134215439000,1,49.47164000,20.2100
1628134215528000,1,0.00000285,20.2100
1628134219562000,1,49.48388000,20.2000
1628134219602000,1,0.00000310,20.2000
1628134220336000,1,49.50397000,20.1900
1628134220524000,1,0.00000022,20.1900
1628134257117000,1,49.52014000,20.1900
1628134257306000,1,0.00000975,20.1900
1628134297224000,1,49.56000000,20.1700
1628134297259000,1,0.00629492,20.1700
1628134330867000,1,49.54000000,20.1700
1628134330908000,1,0.00664817,20.1700
1628134367096000,1,49.59235088,20.1600
1628134709793000,1,100.00000000,20.2500
1628134753155000,0,280.00000000,20.2900
1628134886043000,1,49.34957000,20.2600
1628134886044000,1,0.00000263,20.2600
1628134984703000,1,49.38710601,20.2400
1628135101718000,1,123.47007245,20.2400
1628135101718000,1,49.37735160,20.2400
1628135103258000,1,49.37730000,20.2200
1628135117439000,1,72.67851450,20.2000
1628135164241000,0,20.60000000,20.1900
1628135283415000,0,20.60000000,20.2100
1628135310231000,0,4.87382484,20.2100
1628135314196000,0,23.10000000,20.2100
1628135339440000,0,20.80000000,20.2200
1628135395531000,0,14.87523551,20.2200
1628135395585000,0,5.52476449,20.2200
1628135396789000,0,2.72298475,20.2300
1628135396838000,0,17.37822409,20.2300
1628135396850000,0,0.19879116,20.2300
1628135561153000,0,20.40000000,20.2200
1628135753759000,0,20.30000000,20.2700
1628135774963000,1,20.30000000,20.2400
1628135954306000,1,49.36272000,20.2500
1628135970075000,0,49.41834607,20.2400
1628135970075000,0,100.00000000,20.2400
1628135970075000,0,25.90032981,20.2400
1628135973817000,1,18.42750000,20.2200
1628136228536000,0,20.60000000,20.1800
1628136240985000,0,20.40000000,20.1900
1628136326004000,0,4.87865280,20.1800
1628136336223000,0,15.72134000,20.1800
1628136356639000,0,20.60000000,20.2000
1628136377288000,1,12.07226783,20.1800
1628136466802000,1,100.00000000,20.2200
1628136493380000,1,2.64334560,20.2000
1628136788179000,1,49.44660000,20.2000
1628136818836000,1,6.68128888,20.2100
1628137405199000,0,2.46287128,20.2000
1628137455579000,1,49.56000000,20.1700
1628137474989000,1,49.56000000,20.1600
1628137742411000,1,48.62896818,20.1400
1628137892597000,1,100.00000000,20.0600
1628137892597000,1,2.56043057,20.0600
1628137892597000,1,72.75824531,20.0600
1628137892692000,1,32.45461736,20.0600
1628137892692000,1,124.53672339,20.0600
1628137892692000,1,49.80974167,20.0600
1628137892692000,1,20.40000000,20.0500
1628137892692000,1,166.37096590,20.0500
1628137892692000,1,2.50578380,20.0500
1628137892692000,1,63.59700000,20.0500
1628137892692000,1,210.41660597,20.0500
1628137892692000,1,234.00000000,20.0500
1628137892692000,1,323.80301368,20.0500
1628137892692000,1,315.25828721,20.0400
1628137892692000,1,2.53031230,20.0400
1628137892692000,1,1078.47000000,20.0400
1628137892692000,1,315.41356934,20.0300
1628137892692000,1,60.00000000,20.0300
1628137892692000,1,182.00000000,20.0200
1628137892692000,1,315.69549284,20.0100
1628137892692000,1,218.72849918,20.0100
1628137914686000,1,124.48215424,20.0700
1628137914686000,1,49.79674576,20.0700
1628137997422000,1,37.90680000,20.0800
1628137997497000,1,11.88557000,20.0800
1628137997593000,1,0.00000996,20.0800
1628138001030000,1,49.80626000,20.0600
1628138178857000,1,49.85493656,20.0500
1628138430491000,0,20.50000000,20.0500
1628138431608000,0,20.80000000,20.0600
1628138728417000,0,4.91026919,20.1000
1628138969685000,1,49.79237996,20.0800
1628139005279000,1,9.13000000,20.0700
1628139005310000,1,266.87000000,20.0700
1628139005310000,1,49.78047837,20.0700
1628139047400000,1,20.59999999,20.0300
1628139047410000,1,0.00000001,20.0300
1628139049534000,1,350.00000000,20.0200
1628139092250000,1,25.13682372,20.0300
1628139094781000,1,42.44082999,20.0300
1628139209715000,1,20.90000000,20.0300
1628139209715000,1,46.67760000,20.0300
1628139209913000,1,3.23269900,20.0300
1628139317857000,0,8.73000000,20.0300
1628139346597000,1,14.80070000,20.0200
1628139493911000,1,105.34251000,20.0400
1628139494143000,1,0.00000214,20.0400
1628139597854000,0,27.20000000,20.0400
1628139601976000,1,14.80070000,20.0400
1628139613193000,1,216.40000000,20.0000
1628139613273000,1,0.00100000,20.0000
1628139630774000,0,100.00000000,20.0000
1628139724514000,1,2.00000000,19.9900
1628139782661000,0,3.30853719,20.0300
1628139842220000,0,21.00000000,20.0600
1628139842220000,0,49.88077166,20.0600
1628139842220000,0,29.11922834,20.0600
1628139907269000,1,20.90000000,20.0600
1628139985821000,1,20.60000000,20.1000
1628139988202000,1,20.80000000,20.0900
1628140063605000,1,20.60000000,20.1000
1628140063605000,1,105.01556000,20.1000
1628140080249000,0,13.37579726,20.1200
1628140086576000,1,20.00000000,20.1000
1628140149598000,0,24.80358030,20.1100
1628140200282000,0,2.46160150,20.1000
1628140704303000,0,49.88376000,20.0500
1628140787530000,0,49.75717858,20.1100
1628140800278000,0,1.47716188,20.1300
1628140958979000,1,20.70000000,20.0800
1628141243857000,0,27.83545000,20.0700
1628141244116000,0,0.00000593,20.0700
1628141581443000,0,20.90000000,20.0200
1628141785444000,0,21.10000000,20.0000
1628141966289000,0,21.30000000,20.0400
1628142038282000,0,20.80000000,20.0300
1628142078660000,0,48.00000000,20.0300
1628142116490000,0,28.80000000,20.0500
1628142162294000,0,49.67629482,20.0800
1628142328335000,1,49.78000000,20.0800
1628142600301000,0,5.79321391,20.1100
1628142656855000,0,20.80000000,20.0900
1628142723070000,0,49.71512402,20.1200
1628142730723000,0,6.25000000,20.1500
1628143173504000,0,20.90000000,20.1300
1628143224633000,0,1.23608349,20.1200
1628143277881000,0,100.00000000,20.0900
1628143320305000,0,1.34400441,20.0800
1628143358649000,1,101.81941000,20.0700
1628143358712000,1,3.18059000,20.0700
1628143385900000,1,55.00000000,20.0600
1628143387340000,1,10.63484900,20.0500
1628143560259000,0,10.00000000,20.0200
1628143646189000,0,71.30000000,20.0400
1628143683307000,0,31.28010000,20.0500
1628143703837000,0,49.90000000,20.0700
1628143704088000,0,120.10000000,20.0800
1628143704146000,0,4.50003389,20.0800
1628143704146000,0,49.83304743,20.0800
1628143719430000,0,21.40000000,20.1100
1628143719430000,0,49.75767000,20.1100
1628143763999000,1,20.40000000,20.0900
1628143776658000,0,17.35387673,20.1200
1628143848234000,1,20.70000000,20.0800
1628143916617000,1,20.39999999,20.0700
1628143916714000,1,0.00000001,20.0700
1628143921508000,1,19.21201123,20.0600
1628144218020000,0,50.05203000,19.9900
1628144223194000,0,42.50000000,20.0100
1628144415972000,0,50.10419000,19.9700
1628144419007000,0,50.04652000,19.9900
1628144447832000,0,50.03400000,19.9900
1628144457157000,0,2.48501498,20.0200
1628144478741000,0,50.07710596,19.9800
1628144478741000,0,21.10000000,19.9800
1628144485101000,0,21.20000000,19.9900
1628144486820000,0,21.00000000,20.0000
1628144531072000,0,50.03700000,19.9900
1628144552751000,0,50.08311000,19.9700
1628144561825000,0,50.08010000,19.9800
1628144570666000,0,50.03200000,20.0000
1628144709457000,1,49.99000000,19.9900
1628144709461000,1,0.00451174,19.9900
1628144814227000,0,100.00000000,19.9700
1628144816271000,1,673.02000000,19.9700
1628144816386000,1,0.00353530,19.9700
1628144959997000,1,41.47869819,19.9700
1628144960094000,1,6.25000000,19.9700
1628144966788000,0,20.70000000,19.9500
1628144995988000,0,50.15998000,19.9400
1628145003505000,1,3729.50000000,19.9200
1628145103293000,1,50.16355496,19.9300
1628145148467000,0,50.15696974,19.9500
1628145148467000,0,49.84303026,19.9500
1628145202937000,0,9.65080160,19.9600
1628145238985000,1,95.00000000,19.9400
1628145318633000,1,382.00000000,19.9400
1628145318633000,1,50.11629015,19.9400
1628145345636000,1,105.60000000,19.9200
1628145360273000,0,5.24904690,19.9300
1628145377438000,1,106.10000000,19.8900
1628145397994000,0,3.98900000,19.9100
1628145398092000,0,46.25416079,19.9100
1628145453206000,1,38.10000000,19.9100
1628145587760000,1,23.60000000,19.9200
1628145608499000,1,20.80000000,19.9100
1628145626279000,0,11.00000000,19.9100
1628145720258000,0,3.72272446,19.8900
1628145770799000,0,50.33520000,19.8700
1628145785440000,0,20.70000000,19.8900
1628145791140000,1,28.02226719,19.8800
1628145824361000,1,45.61890605,19.8300
1628145826304000,1,8.00000000,19.8100
1628145843688000,1,44.69529324,19.8200
1628145918058000,0,3.72280000,19.8600
1628145954904000,1,50.00000000,19.8800
1628146012996000,1,21.10000000,19.9100
1628146150991000,1,50.24071728,19.9000
1628146150991000,1,84.24727978,19.9000
1628146214607000,1,20.90000000,19.9300
1628146240743000,1,20.90000000,19.9400
1628146292122000,1,17.33632125,19.9300
1628146320282000,0,2.95568948,19.9500
1628146409580000,0,1.24689834,19.9500
1628146497499000,1,20.80000000,19.9400
1628146733491000,1,20.80000000,19.9900
1628146801950000,1,432.00000000,19.9700
1628146802013000,1,163.70374540,19.9500
1628146802013000,1,20.80000000,19.9500
1628146802013000,1,125.23418793,19.9500
1628146802013000,1,317.03492810,19.9400
1628146802013000,1,2028.47000000,19.9400
1628146802013000,1,2.52219943,19.9400
1628146802013000,1,86.18700000,19.9400
1628146802013000,1,985.54793914,19.9300
1628146871744000,1,105.96858000,19.9000
1628146898082000,0,100.00000000,19.9200
1628146898082000,0,110.89000000,19.9200
1628146899579000,0,8.00000000,19.9200
1628146975582000,1,0.00000332,19.9000
1628146993846000,0,50.15000000,19.9500
1628147110906000,0,50.12980000,19.9600
1628147141738000,0,50.05498215,19.9900
1628147153234000,0,49.87020000,20.0000
1628147227682000,0,49.90610000,20.0500
1628147227739000,0,0.00004519,20.0500
1628147248912000,1,15.15729840,20.0500
1628147249051000,1,5.64270159,20.0500
1628147296835000,1,20.80000000,20.0500
1628147396148000,1,20.79999999,20.0400
1628147396155000,1,0.00000001,20.0400
1628147456656000,1,20.70000000,20.0200
1628147573363000,1,20.50000000,19.9800
1628147585558000,0,50.06907000,19.9800
1628147595079000,1,21.00000000,19.9700
1628147667308000,1,50.07971663,19.9600
1628147667308000,1,9.80475990,19.9600
1628148112271000,1,50.06160697,19.9600
1628148133454000,1,50.06160000,19.9500
1628148161661000,1,50.13841707,19.9300
1628148161661000,1,125.34469792,19.9300
1628148161661000,1,20.02539647,19.9300
1628148181149000,0,100.00000000,19.9300
1628148222644000,0,15.32479919,19.9200
1628148346252000,0,20.70000000,19.9200
1628148361923000,1,120.40763000,19.9000
1628148361975000,1,159.59237000,19.9000
1628148552133000,0,50.33673000,19.8700
1628148708701000,0,50.36200000,19.8600
1628148708774000,0,0.00008490,19.8600
1628148710435000,1,50.35302044,19.8500
1628148710435000,1,125.88877475,19.8500
1628148710435000,1,100.00000000,19.8500
1628148710435000,1,106.19291107,19.8500
1628148710435000,1,106.25051823,19.8400
1628148710435000,1,21.10000000,19.8400
1628148710435000,1,100.00000000,19.8400
1628148710435000,1,2.54686996,19.8400
1628148710435000,1,25.19585776,19.8400
1628148724860000,1,50.34180000,19.8600
1628148732834000,1,50.33982994,19.8600
1628148732834000,1,55.05567006,19.8600
1628148737621000,1,50.34444669,19.8600
1628148752126000,0,12.58434038,19.8600
1628148778061000,0,285.00000000,19.8800
1628148860705000,0,2.37845998,19.8700
1628148942448000,1,1483.86000000,19.8400
1628148944734000,0,2.51234256,19.8500
1628148945063000,1,19.43000000,19.8400
1628148945210000,1,1267.29000000,19.8400
1628148945230000,1,135.38951033,19.8400
1628148945313000,1,340.40000000,19.8400
1628148945314000,1,6.25000000,19.8400
1628148945336000,1,487.10175983,19.8400
1628149052327000,1,50.13653000,19.9400
1628149126892000,1,50.06172000,19.9700
1628149135167000,1,39.96750000,19.9600
1628149189633000,0,20.90000000,19.9600
1628149440307000,0,38.93167494,19.9200
1628149458006000,0,100.00000000,19.9300
1628149458006000,0,105.93612842,19.9400
1628149458006000,0,2.49837385,19.9400
1628149458006000,0,181.09900914,19.9400
1628149458006000,0,1094.92000000,19.9400
1628149458006000,0,125.45036682,19.9400
1628149458006000,0,50.18062797,19.9400
1628149458006000,0,25.59830988,19.9400
1628149560350000,0,8.09829499,19.9000
1628149643795000,0,105.80000000,19.8500
1628149645668000,0,50.38440461,19.8600
1628149645668000,0,102.49999539,19.8600
1628149678276000,0,68.50000000,19.8800
1628149695087000,0,50.27801220,19.9000
1628149695087000,0,45.29998780,19.9000
1628149712748000,0,23.30000000,19.9200
1628149715573000,0,20.05360000,19.9300
1628149723228000,0,20.89999999,19.9400
1628149723262000,0,0.00000001,19.9400
1628149768450000,1,20.60000000,19.9500
1628149896584000,0,50.22196540,19.9200
1628149935550000,1,76.63000000,19.8900
1628149935578000,1,81.32475316,19.8900
1628149935979000,1,202.04000000,19.8900
1628149936083000,1,0.00524684,19.8900
1628149997254000,0,50.20632494,19.9300
1628149998359000,0,50.16000000,19.9400
1628149998379000,0,0.00049189,19.9400
1628150022517000,1,20.50000000,19.9400
1628150146388000,0,3.55667001,19.9600
1628150172082000,1,20.50000000,19.9600
1628150178344000,1,20.70000000,19.9500
1628150257586000,0,35.06640000,19.9900
1628150412598000,1,50.03755816,19.9800
1628150412598000,1,26.79999184,19.9800
1628150439646000,0,23.48000000,20.0000
1628150439724000,0,3568.94000000,20.0000
1628150439736000,0,147.30127016,20.0000
1628150448258000,1,49.96205000,20.0000
1628150450202000,1,49.96205000,19.9800
1628150489539000,0,3.48424212,19.9900
1628150500856000,0,102.11575788,19.9900
1628150532511000,0,105.10000000,20.0100
1628150555672000,0,105.40000000,20.0100
1628150558961000,1,49.96215000,20.0100
1628150559149000,1,0.00000463,20.0100
1628150581861000,1,7.52000000,19.9500
1628150596403000,1,3.95000000,19.9300
1628150758259000,0,22.60000000,19.9100
1628150758259000,0,50.23508425,19.9100
1628150758259000,0,100.00000000,19.9100
1628150758259000,0,100.00000000,19.9200
1628150758259000,0,106.01639545,19.9200
1628150758259000,0,72.19010417,19.9200
1628150771986000,0,22.50000000,19.9100
1628150787415000,0,21.90000000,19.9300
1628150787415000,0,50.20448000,19.9300
1628150872190000,0,21.00000000,19.9500
1628150872190000,0,50.13283115,19.9500
1628150872190000,0,60.00000000,19.9500
1628150981324000,0,20.60000000,19.9600
1628150981324000,0,48.26720000,19.9600
1628150985958000,0,20.50000000,19.9700
1628151000282000,1,22.50818480,19.9700
1628151091111000,0,20.70000000,20.0000
1628151189455000,0,49.95652000,20.0300
1628151189564000,0,0.00000226,20.0300
1628151227980000,0,20.70000000,20.0100
1628151240327000,0,3.08278818,20.0300
1628151315070000,1,20.80000000,20.0000
1628151360343000,0,11.98128256,20.0000
1628151411967000,0,28.32550000,19.9800
1628151419004000,1,20.80000000,19.9600
1628151538920000,1,21.10000000,19.9500
1628151669308000,1,20.70000000,19.9600
1628151682032000,1,20.60000000,19.9500
1628151710313000,1,20.60000000,19.9500
1628151772008000,0,50.15898957,19.9400
1628151812370000,0,50.13634991,19.9500
1628151812370000,0,100.00000000,19.9500
1628151812370000,0,2658.08000000,19.9500
1628151813299000,1,6.25000000,19.9500
1628151813344000,1,926.38678292,19.9500
1628151979687000,0,50.08462361,19.9700
1628151979687000,0,49.91537639,19.9700
1628152078998000,1,20.70000000,20.0200
1628152282569000,0,50.10821000,19.9600
1628152385097000,0,2.46743487,19.9700
1628152398857000,0,50.10972013,19.9600
1628152398857000,0,100.00000000,19.9600
1628152398857000,0,25.50926320,19.9700
1628152502149000,1,50.11679250,19.9500
1628152574561000,1,135.00000000,19.9300
1628152575436000,1,10.00000000,19.9300
1628152576026000,1,8.00000000,19.9300
1628152586877000,1,6269.19000000,19.9200
1628152586927000,1,28.23674000,19.9200
1628152586973000,1,148.83581020,19.9200
1628152617112000,0,2.47238956,19.9300
1628152639887000,0,50.20632000,19.9300
1628152831456000,1,105.40000000,19.9300
1628152887761000,1,105.50000000,19.9200
1628152982453000,0,106.02151813,19.9400
1628152982453000,0,24.42748187,19.9400
1628152988372000,0,6.25000000,19.9500
1628153035625000,1,105.40000000,19.9300
1628153115469000,1,106.00000000,19.8700
1628153142445000,1,105.80000000,19.9000
1628153163640000,0,50.33520000,19.8700
1628153163717000,0,0.00000554,19.8700
1628153284881000,1,51.90000000,19.8500
1628153326854000,1,43.90000000,19.8500
1628153344633000,1,43.70000000,19.8400
1628153367239000,1,3.75037821,19.8300
1628153411543000,1,17.65000000,19.8000
1628153411543000,1,50.50000000,19.8000
1628153411543000,1,126.16195157,19.8000
1628153411543000,1,50.47398178,19.8000
1628153436527000,1,50.50661340,19.7800
1628153441499000,1,51.15883000,19.7600
1628153441544000,1,0.00000423,19.7600
1628153442485000,1,50.55051739,19.7500
1628153456894000,1,21.20000000,19.7500
1628153473096000,0,20.80000000,19.7600
1628153523451000,1,5.52627342,19.7500
1628153606977000,1,416.00000000,19.7200
1628153619905000,1,21.00000000,19.7000
1628153622105000,1,21.10000000,19.7000
1628153622517000,1,50.72696904,19.6900
1628153622517000,1,20.80000000,19.6900
1628153623212000,0,21.40000000,19.7000
1628153634153000,1,21.20000000,19.7000
1628153637966000,0,3.66379310,19.7200
1628153644333000,0,103.58114000,19.7200
1628153657240000,1,50.70484000,19.7100
1628153665624000,1,81.96726596,19.7100
1628153704620000,0,21.10000000,19.6800
1628153714166000,1,69.03311290,19.6700
1628153736237000,1,20.80000000,19.6800
1628153750475000,1,48.23300000,19.6900
1628153768666000,1,51.41417299,19.6900
1628153787179000,1,21.00000000,19.7000
1628153787179000,1,30.41410000,19.7000
1628153842735000,0,21.40000000,19.6800
1628153856807000,0,21.10000000,19.6900
1628154000318000,0,2.83987752,19.6800
1628154000620000,0,18.36012248,19.6800
1628154006306000,0,230.00000000,19.6900
1628154090838000,1,5.08394144,19.7400
1628154136759000,1,50.61164000,19.7500
1628154136940000,0,10.00000000,19.7600
1628154136940000,0,50.59137861,19.7700
1628154136940000,0,74.19213175,19.7700
1628154140917000,0,2.52378542,19.7600
1628154163999000,1,50.65000000,19.7400
1628154164021000,1,0.00063310,19.7400
1628154187057000,1,50.70000000,19.7100
1628154187112000,1,0.00453942,19.7100
1628154224478000,1,50.69528000,19.7200
1628154224513000,1,0.00000386,19.7200
1628154287570000,0,74.19210000,19.7200
1628154337913000,1,50.66856454,19.7300
1628154337913000,1,16.72319064,19.7200
1628154457741000,1,50.59625000,19.7600
1628154534412000,0,20.90000000,19.7600
1628154542923000,1,33.69587759,19.7500
1628154684533000,0,6.25000000,19.7500
1628154705071000,1,50.61776000,19.7400
1628154792775000,1,50.61778000,19.7500
1628154836864000,1,21.00000000,19.7500
1628154843761000,1,147.80419854,19.7400
1628154858833000,1,20.80000000,19.7400
1628154921223000,1,20.80000000,19.6900
1628154926490000,1,21.40000000,19.6700
1628154926490000,1,98.60000000,19.6700
1628154943756000,1,20.80000000,19.6800
1628154969624000,1,50.80470000,19.6800
1628154969750000,1,0.00008887,19.6800
1628154990223000,1,21.40000000,19.6800
1628154990223000,1,5.59530000,19.6800
1628154991809000,1,50.81461000,19.6600
1628154996923000,0,50.87707000,19.6600
1628155011991000,1,33.69587759,19.6500
1628155050706000,1,50.87562706,19.6500
1628155050706000,1,100.00000000,19.6500
1628155050706000,1,2.46807776,19.6500
1628155050706000,1,107.42145447,19.6500
1628155050706000,1,57.99881681,19.6500
1628155064089000,1,50.87457709,19.6500
1628155088408000,1,49.12550000,19.6300
1628155090209000,1,50.93938227,19.6200
1628155090217000,1,0.00000001,19.6200
1628155108129000,1,40.57251362,19.6100
1628155121347000,0,51.01720000,19.6100
1628155130571000,1,50.99757496,19.5900
1628155130571000,1,28.69341907,19.5800
1628155135276000,1,40.57250000,19.5900
1628155161802000,1,1.02274587,19.5600
1628155165256000,1,21.00000000,19.5600
1628155165256000,1,10.00000000,19.5600
1628155166123000,1,21.30000000,19.5600
1628155166123000,1,80.30122968,19.5600
1628155170398000,1,6.25000000,19.5500
1628155179815000,1,20.90000000,19.5300
1628155183379000,1,7.38461538,19.5000
1628155183379000,1,51.28205128,19.5000
1628155195016000,0,21.50000000,19.5200
1628155209814000,0,100.00000000,19.5600
1628155212625000,0,21.00000000,19.5600
1628155214132000,0,51.12620000,19.5700
1628155217777000,0,51.09439000,19.5800
1628155219865000,0,51.07716000,19.5900
1628155220173000,0,0.00000830,19.5900
1628155220173000,0,48.87379170,19.6000
1628155221370000,0,51.13933330,19.6000
1628155221370000,0,51.04118670,19.6000
1628155267499000,1,50.01740099,19.5800
1628155267500000,1,1.02076329,19.5800
1628155276251000,1,51.08000000,19.5700
1628155276345000,1,0.00560200,19.5700
1628155292591000,1,51.15878081,19.5400
1628155292591000,1,119.25712919,19.5400
1628155328665000,1,21.36000000,19.5200
1628155328681000,1,29.82446083,19.5200
1628155333415000,0,21.30000000,19.5200
1628155333415000,0,51.25360879,19.5200
1628155333415000,0,102.44639121,19.5200
1628155333500000,0,250.00000000,19.5200
1628155333586000,0,71.55360879,19.5200
1628155344517000,1,51.25897507,19.5000
1628155345034000,1,21.30000000,19.4900
1628155345034000,1,51.29105136,19.4900
1628155351244000,0,21.60000000,19.5100
1628155372269000,0,108.31993000,19.5100
1628155377343000,0,0.00000628,19.5100
1628155556789000,1,6.25000000,19.5400
1628155563585000,0,11.16368286,19.5500
1628155612240000,0,11.16370000,19.5100
1628155612260000,0,10.23630000,19.5100
1628155634749000,0,108.10066000,19.5500
1628155640308000,1,51.16227466,19.5400
1628155666633000,1,51.09377000,19.5600
1628155743557000,1,51.14081000,19.5400
1628155757713000,0,107.50000000,19.5400
1628155785397000,1,51.10526000,19.5600
1628155796814000,1,51.11256000,19.5600
1628155800319000,1,3.24043171,19.5400
1628155802125000,1,51.11831000,19.5400
1628155812356000,0,107.70000000,19.5400
1628155855265000,1,51.08127000,19.5700
1628155902235000,1,24.06174626,19.5300
1628156003195000,0,2.55350742,19.5300
1628156006427000,1,21.20000000,19.5000
1628156022025000,1,6.45382476,19.5000
1628156040285000,0,3.48945343,19.5300
1628156264308000,1,51.43355000,19.4300
1628156266458000,0,1.02313624,19.4500
1628156323716000,1,86.18700000,19.4200
1628156374253000,0,108.30000000,19.4200
1628156390377000,1,18.00000000,19.4000
1628156404368000,1,3.98000000,19.3600
1628156411480000,1,16.58875441,19.3500
1628156418332000,1,2.57928565,19.3800
1628156418332000,1,17.98941435,19.3800
1628156425054000,0,258.00000000,19.4100
1628156439542000,0,108.20000000,19.4500
1628156444364000,1,51.36247000,19.4600
1628156444400000,1,0.00000941,19.4600
1628156447267000,1,128.42113915,19.4400
1628156447267000,1,51.38781085,19.4400
1628156455839000,0,108.10000000,19.4600
1628156468253000,1,59.76824552,19.4500
1628156472126000,1,51.38443000,19.4500
1628156492102000,0,108.40000000,19.4500
1628156724158000,1,51.11700000,19.5500
1628156754403000,1,51.19866000,19.5200
1628156774743000,1,21.10000000,19.5200
1628156779399000,1,51.19553888,19.5100
1628156779399000,1,20.99999112,19.5100
1628156813651000,1,21.10000000,19.4900
1628156939781000,1,6.25000000,19.5100
1628156942733000,1,44.96418000,19.5100
1628156998285000,0,1.02208525,19.4700
1628157006818000,1,51.38443000,19.4500
1628157008164000,1,51.43041000,19.4400
1628157009857000,0,6.25000000,19.4500
1628157023828000,0,108.66502883,19.4500
1628157023828000,0,21.59999117,19.4500
1628157129378000,0,6.24990000,19.5100
1628157129547000,0,45.03525000,19.5100
1628157168459000,1,21.50000000,19.5200
1628157325320000,1,19.54777541,19.4800
1628157434955000,1,96.00623197,19.4900
1628157435921000,1,3.99376803,19.4900
1628157435921000,1,0.05128232,19.4900
1628157548044000,1,10.49486742,19.5000
1628157553077000,1,99.99990000,19.4900
1628157563696000,0,51.30674542,19.5000
1628157617989000,0,21.20000000,19.4900
1628157635643000,1,10.02352242,19.5000
1628157740665000,0,128.31435992,19.5000
1628157745204000,0,60.00000000,19.5300
1628157745204000,0,40.00000000,19.5300
1628157757835000,0,21.40000000,19.5600
1628157757835000,0,51.15807000,19.5600
1628157758254000,0,127.85107906,19.5700
1628157758254000,0,51.13095094,19.5700
1628157772484000,0,51.05097000,19.6000
1628157777228000,0,51.00162000,19.6200
1628157777325000,0,10.00000000,19.6300
1628157777413000,1,50.98394373,19.6300
1628157777480000,1,39.01605627,19.6300
1628157777480000,1,6.25000000,19.6300
1628157777480000,1,2.55040551,19.6300
1628157778043000,1,6.25000000,19.6200
1628157780205000,0,7.60680000,19.6300
1628157822909000,1,50.94920000,19.6200
1628157822917000,1,0.00001409,19.6200
1628157822917000,1,24.99998591,19.6200
1628157823087000,1,0.00001409,19.6200
1628157823775000,0,50.95952215,19.6300
1628157823775000,0,2.40489240,19.6300
1628157823775000,0,13.98359971,19.6300
1628157843459000,1,20.09080000,19.6000
1628157843501000,1,0.90920000,19.6000
1628157860098000,1,51.03658000,19.5800
1628157933430000,0,107.92085000,19.5900
1628157961806000,0,281.52810000,19.6100
1628157961872000,0,80.47190000,19.6100
1628157994820000,0,2.00000000,19.6200
1628158007232000,0,190.00000000,19.6300
1628158007302000,0,145.00000000,19.6300
1628158007370000,0,19.00000000,19.6300
1628158013399000,1,50.94040000,19.6200
1628158056092000,1,50.87923645,19.6500
1628158056092000,1,21.30000000,19.6500
1628158056092000,1,127.16820355,19.6500
1628158115363000,0,270.00000000,19.6800
1628158158444000,1,50.85336000,19.6500
1628158217139000,1,16.54422000,19.6700
1628158223255000,1,0.00000979,19.6700
1628158255514000,1,50.84663880,19.6500
1628158313400000,1,67.34801426,19.6300
1628158391568000,0,380.00000000,19.6800
1628158395457000,1,50.80478000,19.6800
1628158461730000,0,27.66562249,19.6900
1628158461763000,0,23.12980678,19.6900
1628158501433000,1,50.73000000,19.7000
1628158501704000,1,0.00311948,19.7000
1628158502318000,1,158.26487000,19.6900
1628158502377000,1,171.53686525,19.6900
1628158502377000,1,126.86619475,19.6900
1628158570337000,0,168.40306000,19.6500
1628158570407000,0,225.00000000,19.6500
1628158582397000,1,50.90669000,19.6400
1628158621463000,0,21.10000000,19.6400
1628158621463000,0,129.80669000,19.6400
1628158629585000,0,21.00000000,19.6500
1628158634706000,0,140.00000000,19.6600
1628158634775000,0,174.00000000,19.6600
1628158686047000,0,20.90000000,19.6200
1628158800233000,0,12.91546258,19.6500
1628158879646000,0,21.20000000,19.6300
1628158910758000,0,10.71307184,19.6200
1628158911297000,0,10.18692815,19.6200
1628158911735000,0,0.00000001,19.6200
1628158941013000,1,50.96480000,19.6100
1628159030247000,1,50.97468000,19.6100
1628159104888000,1,51.01160739,19.6000
1628159104888000,1,99.99999261,19.6000
1628159111215000,1,11.00000000,19.5900
1628159111274000,1,40.01316880,19.5900
1628159163319000,1,51.08196000,19.5700
1628159165511000,1,0.00000535,19.5700
1628159188970000,0,21.00000000,19.5800
1628159188970000,0,149.00000000,19.5800
1628159198600000,1,51.06000000,19.5800
1628159280314000,0,1.84502383,19.6100
1628159385389000,1,51.00640000,19.6000
1628159447837000,0,1.07095456,19.5900
1628159458836000,1,51.05536288,19.5800
1628159466113000,0,20.02904544,19.5900
1628159521649000,1,51.05484154,19.5800
1628159521649000,1,123.94515846,19.5800
1628159527682000,1,51.07570000,19.5600
1628159620741000,1,51.26948000,19.5000
1628159620856000,1,0.00000746,19.5000
1628159637311000,1,51.27209742,19.5000
1628159637316000,1,0.00000001,19.5000
1628159637443000,1,128.19855392,19.4900
1628159637443000,1,69.17621608,19.4900
1628159637492000,1,245.00000000,19.4900
1628159637522000,1,6.25000000,19.4900
1628159637557000,1,12.88003706,19.4900
1628159638352000,1,51.31842000,19.4800
1628159644891000,0,185.00000000,19.4900
1628159644970000,0,169.00000000,19.4900
1628159644970000,0,21.10000000,19.4900
1628159650675000,0,244.00000000,19.5100
1628159658461000,0,21.50000000,19.5300
1628159669477000,1,51.19000000,19.5300
1628159713762000,1,51.19000000,19.5300
1628159713776000,1,0.00544889,19.5300
1628159754983000,1,51.19000000,19.5300
1628159755003000,1,0.00492469,19.5300
1628159782688000,1,51.28947000,19.4900
1628159789391000,0,51.32832021,19.4900
1628159789391000,0,437.99999979,19.4900
1628159813755000,0,21.40000000,19.4900
1628159816285000,0,108.45666948,19.5000
1628159816285000,0,51.31411701,19.5000
1628159825383000,1,51.27737000,19.4800
1628159832303000,1,28.32550000,19.4800
1628159836667000,0,21.20000000,19.5100
1628159852111000,0,352.00000000,19.5200
1628159860195000,0,21.40000000,19.5300
1628159893609000,0,422.00000000,19.5800
1628159905400000,1,51.06370000,19.5800
1628160008150000,0,390.35780000,19.6100
1628160008224000,0,47.64220000,19.6100
1628160079832000,1,51.12270000,19.5500
1628160101674000,0,240.00000000,19.5600
1628160101692000,0,34.26802282,19.5600
1628160101757000,0,6.25000000,19.5600
1628160101785000,0,115.48197718,19.5600
1628160120609000,1,127.83408159,19.5400
1628160120609000,1,51.14570841,19.5400
1628160151708000,0,1.70000000,19.5600
1628160179615000,0,1.41000000,19.5600
1628160200504000,1,51.15408000,19.5400
1628160215338000,1,193.38400803,19.5200
1628160301758000,0,164.43361829,19.5500
1628160301797000,0,165.00000000,19.5500
1628160301800000,0,6.62983929,19.5500
1628160301804000,0,3.93654242,19.5500
1628160302321000,0,6.25000000,19.5700
1628160302523000,0,44.86267263,19.5700
1628160320596000,1,51.07987000,19.5700
1628160554368000,1,6.25000000,19.6200
1628160562154000,1,50.87456000,19.6500
1628160587568000,1,50.82904000,19.6700
1628160598228000,1,50.82544000,19.6700
1628160681286000,1,50.82906000,19.6700
1628160683315000,1,50.82906000,19.6600
1628160733468000,0,6.23157127,19.6400
1628160848986000,0,8.13272077,19.5900
1628160921458000,1,6.25000000,19.5600
1628160935212000,0,5.11247443,19.5700
1628160998152000,1,51.11852000,19.5500
1628161004711000,1,5.11247443,19.5400
1628161202285000,1,50.87302000,19.6500
1628161205261000,1,50.87302000,19.6300
1628161207367000,1,50.87302000,19.6200
1628161213932000,1,50.87302415,19.6000
1628161230850000,0,21.50000000,19.5800
1628161279187000,0,21.30000000,19.5600
1628161279187000,0,242.00000000,19.5600
1628161373561000,0,390.00000000,19.5700
1628161485006000,1,51.06160000,19.5800
1628161544288000,1,0.00000321,19.5800
1628161545597000,1,127.65392510,19.5700
1628161545597000,1,87.53746490,19.5700
1628161545645000,1,244.40011000,19.5700
1628161613343000,0,127.64381654,19.6000
1628161613343000,0,51.04468346,19.6000
1628161613679000,0,0.00001553,19.6000
1628161636378000,0,51.07233000,19.5900
1628161638682000,0,127.65989515,19.6000
1628161638682000,0,27.34010485,19.6000
1628161643053000,0,51.05395533,19.6000
1628161645955000,0,51.04275534,19.6100
1628161645955000,0,127.60309466,19.6100
1628161648580000,0,0.00000865,19.6100
1628161648835000,0,51.04000000,19.6100
1628161648862000,0,0.00275534,19.6100
1628161660887000,1,40.01218244,19.6100
1628161660993000,1,67.57545784,19.6100
1628161660993000,1,27.29999999,19.6100
1628161663515000,0,51.04275534,19.6000
1628161663515000,0,127.60309466,19.6000
1628161663715000,0,0.00000865,19.6000
1628161670173000,0,51.04275534,19.6100
1628161675149000,0,51.04275000,19.6100
1628161675313000,0,0.00000534,19.6100
1628161677576000,0,127.60310331,19.6100
1628161678083000,0,51.04275534,19.6100
1628161680065000,0,127.60310331,19.6200
1628161680065000,0,51.04274669,19.6200
1628161680276000,0,0.00000865,19.6200
1628161689080000,1,107.51559000,19.6200
1628161692562000,1,0.00000619,19.6200
1628161695569000,0,11.00000000,19.6100
1628161695592000,0,40.04275534,19.6100
1628161695592000,0,127.60310331,19.6100
1628161698786000,0,11.03460112,19.6100
1628161699811000,0,113.96539888,19.6100
1628161701701000,1,21.49999999,19.6000
1628161701757000,1,0.00000001,19.6000
1628161709731000,0,51.04275534,19.6000
1628161709731000,0,127.60309466,19.6000
1628161742144000,0,0.00000865,19.6000
1628161744259000,0,325.00000000,19.6100
1628161744334000,0,6.73751000,19.6100
1628161802468000,1,107.48276000,19.6300
1628161825532000,0,165.00000000,19.6900
1628161825579000,0,97.00000000,19.6900
1628161836160000,1,50.74133084,19.7000
1628161836160000,1,99.99999916,19.7000
1628161838931000,1,50.76090000,19.6900
1628161864728000,1,6.25000000,19.7200
1628161879722000,0,1.02313624,19.7400
1628161879722000,0,399.99999376,19.7400
1628161881725000,1,50.68629240,19.7200
1628161893154000,0,1.00759493,19.7500
1628161896930000,1,50.64419000,19.7400
1628161905001000,1,50.64778000,19.7400
1628161959466000,1,50.62470000,19.7500
1628161959495000,1,0.00000891,19.7500
1628161981315000,1,50.63137000,19.7400
1628162011148000,0,50.68937551,19.7400
1628162032139000,1,11.00000000,19.7500
1628162032142000,1,39.62419634,19.7500
1628162062203000,0,50.61497191,19.7600
1628162062203000,0,21.00000000,19.7700
1628162062203000,0,61.90146713,19.7700
1628162117040000,0,18.49848686,19.7500
1628162157889000,1,50.69914000,19.7100
1628162158656000,0,8.00000000,19.7200
1628162158656000,0,0.82919412,19.7300
1628162175279000,0,50.79545000,19.6900
1628162208710000,0,140.00000000,19.7100
1628162208828000,0,44.00000000,19.7100
1628162208895000,0,136.42965000,19.7100
1628162221712000,0,50.77688000,19.7000
1628162390938000,1,50.82798000,19.6700
1628162390956000,1,0.00000792,19.6700
1628162409939000,1,50.86107000,19.6500
1628162429315000,0,21.20000000,19.6500
1628162442155000,0,50.92583000,19.6400
1628162538395000,1,11.00000000,19.6300
1628162575448000,0,18.75287399,19.6300
1628162620655000,1,9.75110000,19.6300
1628162620812000,1,41.15658401,19.6300
1628162801241000,0,264.00000000,19.6300
1628162888201000,1,26.00000000,19.6200
1628162960726000,0,149.64325700,19.6400
1628162966308000,0,31.35689667,19.6400
1628162966360000,0,39.13358012,19.6400
1628162966557000,0,43.07798943,19.6400
1628162966639000,0,6.25000000,19.6400
1628162966645000,0,80.53827678,19.6400
1628162997681000,0,20.90000000,19.6900
1628163010814000,1,50.77327000,19.6800
1628163010839000,1,0.00000701,19.6800
1628163043899000,1,50.79803716,19.6800
1628163051304000,1,50.80268000,19.6800
1628163055490000,1,127.03122572,19.6700
1628163055490000,1,50.80268238,19.6700
1628163129665000,0,95.00000000,19.6600
1628163152143000,1,26.00000000,19.6600
1628163152269000,1,24.85435313,19.6600
1628163152269000,1,80.43311687,19.6600
1628163152330000,1,46.66914000,19.6600
1628163152500000,1,0.00001193,19.6600
1628163256335000,0,1.26464778,19.6700
1628163325788000,1,50.85590000,19.6600
1628163369382000,1,50.88281000,19.6500
1628163385729000,1,50.85538000,19.6500
1628163480266000,1,1.53117750,19.6500
1628163503343000,0,9.00610376,19.6600
1628163670252000,0,9.00610000,19.6300
1628163675896000,1,50.92894000,19.6300
1628163675925000,1,0.00000394,19.6300
1628163755208000,1,50.98711000,19.6000
1628163816520000,1,3.12413675,19.5500
1628163818590000,0,100.00000000,19.5400
1628163819148000,1,6.25000000,19.5400
1628163834034000,0,100.00000000,19.5600
1628163834080000,0,33.86925005,19.5600
1628163834081000,0,180.00000000,19.5600
1628163834108000,0,6.25000000,19.5600
1628163834152000,0,99.88074995,19.5600
1628163889281000,1,51.12056000,19.5400
1628163924186000,0,196.16911000,19.5300
1628163960294000,1,10.00000000,19.5600
1628163960294000,1,41.71378260,19.5500
1628164048735000,1,41.71370000,19.5700
1628164152734000,0,398.00000000,19.6400
1628164173803000,0,1.01323828,19.6400
1628164224171000,1,51.00219000,19.6000
1628164360232000,1,14.74368527,19.5500
1628164360247000,1,36.37583797,19.5500
1628164394415000,1,8.00000000,19.5500
1628164579533000,0,1.27147239,19.5600
1628164585646000,1,101.10848871,19.5500
1628164609240000,0,21.00000000,19.5500
1628164614328000,0,258.00000000,19.5600
1628164685417000,0,328.00000000,19.6000
1628164809761000,0,394.00000000,19.5500
1628164823601000,0,205.00000000,19.5600
1628164959453000,1,51.08296341,19.5700
1628164959453000,1,28.47017015,19.5700
1628164959497000,1,6.25000000,19.5700
1628164959779000,1,6.29044499,19.5700
1628164959855000,1,49.11000000,19.5700
1628164959915000,1,37.56851800,19.5700
1628165023525000,1,100.00000000,19.6600
1628165029983000,1,50.85693000,19.6600
1628165030014000,1,0.00000943,19.6600
1628165030332000,1,127.18244000,19.6500
1628165041313000,1,50.85487037,19.6600
1628165048092000,0,282.00000000,19.6700
1628165064347000,0,256.00000000,19.7100
1628165143274000,1,50.67704533,19.7200
1628165143274000,1,126.70415467,19.7200
1628165143352000,1,0.00000883,19.7200
1628165194401000,1,50.71090000,19.7100
1628165196217000,1,49.28910000,19.7000
1628165331485000,1,50.72691000,19.7100
1628165600192000,1,50.83315000,19.6500
1628165811428000,1,51.06470000,19.5800
1628165895379000,1,80.31844617,19.5700
1628165912877000,1,21.40000000,19.5800
1628165983300000,1,50.98347000,19.6100
1628166002470000,1,100.00000000,19.6000
1628166002470000,1,2.55509768,19.6000
1628166017087000,1,50.99595000,19.6000
1628166018864000,1,127.44438327,19.5900
1628166018864000,1,50.99581673,19.5900
1628166040167000,1,214.94410737,19.5900
1628166071907000,1,50.98607000,19.6100
1628166132223000,1,1.87830000,19.6500
1628166159102000,0,20.80000000,19.6700
1628166159102000,0,39.20000000,19.6700
1628166258296000,1,50.81197000,19.6700
1628166300986000,1,8.78768638,19.6900
1628166319713000,1,50.85331000,19.6600
1628166369956000,1,50.92738000,19.6300
1628166477594000,1,127.50548274,19.6000
1628166477594000,1,50.99334726,19.6000
1628166496441000,1,9.64980000,19.5600
1628166531566000,1,21.49206349,19.5300
1628166560308000,1,51.18703242,19.5300
1628166560308000,1,127.96100758,19.5300
1628166584907000,1,51.16712000,19.5400
1628166631638000,1,51.23738000,19.5100
1628166633190000,0,51.26679000,19.5100
1628166652757000,0,316.00000000,19.5100
1628166747062000,1,2.84691358,19.5600
1628166816038000,1,50.98659225,19.6000
1628166868548000,1,51.01260000,19.6000
1628166868628000,1,0.00000263,19.6000
1628166890474000,1,2.84690000,19.5500
1628166912624000,1,51.16398000,19.5400
1628166912778000,1,0.00000773,19.5400
1628166913643000,1,127.95970805,19.5300
1628166913643000,1,51.17654195,19.5300
1628167011027000,1,11.00000000,19.5800
1628167014736000,1,98.00000000,19.5900
1628167072948000,1,51.11586000,19.5600
1628167092922000,1,51.11586000,19.5600
1628167092960000,1,0.00000490,19.5600
1628167096446000,1,51.13250000,19.5400
1628167104256000,0,290.00000000,19.5400
1628167153422000,1,46.86750000,19.5200
1628167155820000,1,625.27421834,19.5100
1628167155820000,1,51.23056724,19.5100
1628167164343000,1,2.82283666,19.5000
1628167182924000,0,108.55756000,19.4700
1628167208035000,0,290.00000000,19.5000
1628167209215000,1,8.29181468,19.4900
1628167222006000,1,51.24526000,19.5000
1628167240678000,1,51.31364071,19.4800
1628167240678000,1,128.28537929,19.4800
1628167249868000,1,151.21989506,19.4600
1628167279297000,1,51.29889000,19.4800
1628167287974000,1,51.32680000,19.4800
1628167288081000,1,0.00000586,19.4800
1628167289308000,1,229.39667911,19.4600
1628167298385000,1,128.36443176,19.4600
1628167298385000,1,51.35368824,19.4600
1628167305395000,1,21.40000000,19.4600
1628167325755000,1,51.33102552,19.4700
1628167329950000,1,64.85570864,19.4500
1628167344347000,1,108.44081727,19.4700
1628167356563000,1,51.36741000,19.4600
1628167362996000,1,51.39698000,19.4500
1628167364058000,1,51.39698403,19.4400
1628167370421000,1,915.95663594,19.4200
1628167371806000,1,21.50000000,19.4200
1628167378210000,0,1.02524471,19.4100
1628167388380000,0,51.53086000,19.4100
1628167408119000,1,51.48218000,19.4200
1628167408137000,1,0.00000309,19.4200
1628167412448000,1,51.49120000,19.4000
1628167416717000,0,51.61021000,19.3800
1628167425170000,1,51.51719000,19.4000
1628167440149000,1,51.53897000,19.3800
1628167441385000,1,6.25000000,19.3600
1628167454859000,0,109.16414062,19.3700
1628167454859000,0,329.99999938,19.3700
1628167455972000,1,100.00000000,19.3600
1628167455972000,1,2.53954701,19.3600
1628167461985000,1,51.60067000,19.3700
1628167462053000,1,0.00000299,19.3700
1628167468786000,1,51.64010000,19.3600
1628167469063000,1,0.00001123,19.3600
1628167484380000,1,47.33470000,19.3500
1628167484625000,1,4.29260665,19.3500
1628167484625000,1,35.03375031,19.3500
1628167484680000,1,6.25000000,19.3500
1628167485479000,1,51.69670897,19.3400
1628167485672000,1,0.00000001,19.3400
1628167486138000,1,23.81000000,19.3300
1628167486190000,1,266.19000000,19.3300
1628167491493000,1,51.81940602,19.2900
1628167492093000,1,2.00000000,19.2700
1628167496676000,1,2.00000000,19.2600
1628167496812000,1,3.00000000,19.2600
1628167501695000,1,5.00000000,19.2100
1628167503438000,1,52.00000000,19.2000
1628167506307000,1,1.04397000,19.1600
1628167506528000,1,0.00000755,19.1600
1628167509089000,1,100.00000000,19.1300
1628167512174000,0,294.00000000,19.1100
1628167513488000,0,21.60000000,19.1300
1628167517020000,0,36.33058000,19.1400
1628167517416000,0,36.33058000,19.1300
1628167523850000,0,36.33058000,19.1400
1628167527772000,0,110.61169000,19.1300
1628167540154000,0,120.00000000,19.1300
1628167540334000,0,268.00000000,19.1300
1628167545798000,0,1.04188481,19.1000
1628167553377000,1,2.00000000,19.0400
1628167553497000,1,110.86830247,19.0300
1628167553497000,1,2.45216584,19.0300
1628167553497000,1,22.00000000,19.0300
1628167553497000,1,5.00000000,19.0100
1628167553497000,1,332.26613230,19.0100
1628167553497000,1,24.69933973,19.0100
1628167553547000,1,5.73702252,19.0100
1628167562654000,0,170.27565000,19.0300
1628167562726000,0,105.00000000,19.0300
1628167563024000,0,20.72435000,19.0300
1628167563953000,1,15.75000000,19.0000
1628167563953000,1,159.86898333,19.0000
1628167569726000,0,21.60000000,19.0400
1628167569726000,0,87.67565000,19.0400
1628167569782000,0,23.48860480,19.0400
1628167571886000,0,111.16425000,19.0400
1628167572651000,0,21.90000000,19.0500
1628167573316000,0,111.05769429,19.0600
1628167573316000,0,21.49999571,19.0600
1628167573385000,0,0.00000429,19.0600
1628167581385000,1,37.29680000,19.0300
1628167588760000,0,21.90000000,19.0500
1628167588760000,0,10.00000000,19.0500
1628167588760000,0,36.33058000,19.0500
1628167589085000,0,8.00000000,19.0500
1628167596544000,0,36.33058000,19.1100
1628167597061000,1,2.55772453,19.0900
1628167597330000,1,6.25000000,19.0900
1628167607168000,0,21.60000000,19.1400
1628167609714000,0,185.00000000,19.1500
1628167609798000,0,161.72830000,19.1500
1628167609958000,0,113.27170000,19.1500
1628167619230000,0,1.35699374,19.1600
1628167622126000,1,37.14380000,19.1100
1628167636193000,1,14.75170000,19.1300
1628167636702000,1,19.19000000,19.1300
1628167636826000,1,3.16332000,19.1300
1628167657326000,1,10.00000000,19.1200
1628167657391000,0,200.00000000,19.1200
1628167667043000,0,270.00000000,19.1200
1628167667099000,0,106.00000000,19.1200
1628167726475000,0,256.00000000,19.1600
1628167769288000,1,8.00000000,19.1900
1628167769288000,1,2.50577436,19.1800
1628167769288000,1,52.25574716,19.1800
1628167802418000,1,51.91086849,19.2500
1628167802418000,1,129.77573151,19.2500
1628167802801000,1,0.00001600,19.2500
1628167803163000,1,6.25000000,19.2400
1628167803309000,1,45.70348161,19.2400
1628167803309000,1,129.88767314,19.2400
1628167815188000,0,1.35699000,19.2900
1628167815363000,0,0.00000374,19.2900
1628167817411000,1,6.25000000,19.2900
1628167817436000,1,123.24610476,19.2900
1628167833996000,1,51.82316000,19.2900
1628167841722000,0,398.00000000,19.3000
1628167856568000,1,51.66732000,19.3400
1628167867058000,1,51.65718000,19.3400
1628167867173000,1,0.00000428,19.3400
1628167882762000,1,51.63903000,19.3600
1628167886379000,1,2.45980633,19.3300
1628167886379000,1,91.88907433,19.3300
1628167897071000,1,51.67587000,19.3400
1628167920918000,1,129.35405758,19.3100
1628167920918000,1,51.74003242,19.3100
1628167921250000,1,0.00000948,19.3100
1628167956695000,0,344.00000000,19.3500
1628167979151000,1,51.59055000,19.3800
1628167979853000,1,128.93775916,19.3700
1628167979853000,1,51.59054084,19.3700
1628167979894000,1,0.00001583,19.3700
1628167994461000,1,81.40755904,19.3200
1628168001197000,1,51.69403649,19.3400
1628168001197000,1,129.21499307,19.3400
1628168008998000,1,1437.07120644,19.3100
1628168011936000,0,6.25000000,19.3400
1628168012199000,0,45.48839387,19.3400
1628168028315000,1,51.64383762,19.3500
1628168043314000,1,51.64864000,19.3500
1628168070944000,0,370.00000000,19.3400
1628168081678000,1,51.69617000,19.3400
1628168120260000,0,41.14325000,19.4000
1628168120324000,0,6.25000000,19.4000
1628168120463000,0,294.00000000,19.4000
1628168136538000,0,2.53612051,19.3900
1628168136538000,0,48.78002183,19.3900
1628168181537000,0,51.63260000,19.3800
1628168218040000,0,3.44373160,19.4100
1628168219695000,0,2.80626000,19.4100
1628168222233000,0,51.52247000,19.4200
1628168228277000,0,51.48109000,19.4300
1628168229600000,0,128.69217860,19.4400
1628168229600000,0,6.30782140,19.4400
1628168230236000,0,45.16479000,19.4400
1628168230470000,0,0.00000943,19.4400
1628168230470000,0,9.99999057,19.4400
1628168239194000,0,51.45195862,19.4500
1628168239194000,0,48.54804138,19.4500
1628168239261000,0,80.07791000,19.4500
1628168244633000,0,51.41810000,19.4600
1628168249330000,0,51.36738000,19.4800
1628168249737000,0,0.00000672,19.4800
1628168260084000,1,70.20000000,19.5100
1628168271314000,0,51.38005478,19.4800
1628168271314000,0,28.61994522,19.4800
1628168271391000,0,99.82626664,19.4800
1628168272814000,0,51.33837000,19.4900
1628168279293000,0,51.30887811,19.5000
1628168279299000,0,0.00000001,19.5000
1628168279382000,0,6.25000000,19.5100
1628168286491000,0,35.00000000,19.5600
1628168292965000,1,10.00000000,19.5500
1628168294976000,1,51.13520776,19.5400
1628168295540000,1,100.00000000,19.5300
1628168295540000,1,127.84192602,19.5300
1628168295540000,1,51.13520776,19.5300
1628168309831000,1,51.24630000,19.5100
1628168309833000,1,0.00001999,19.5100
1628168310150000,1,128.12890793,19.5000
1628168310150000,1,51.24631999,19.5000
1628168331173000,0,51.25523000,19.5200
1628168356301000,1,48.75370000,19.4500
1628168362212000,1,51.38853000,19.4500
1628168404552000,1,128.35652308,19.4600
1628168404552000,1,51.32733684,19.4600
1628168432419000,1,51.20380978,19.5200
1628168437098000,0,51.20746000,19.5400
1628168443948000,1,51.13259000,19.5500
1628168457271000,1,51.16032000,19.5400
1628168458314000,1,6.25000000,19.5300
1628168458628000,1,121.65471610,19.5300
1628168458628000,1,51.16032303,19.5300
1628168486985000,1,2.53494003,19.5000
1628168486985000,1,50.91677718,19.5000
1628168489903000,1,174.82714394,19.5100
1628168511484000,1,6.90479629,19.5400
1628168516342000,0,6.25000000,19.5700
1628168516421000,0,44.86846640,19.5700
1628168517198000,0,5.00000000,19.5800
1628168525728000,0,127.59007860,19.6100
1628168525728000,0,42.09018657,19.6100
1628168533176000,1,100.00000000,19.5900
1628168533176000,1,38.90257707,19.5800
1628168534319000,1,100.00000000,19.5900
1628168534319000,1,21.30000000,19.5900
1628168545326000,1,51.01200000,19.6000
1628168547478000,1,70.72077590,19.5900
1628168547478000,1,100.00000000,19.5900
1628168547478000,1,311.87291926,19.5900
1628168548433000,1,462.95281343,19.5900
1628168560011000,1,51.00210000,19.6000
1628168562162000,1,51.02040000,19.5900
1628168579062000,1,51.03230000,19.5900
1628168579889000,1,127.56403715,19.5800
1628168579889000,1,51.03226285,19.5800
1628168580078000,1,0.00012543,19.5800
1628168587512000,1,14.06090000,19.5900
1628168588128000,1,36.96940000,19.5900
1628168595086000,1,6.25000000,19.5800
1628168595355000,1,121.26718932,19.5800
1628168595355000,1,51.03447187,19.5800
1628168600948000,1,2.59168374,19.5800
1628168600948000,1,63.59700000,19.5700
1628168600948000,1,2.50829271,19.5700
1628168600948000,1,193.04255537,19.5700
1628168604121000,1,50.64217473,19.5700
1628168679261000,1,51.01312000,19.5900
1628168703040000,1,50.98035371,19.6000
1628168703040000,1,21.29999999,19.6000
1628168703045000,1,0.00000001,19.6000
1628168704207000,0,6.25000000,19.6000
1628168708682000,1,8.45912168,19.5900
1628168715864000,1,8.45910000,19.5900
1628168732257000,1,51.03603000,19.5900
1628168732543000,1,0.00000468,19.5900
1628168744578000,1,63.59700000,19.5500
1628168744951000,0,6.25000000,19.5500
1628168746120000,1,51.12109000,19.5400
1628168746144000,1,0.00000126,19.5400
1628168746144000,1,129.41311977,19.5300
1628168746163000,1,93.88388382,19.5300
1628168746305000,1,109.02968475,19.5300
1628168746305000,1,127.71000633,19.5300
1628168748968000,0,51.31098000,19.5000
1628168754276000,1,100.00000000,19.4600
1628168754276000,1,2.44473034,19.4600
1628168754276000,1,21.50000000,19.4600
1628168754276000,1,2148.10000000,19.4500
1628168754276000,1,2.51818165,19.4500
1628168763704000,1,51.28837472,19.4800
1628168763704000,1,48.71162528,19.4800
1628168763806000,1,79.51322000,19.4800
1628168770750000,0,156.07090000,19.4900
1628168770817000,0,129.92910000,19.4900
1628168774005000,1,51.29837000,19.4900
1628168784939000,0,1.02207392,19.4800
1628168787238000,0,10.00000000,19.4800
1628168797784000,1,10.00000000,19.4800
1628168797784000,1,2.51938741,19.4800
1628168797784000,1,48.56343344,19.4800
1628168810826000,1,128.28802200,19.4700
1628168810826000,1,51.31942800,19.4700
1628168828611000,1,51.32311000,19.4800
1628168829282000,1,21.50000000,19.4700
1628168830604000,1,51.32311000,19.4700
1628168863756000,1,51.26155000,19.5000
1628168864212000,1,21.20000000,19.4900
1628168865259000,1,100.00000000,19.4900
1628168873242000,1,51.32730000,19.4800
1628168873318000,1,0.00003684,19.4800
1628168881268000,1,174.00154462,19.4600
1628168918914000,0,27.12724474,19.4900
1628168968725000,1,48.67280000,19.4900
1628168987838000,1,51.21534000,19.5200
1628168998287000,0,595.41402251,19.5400
1628169000918000,1,51.20275000,19.5200
1628169003115000,1,51.22426000,19.5100
1628169035418000,1,51.27943000,19.4900
1628169049879000,1,51.33049000,19.4700
1628169066803000,1,51.31100000,19.4800
1628169069659000,1,21.00000000,19.4700
1628169069659000,1,51.33313000,19.4700
1628169105247000,1,51.28784000,19.4900
1628169146707000,1,51.32891000,19.4700
1628169148507000,1,51.35844000,19.4600
1628169197041000,1,51.47953000,19.4200
1628169197370000,1,51.47953841,19.4100
1628169197370000,1,2.57326118,19.4000
1628169197370000,1,86.18700000,19.4000
1628169197370000,1,29.44046558,19.4000
1628169227125000,0,51.60756000,19.3800
1628169227129000,0,0.00000201,19.3800
1628169246238000,1,128.88325239,19.3900
1628169246238000,1,21.50000000,19.3900
1628169246238000,1,51.53099761,19.3900
1628169247934000,1,51.53100000,19.3800
1628169258688000,1,100.00000000,19.3800
1628169258688000,1,2.50718002,19.3800
1628169265174000,1,8.71846205,19.4000
1628169291770000,0,122.07333000,19.4500
1628169291827000,0,250.00000000,19.4500
1628169308309000,0,312.00000000,19.4700
1628169329753000,1,21.10000000,19.4500
1628169329753000,1,51.38747000,19.4500
1628169335249000,1,51.39697000,19.4500
1628169337164000,1,51.39690000,19.4400
1628169337210000,1,0.00007923,19.4400
1628169341717000,1,51.39697000,19.4300
1628169343154000,1,51.46311000,19.4200
1628169343198000,1,0.00000227,19.4200
1628169344238000,1,51.46310000,19.4100
1628169350530000,1,51.49438000,19.4000
1628169372875000,0,51.55381322,19.4000
1628169383803000,1,5.85840000,19.3800
1628169405408000,0,225.00000000,19.3900
1628169469693000,0,645.00000000,19.4300
1628169480968000,0,51.53203000,19.4100
1628169484621000,1,51.51189000,19.4100
1628169529271000,1,51.65665000,19.3500
1628169550087000,0,21.50000000,19.3500
1628169551427000,0,51.67475652,19.3600
1628169578490000,1,51.65931000,19.3500
1628169590497000,1,51.66892000,19.3500
1628169603556000,1,51.66465000,19.3500
1628169698703000,0,10.00000000,19.3700
1628169698703000,0,2.54133856,19.3800
1628169698703000,0,14.41480179,19.3800
1628169722771000,0,5.08255934,19.3500
1628169766759000,1,5.00000000,19.3200
1628169838578000,0,3.75037821,19.3400
1628169838578000,0,1.33212179,19.3400
1628169887337000,1,51.69724000,19.3400
1628169927858000,0,130.00000000,19.3400
1628169927858000,0,39.75698035,19.3400
1628169954177000,0,21.50000000,19.3500
1628169954325000,0,18.25700000,19.3600
1628169984901000,1,51.50445000,19.4000
1628170044032000,1,51.51189000,19.4100
1628170080245000,1,5.57984094,19.4100
1628170123501000,1,51.58895000,19.3800
1628170136443000,0,1.28290984,19.4000
1628170178852000,0,21.60000000,19.3700
1628170178852000,0,32.73690000,19.3700
1628170181187000,0,0.00000581,19.3700
1628170225567000,0,2.57061855,19.4000
1628170235481000,0,32.68761945,19.4000
1628170263927000,1,51.51136000,19.4100
1628170338799000,1,51.41865000,19.4400
1628170338946000,1,0.00000535,19.4400
1628170377205000,0,32.61928000,19.4400
1628170382443000,0,0.00000226,19.4400
1628170419587000,0,32.57568000,19.4600
1628170425166000,0,32.55690000,19.4700
1628170431411000,0,32.53879437,19.4800
1628170449626000,1,51.32522000,19.4600
1628170469842000,0,32.57624000,19.4600
1628170509598000,0,0.00000532,19.4600
1628170555375000,0,21.75955277,19.4200
1628170555488000,0,51.49275818,19.4300
1628170558728000,0,21.73546019,19.4400
1628170608273000,1,51.38166000,19.4500
1628170687439000,1,51.35211381,19.4700
1628170758577000,1,51.36371000,19.4500
1628170775447000,1,51.35211000,19.4700
1628170817157000,1,51.37532000,19.4600
1628170918817000,1,51.37902000,19.4600
1628171048109000,1,11.00000000,19.4800
1628171048111000,1,40.32470240,19.4800
1628171073730000,1,51.27417353,19.5000
1628171073730000,1,100.00000000,19.5000
1628171073730000,1,10.00000000,19.5000
1628171073730000,1,8.48280682,19.5000
1628171092324000,1,51.27312000,19.4900
1628171102106000,1,51.29732000,19.4900
1628171131213000,1,51.48270000,19.4200
1628171144397000,1,100.00000000,19.4100
1628171150467000,1,5.06583400,19.4300
1628171187939000,1,100.00000000,19.4100
1628171187939000,1,21.30000000,19.4100
1628171198201000,1,21.40000000,19.4200
1628171198201000,1,51.45720000,19.4200
1628171203510000,1,2.00000000,19.4100
1628171211976000,1,56.48238972,19.4200
1628171214012000,1,51.45300000,19.4300
1628171239939000,1,51.47580000,19.4200
1628171257839000,1,128.64317471,19.4200
1628171257839000,1,0.57042529,19.4200
1628171257918000,1,50.87627000,19.4200
1628171272078000,1,91.85642904,19.4100
1628171289320000,1,51.47150000,19.4200
1628171298011000,1,40.38500000,19.4100
1628171382487000,1,51.45092000,19.4300
1628171383737000,1,51.47211000,19.4200
1628171401856000,1,1.30000000,19.4200
1628171470291000,1,100.00000000,19.4200
1628171473309000,1,108.73606457,19.4200
1628171473309000,1,35.85556428,19.4200
1628171521849000,1,51.38694000,19.4500
1628171521911000,1,0.00000741,19.4500
1628171526408000,0,51.43555000,19.4500
1628171640264000,0,1.37035613,19.4700
1628171659460000,1,51.38580000,19.4500
1628171659477000,1,0.00009116,19.4500
1628171659519000,1,84.46970000,19.4400
1628171659580000,1,6.25000000,19.4400
1628171659607000,1,122.23053777,19.4400
1628171659607000,1,32.76946223,19.4400
1628171659657000,1,51.51677000,19.4400
1628171662645000,0,21.60000000,19.4500
1628171674068000,1,74.14492208,19.4500
1628171696118000,0,21.60000000,19.4700
1628171739140000,1,100.00000000,19.5000
1628171742093000,0,51.20064706,19.5400
1628171742093000,0,29.47207652,19.5500
1628171742712000,1,6.25000000,19.5400
1628171742712000,1,100.00000000,19.5400
1628171753000000,1,51.18800000,19.5300
1628171757085000,1,68.02527642,19.5200
1628171780266000,1,51.06105000,19.5700
1628171781825000,0,30.62819202,19.5900
1628171782125000,1,100.00000000,19.5600
1628171782125000,1,2.46268255,19.5500
1628171782125000,1,171.30690015,19.5500
1628171782125000,1,100.00000000,19.5500
1628171785675000,1,287.81583609,19.5300
1628171788716000,1,483.73971372,19.5200
1628171789622000,1,17.30000000,19.5200
1628171821030000,1,51.08810000,19.5700
1628171835706000,0,51.02710000,19.6100
1628171841198000,1,14.88780330,19.5900
1628171860638000,1,42.38418000,19.6000
1628171860659000,1,0.00000367,19.6000
1628171863571000,0,2.48641135,19.6000
1628171863571000,0,7.51358865,19.6000
1628171895726000,1,99.74478875,19.5800
1628171931060000,1,51.10593777,19.5600
1628171931060000,1,127.76216223,19.5600
1628171941061000,1,38.31616887,19.5600
1628171956364000,0,43.18651000,19.5800
1628171987884000,1,21.30000000,19.5900
1628171995841000,1,33.43835757,19.6100
1628172004586000,1,42.33160672,19.6100
1628172004650000,1,8.62692000,19.6100
1628172004657000,1,0.00000409,19.6100
1628172005499000,1,50.99647000,19.6000
1628172005526000,1,0.00000307,19.6000
1628172005999000,1,6.25000000,19.5900
1628172011961000,1,100.00000000,19.5800
1628172011961000,1,20.90000000,19.5800
1628172011961000,1,6.00000000,19.5800
1628172011961000,1,33.80158975,19.5700
1628172015959000,1,21.40000000,19.5800
1628172031908000,1,21.50000000,19.5800
1628172078400000,1,15.86453405,19.5400
1628172081442000,1,2.57300605,19.5500
1628172081442000,1,100.00000000,19.5500
1628172082454000,1,84.13546595,19.5400
1628172082454000,1,2.46009236,19.5400
1628172082454000,1,63.59700000,19.5400
1628172082454000,1,16.07050152,19.5400
1628172098357000,1,51.14148000,19.5500
1628172124026000,1,65.53445409,19.5300
1628172161905000,0,100.00000000,19.5400
1628172174007000,1,53.14851157,19.5400
1628172212720000,0,33.57113613,19.5400
1628172325624000,0,20.90000000,19.6600
1628172325624000,0,50.89421000,19.6600
1628172331899000,0,1.02524471,19.7000
1628172331899000,0,50.79339280,19.7000
1628172345459000,0,1.04397000,19.7300
1628172345459000,0,0.00000755,19.7300
1628172419139000,0,18.00000000,19.9000
1628172439318000,0,5.89920000,19.9700
1628172439345000,0,4.10080000,19.9700
1628172439397000,0,2.49007499,19.9900
1628172439397000,0,21.27534023,20.0000
1628172440033000,0,5.10080000,19.9700
1628172440158000,0,1.14920000,19.9700
1628172452668000,1,20.70000000,19.9200
1628172454780000,1,21.10000000,19.9100
1628172455581000,1,20.70000000,19.9000
1628172480324000,0,2.68921250,19.9500
1628172481277000,1,20.70000000,19.9000
1628172481277000,1,106.00104137,19.9000
1628172481355000,0,6.81539000,19.9000
1628172481377000,0,0.00000767,19.9000
1628172508164000,0,42.49130408,19.9000
1628172508164000,0,8.00000000,19.9000
1628172508164000,0,11.98207176,19.9100
1628172551070000,1,105.85540000,19.9300
1628172647447000,0,21.10000000,19.9000
1628172647447000,0,50.29422000,19.9000
1628172649922000,0,6.25000000,19.9100
1628172650055000,0,6.25000000,19.9200
1628172650827000,0,50.22287000,19.9200
1628172672267000,0,50.09919641,19.9700
1628172672267000,0,125.24424359,19.9700
1628172672319000,0,0.00000763,19.9700
1628172672932000,0,325.60513000,19.9900
1628172673212000,0,50.04403875,19.9900
1628172673212000,0,125.10635125,19.9900
1628172679827000,0,30.00671105,20.0000
1628172679827000,0,20.69999895,20.0000
1628172683500000,0,0.00000105,20.0000
1628172688303000,1,2.31335720,20.0000
1628172688642000,1,47.66365000,20.0000
1628172735356000,0,43.44642000,20.0400
1628172739779000,0,1.00759000,20.0500
1628172739896000,0,0.00000493,20.0500
1628172752406000,1,49.75371000,20.0900
1628172752477000,1,0.00000909,20.0900
1628172752717000,1,20.50000000,20.0800
1628172752717000,1,124.42264000,20.0800
1628172752790000,1,0.00000405,20.0800
1628172753949000,0,6.25000000,20.0900
1628172762118000,0,1.02274587,20.1400
1628172763734000,1,49.62870000,20.1400
1628172767451000,0,48.92710390,20.1600
1628172767451000,0,20.29999610,20.1600
1628172769250000,0,46.71698000,20.1700
1628172771778000,0,48.93681793,20.2000
1628172771778000,0,46.68073102,20.2000
1628172771778000,0,20.39999105,20.2000
1628172781110000,1,6.25000000,20.1300
1628172785028000,1,121.59408579,20.1200
1628172785423000,1,2.48150000,20.1200
1628172785559000,1,0.00001196,20.1200
1628172788173000,0,42.54420585,20.1300
1628172788173000,0,20.69999415,20.1300
1628172789908000,0,106.32168935,20.1400
1628172789908000,0,42.54419065,20.1400
1628172795314000,0,41.30551000,20.1600
1628172795342000,0,0.00000851,20.1600
1628172801231000,1,49.58251000,20.1600
1628172808035000,1,49.57956000,20.1600
1628172831053000,1,49.58890000,20.1300
1628172842642000,0,20.50000000,20.1000
1628172847298000,0,20.80000000,20.1100
1628172847298000,0,43.45474000,20.1100
1628172848515000,0,109.56086778,20.1200
1628172848515000,0,43.44565222,20.1200
1628172858323000,0,39.94062000,20.1300
1628172858334000,0,0.00000635,20.1300
1628172860004000,0,39.93862000,20.1400
1628172861958000,0,39.90612161,20.1600
1628172861958000,0,99.81218839,20.1600
1628172869994000,0,20.80000000,20.1500
1628172869994000,0,33.48397000,20.1500
1628172877959000,0,35.39305000,20.1500
1628172878040000,0,0.00000972,20.1500
1628172878040000,0,41.94287028,20.1500
1628172882055000,0,33.99471000,20.1500
1628172884998000,0,6.25000000,20.1600
1628172885160000,0,27.71060000,20.1600
1628172885180000,0,0.00004804,20.1600
1628172885180000,0,36.21391801,20.1700
1628172885198000,0,6.25000000,20.1700
1628172892529000,0,20.80000000,20.2000
1628172892529000,0,33.35007000,20.2000
1628172914219000,0,33.38323130,20.2200
1628172915945000,1,49.46087000,20.2100
1628172918794000,0,20.80000000,20.2200
1628172918915000,0,49.44277987,20.2300
1628172918915000,0,123.69260013,20.2300
1628172919062000,0,0.00001251,20.2300
1628172919062000,0,6.24998749,20.2400
1628172919152000,0,18.10698000,20.2700
1628172921797000,0,49.37783000,20.2600
1628172922380000,0,123.42879812,20.2700
1628172922380000,0,49.35686188,20.2700
1628172926296000,0,52.00000000,20.2900
1628172927408000,0,17.65000000,20.3000
1628172927408000,0,18.56396605,20.3000
1628172928281000,0,31.18727773,20.3000
1628172928281000,0,20.70000000,20.3000
1628172928281000,0,2.49972279,20.3100
1628172928281000,0,161.73075434,20.3200
1628172928281000,0,2.43480096,20.3200
1628172928281000,0,41.63164602,20.3300
1628172928281000,0,2.41277233,20.3300
1628172928281000,0,125.00776489,20.3500
1628172928281000,0,23.15440903,20.3600
1628172929302000,0,6.25000000,20.3000
1628172935670000,0,2.50362415,20.3300
1628172935670000,0,2.45990673,20.3400
1628172935670000,0,100.00000000,20.3400
1628172935670000,0,2.56327797,20.3500
1628172935670000,0,35.17510000,20.3500
1628172935670000,0,162.46886326,20.3500
1628172935670000,0,2.41675895,20.3600
1628172935670000,0,100.00000000,20.3600
1628172935670000,0,919.16360387,20.3800
1628172941860000,0,41.65322000,20.3100
1628172951349000,0,0.00000979,20.3100
1628172953385000,1,6.24999000,20.3100
1628172953488000,1,0.00000021,20.3100
1628173003353000,0,20.40000000,20.2600
1628173004745000,0,230.00000000,20.2800
1628173004820000,0,152.00000000,20.2800
1628173020921000,1,104.09705335,20.2600
1628173030180000,0,116.15242000,20.2400
1628173030766000,0,46.49121350,20.2500
1628173030766000,0,116.05605650,20.2500
1628173052545000,0,41.45232000,20.2100
1628173054011000,0,20.70000000,20.2200
1628173068286000,0,40.70006000,20.2100
1628173076756000,1,49.52652000,20.1800
1628173081078000,1,49.56776905,20.1700
1628173087783000,1,25.58840000,20.1200
1628173093323000,1,49.56776000,20.0700
1628173109852000,0,43.29732000,20.0800
1628173127750000,0,42.54808952,20.0700
1628173127750000,0,70.29999048,20.0700
1628173133908000,0,41.79045000,20.0700
1628173138352000,0,41.01629457,20.1100
1628173144551000,0,20.70000000,20.1400
1628173144551000,0,40.26290000,20.1400
1628173145651000,0,39.52737000,20.1600
1628173146562000,1,100.00000000,20.1500
1628173160300000,0,97.16928699,20.1500
1628173160300000,0,38.86871301,20.1500
1628173160369000,0,0.00001606,20.1500
1628173160369000,0,119.99998394,20.1500
1628173160437000,0,125.00000000,20.1500
1628173160535000,0,6.25000000,20.1500
1628173162709000,0,97.16827209,20.1600
1628173162709000,0,38.86831791,20.1600
1628173167316000,0,24.60828000,20.1600
1628173172072000,0,24.17086000,20.1700
1628173173164000,0,61.49831178,20.1800
1628173173164000,0,24.15599822,20.1800
1628173174253000,0,0.00000979,20.1800
1628173180174000,0,25.46485000,20.1600
1628173180203000,0,0.00000152,20.1600
1628173182101000,0,20.40000000,20.1700
1628173182101000,0,25.44439000,20.1700
1628173191556000,0,26.07003824,20.1700
1628173191832000,0,65.18682000,20.1800
1628173191921000,0,0.00000413,20.1800
1628173191921000,0,26.07002587,20.1800
1628173191937000,0,0.00001237,20.1800
1628173217718000,0,23.97942000,20.1300
1628173218006000,0,0.00000938,20.1300
1628173246374000,0,23.75091000,20.0900
1628173265470000,0,20.50000000,20.1000
1628173265470000,0,47.43677972,20.1000
1628173265470000,0,18.97488028,20.1000
1628173270905000,1,1.44495342,20.1000
1628173271775000,0,16.33925000,20.1200
1628173272329000,0,0.00000354,20.1200
1628173284990000,0,16.05569377,20.0700
1628173284990000,0,40.13347623,20.0700
1628173288419000,0,21.00000000,20.0800
1628173288419000,0,40.13348798,20.0800
1628173288419000,0,16.05568202,20.0800
1628173292169000,0,14.03344000,20.0800
1628173313762000,0,13.77872000,20.0500
1628173317102000,0,20.80000000,20.0700
1628173317102000,0,13.76279506,20.0700
1628173331358000,1,175.95289000,20.0400
1628173341646000,0,13.28823538,20.0100
1628173341646000,0,33.20398462,20.0100
1628173341708000,0,0.00001012,20.0100
1628173376659000,0,12.44871000,19.9900
1628173376678000,0,0.00000528,19.9900
1628173378151000,1,6.24999000,19.9900
1628173387488000,0,12.22136000,19.9900
1628173387855000,0,30.54912638,20.0000
1628173387855000,0,12.21317412,20.0000
1628173432545000,0,28.06302757,20.0400
1628173432545000,0,11.22229670,20.0400
1628173432564000,0,0.00000001,20.0400
1628173433008000,0,11.23260040,20.0500
1628173433008000,0,28.08150099,20.0500
1628173464012000,0,9.80914000,20.0600
1628173500932000,0,9.63131000,20.0400
1628173546843000,0,9.46258914,19.9900
1628173549021000,1,10.89445856,19.9700
1628173554715000,1,39.76142242,19.9600
1628173572161000,1,79.22413180,19.9400
1628173577309000,1,35.56169000,19.9400
1628173577309000,1,1.95424202,19.9400
1628173606244000,0,7.21166000,19.9300
1628173616942000,0,6.94664411,19.9500
1628173617022000,0,0.00000001,19.9500
1628173620325000,1,20.60000000,19.9400
1628173627256000,0,6.95573721,19.9500
1628173644202000,0,6.83211000,19.9400
1628173665001000,0,6.70433000,19.9600
1628173666320000,0,16.76402417,19.9700
1628173666320000,0,6.70406426,19.9700
1628173681911000,0,5.62296000,19.9600
1628173773629000,0,6.06046284,19.9800
1628173817438000,1,50.01500000,19.9700
1628173878430000,1,125.10005329,19.9700
1628173878430000,1,50.02551301,19.9700
1628173884361000,1,20.60000000,19.9700
1628173910639000,1,77.28710000,19.9800
1628173915493000,1,50.06408000,19.9700
1628173935893000,0,12.20072000,19.9600
1628173942008000,1,20.80000000,19.9400
1628173942008000,1,105.78467371,19.9400
1628173942008000,1,100.00000000,19.9400
1628173942008000,1,10.00000000,19.9400
1628173960990000,1,5.51234661,19.9500
1628173990566000,1,49.48765339,19.9600
1628174039411000,1,100.00000000,20.0400
1628174070088000,1,8.09379000,20.0500
1628174092101000,1,22.68000000,20.0800
1628174114248000,1,49.73986000,20.1000
1628174117785000,1,6.25000000,20.0800
1628174117895000,1,43.48986000,20.0800
1628174134186000,1,8.00000000,20.0700
1628174134186000,1,100.00000000,20.0700
1628174134186000,1,100.00000000,20.0600
1628174134186000,1,2.43121504,20.0600
1628174134186000,1,60.19522606,20.0600
1628174136782000,1,44.97966962,20.0600
1628174164378000,1,49.73887000,20.1000
1628174164408000,1,0.00000093,20.1000
1628174180977000,1,49.78145000,20.0800
1628174187642000,0,49.83603000,20.0700
1628174203693000,0,2.45298749,20.0700
1628174203693000,0,10.11737551,20.0700
1628174204051000,0,6.48954183,20.0700
1628174229363000,0,49.85889000,20.0600
1628174231789000,1,100.00000000,20.0400
1628174231789000,1,8.63942058,20.0400
1628174273608000,0,1.83000997,20.0600
1628174277061000,0,49.87182000,20.0600
1628174332075000,0,2.00000000,20.1200
1628174361346000,1,26.33250000,20.1500
1628174364959000,1,0.00000620,20.1500
1628174368325000,1,49.66772000,20.1300
1628174384289000,0,49.69240000,20.1300
1628174449728000,1,49.61941906,20.1400
1628174449728000,1,115.38058094,20.1400
1628174449760000,1,8.70487036,20.1400
1628174455030000,1,2.53838190,20.1400
1628174485927000,1,49.55794000,20.1700
1628174520497000,0,49.37588877,20.2600
1628174520497000,0,162.07375986,20.2700
1628174520497000,0,2.47009785,20.2700
1628174520497000,0,82.51236620,20.2700
1628174552504000,1,49.45060000,20.2100
1628174552543000,1,0.00000379,20.2100
1628174553170000,1,62.29520000,20.2000
1628174553586000,1,49.45060000,20.2000
1628174575427000,0,4.90336279,20.1900
1628174575515000,0,44.63395863,20.1900
1628174583481000,1,49.49170000,20.1900
1628174583691000,1,0.00002004,20.1900
1628174602213000,0,1.79595977,20.2200
1628174602399000,0,47.68449000,20.2200
1628174612398000,0,49.47702781,20.2200
1628174624364000,1,20.60000000,20.2300
1628174624802000,1,49.42274000,20.2200
1628174641001000,0,20.40000000,20.2400
1628174641001000,0,49.43642476,20.2400
1628174641001000,0,2.51798131,20.2500
1628174641001000,0,173.57364030,20.2500
1628174643118000,1,10.00000000,20.2200
1628174645008000,1,20.70000000,20.2100
1628174645008000,1,123.63991665,20.2100
1628174645008000,1,49.45303335,20.2100
1628174646214000,1,13.79603000,20.2000
1628174646270000,1,0.00000960,20.2000
1628174671660000,1,49.57612000,20.1400
1628174672205000,1,0.00000414,20.1400
1628174691625000,0,49.72749334,20.1200
1628174695661000,1,2.42050119,20.1000
1628174695661000,1,20.90000000,20.1000
1628174695661000,1,52.86964117,20.1000
1628174704030000,0,49.64898000,20.1500
1628174706518000,1,20.40000000,20.1300
1628174707708000,1,49.65243297,20.1200
1628174707708000,1,20.49999703,20.1200
1628174749010000,1,49.73145000,20.1000
1628174749496000,1,0.00000017,20.1000
1628174750527000,1,49.73145000,20.0800
1628174759815000,1,2.56642685,20.0800
1628174759815000,1,21.00000000,20.0800
1628174759815000,1,63.59700000,20.0800
1628174759815000,1,100.00000000,20.0800
1628174780417000,1,124.44989690,20.0800
1628174780417000,1,49.76212310,20.0800
1628174780428000,1,0.00001389,20.0800
1628174813396000,1,105.12170000,20.1100
1628174849980000,0,49.65341000,20.1500
1628174850304000,0,6.25000000,20.1600
1628174850411000,0,117.83306501,20.1600
1628174850411000,0,49.62631386,20.1600
1628174876388000,1,49.58890795,20.1600
1628174876971000,0,2.53366439,20.1700
1628174876971000,0,22.19613233,20.1700
1628174884192000,1,49.58694078,20.1600
1628174884192000,1,20.70000000,20.1600
1628174884192000,1,123.96361922,20.1600
1628174896180000,1,20.40000000,20.1800
1628174909286000,0,49.59973000,20.1700
1628174973767000,0,20.70000000,20.1800
1628174973767000,0,49.58251522,20.1800
1628174973767000,0,10.00000000,20.1800
1628174973767000,0,2.51059602,20.1900
1628174973767000,0,52.33374277,20.1900
1628174973767000,0,13.14520270,20.1900
1628174996672000,1,20.50000000,20.1800
1628175012006000,0,49.48486000,20.2200
1628175026411000,1,20.50000000,20.2300
1628175036291000,1,49.41639000,20.2300
1628175045056000,1,20.40000000,20.2200
1628175045056000,1,49.42170000,20.2200
1628175063875000,1,20.50000000,20.2100
1628175086183000,1,49.47115000,20.2100
1628175154547000,1,123.78321104,20.1800
1628175154547000,1,49.52113067,20.1800
1628175177981000,1,123.98948569,20.1300
1628175177981000,1,49.59561431,20.1300
1628175177985000,1,0.00017997,20.1300
1628175177995000,1,305.68810000,20.1200
1628175178019000,1,6.25000000,20.1200
1628175178165000,1,10.30031676,20.1200
1628175178200000,1,0.00000001,20.1200
1628175178311000,1,20.30031676,20.1200
1628175178348000,1,2.53813954,20.1200
1628175178552000,1,11.18721184,20.1200
1628175178557000,1,90.12760653,20.1200
1628175178557000,1,49.59579428,20.1200
1628175179815000,1,0.00000562,20.1100
1628175179815000,1,104.40000000,20.1000
1628175186191000,1,10.00000000,20.1200
1628175186191000,1,104.40000000,20.1200
1628175186191000,1,100.00000000,20.1200
1628175186191000,1,100.00000000,20.1100
1628175186191000,1,2.58655142,20.1100
1628175189604000,1,104.40000000,20.1100
1628175189604000,1,100.00000000,20.1100
1628175206575000,1,104.20000000,20.1400
1628175213504000,1,104.70000000,20.1300
1628175213504000,1,49.64060000,20.1300
1628175224477000,0,9.90074441,20.1500
1628175248421000,1,104.30000000,20.1400
1628175248421000,1,49.61646000,20.1400
1628175250454000,1,104.70000000,20.1300
1628175281503000,1,104.30000000,20.1500
1628175281503000,1,20.70000000,20.1500
1628175281559000,1,28.90858000,20.1500
1628175287661000,1,49.62680000,20.1400
1628175292983000,1,49.62779156,20.1400
1628175292983000,1,59.70000000,20.1400
1628175292983000,1,124.05940844,20.1400
1628175359470000,1,49.54468000,20.1700
1628175360259000,0,9.83083027,20.1800
1628175381214000,1,49.49661000,20.1900
1628175451947000,0,41.79498802,20.2300
1628175452168000,0,6.25000000,20.2400
1628175452374000,0,117.37166286,20.2400
1628175452374000,0,49.43838000,20.2400
1628175462386000,0,7.99999999,20.2500
1628175462400000,0,0.00000001,20.2500
1628175472948000,1,20.40000000,20.2400
1628175535381000,1,20.50000000,20.2200
1628175535381000,1,46.11300000,20.2200
1628175552167000,1,20.20000000,20.2000
1628175569807000,1,20.40000000,20.2100
1628175569807000,1,65.50605296,20.2100
1628175573900000,1,20.30000000,20.2200
1628175573900000,1,45.20600000,20.2200
1628175600735000,1,49.34859000,20.2500
1628175656752000,1,20.30000000,20.1600
1628175656752000,1,45.20450742,20.1600
1628175656821000,1,4.34950646,20.1600
1628175656821000,1,34.82025781,20.1600
1628175656845000,1,57.49381162,20.1600
1628175656851000,1,31.61759882,20.1600
1628175656880000,1,6.25000000,20.1500
1628175657103000,1,49.55401388,20.1500
1628175657327000,1,123.93043952,20.1400
1628175657327000,1,123.93166825,20.1400
1628175674207000,0,2.45403845,20.1500
1628175674207000,0,22.30030398,20.1500
1628175685559000,1,20.40000000,20.1300
1628175697538000,0,24.77893691,20.1300
1628175720029000,1,20.90000000,20.1000
1628175726886000,0,49.74629390,20.1100
1628175737575000,0,24.79125248,20.1200
1628175748996000,0,24.81592039,20.1000
1628175769975000,1,20.60000000,20.1100
