timestamp ms,type,amount,price
1625702418712000,1,59.66000000,16.7500
1625702432332000,1,115.55000000,16.7200
1625702434957000,0,30.28659769,16.7300
1625702434967000,0,29.50334439,16.7300
1625702473943000,1,59.65000000,16.7600
1625702473952000,1,0.00523991,16.7600
1625702474602000,1,149.15933797,16.7500
1625702474602000,1,59.65066203,16.7500
1625702490431000,1,6.42571765,16.7400
1625702494730000,1,142.80484955,16.7400
1625702494730000,1,59.68515045,16.7400
1625702496071000,1,59.73000000,16.7300
1625702496126000,1,0.00794368,16.7300
1625702501010000,0,59.77921986,16.7400
1625702501010000,0,12.67078014,16.7400
1625702501132000,0,117.86157725,16.7400
1625702501168000,0,6.25000000,16.7400
1625702514580000,1,59.46000000,16.8100
1625702514635000,1,0.00582302,16.8100
1625702545356000,1,59.35000000,16.8400
1625702551884000,1,59.42000000,16.8200
1625702570110000,0,59.42000000,16.8300
1625702580522000,1,59.32320000,16.8500
1625702580541000,1,0.00007926,16.8500
1625702595645000,1,12.07000000,16.8400
1625702595652000,1,47.30049581,16.8400
1625702599045000,1,59.37000000,16.8300
1625702607994000,1,59.42000000,16.8200
1625702654381000,1,59.58000000,16.7800
1625702706953000,1,18.72000000,16.8000
1625702765782000,1,59.44673310,16.8200
1625702765782000,1,148.57604716,16.8200
1625702800445000,1,59.51000000,16.8000
1625702800502000,1,0.00749796,16.8000
1625702835724000,1,59.51000000,16.8000
1625702835754000,1,0.00749796,16.8000
1625702855447000,1,59.51000000,16.8000
1625702855501000,1,0.00041390,16.8000
1625702901431000,0,126.16238480,16.8400
1625702901431000,0,25.00000000,16.8400
1625702901431000,0,59.39152520,16.8400
1625702901883000,0,0.00000665,16.8400
1625702914885000,1,59.31483406,16.8500
1625702927315000,1,59.37895000,16.8300
1625702973129000,0,59.53295709,16.8000
1625703008060000,1,52.39000000,16.8100
1625703008100000,1,7.08853516,16.8100
1625703010693000,1,59.49554284,16.8000
1625703086896000,1,59.61000000,16.7700
1625703086980000,1,0.00611846,16.7700
1625703094646000,1,46.07566133,16.7600
1625703094647000,1,6.25000000,16.7600
1625703094668000,1,35.73035638,16.7600
1625703094673000,1,61.00193602,16.7600
1625703094673000,1,15.38593168,16.7600
1625703094687000,1,44.23018678,16.7600
1625703094753000,1,70.67680000,16.7500
1625703094764000,1,316.92041814,16.7500
1625703094861000,1,59.68640027,16.7500
1625703096521000,1,149.25658093,16.7300
1625703096521000,1,51.23119907,16.7300
1625703096580000,1,8.45520120,16.7300
1625703096580000,1,24.59999880,16.7300
1625703137945000,1,4.01900060,16.7100
1625703137945000,1,59.83585940,16.7100
1625703138049000,1,0.00000253,16.7100
1625703147947000,1,6.25000000,16.6900
1625703147969000,1,53.62673270,16.6900
1625703172041000,1,59.99000000,16.6500
1625703172056000,1,0.00381597,16.6500
1625703172775000,0,70.00000000,16.6600
1625703263678000,0,25.00000000,16.6600
1625703263678000,0,60.05928000,16.6600
1625703351132000,1,1.20294963,16.6300
1625703351875000,1,85.00000000,16.6100
1625703355214000,0,25.50000000,16.6300
1625703355214000,0,60.18072000,16.6300
1625703355229000,0,0.00000308,16.6300
1625703370160000,0,1.19663259,16.6300
1625703397803000,1,60.17000000,16.6100
1625703400073000,0,6.00000000,16.6200
1625703400462000,0,6.00000000,16.6200
1625703400777000,0,6.00000000,16.6200
1625703400844000,0,6.00000000,16.6200
1625703401102000,0,6.00000000,16.6200
1625703401346000,0,6.00000000,16.6200
1625703401603000,0,6.00000000,16.6200
1625703401911000,0,6.00000000,16.6200
1625703402275000,0,6.00000000,16.6200
1625703402420000,0,6.00000000,16.6200
1625703402702000,0,0.19666250,16.6200
1625703402702000,0,5.80333750,16.6200
1625703403351000,0,6.00000000,16.6200
1625703403874000,0,6.00000000,16.6200
1625703404278000,0,6.00000000,16.6200
1625703404735000,0,6.00000000,16.6200
1625703405270000,0,6.00000000,16.6200
1625703405770000,0,6.00000000,16.6200
1625703406437000,0,6.00000000,16.6200
1625703407038000,0,6.00000000,16.6200
1625703407694000,0,6.00000000,16.6200
1625703434910000,1,18.00000000,16.6000
1625703443299000,1,60.23376000,16.6000
1625703454708000,0,60.22635000,16.6100
1625703464740000,0,60.16479000,16.6300
1625703489052000,0,150.09606148,16.6700
1625703489052000,0,60.02607852,16.6700
1625703492104000,0,59.98362000,16.6800
1625703512710000,0,59.87872000,16.7100
1625703512739000,0,0.00000662,16.7100
1625703573347000,0,53.60066557,16.7000
1625703573357000,0,6.30029840,16.7000
1625703573357000,0,149.74722668,16.7000
1625703612451000,1,59.98000000,16.6700
1625703625006000,1,25.30000000,16.6600
1625703630900000,1,25.10000000,16.6500
1625703632382000,1,24.80000000,16.6400
1625703661951000,0,5.99519230,16.6400
1625703671570000,1,60.12587106,16.6200
1625703671570000,1,24.79999894,16.6200
1625703674062000,1,60.18518956,16.6100
1625703684548000,1,60.18377000,16.6100
1625703691344000,0,60.21257997,16.6200
1625703691344000,0,150.51716003,16.6200
1625703724778000,1,25.00000000,16.6200
1625703753047000,1,60.30000000,16.5800
1625703753059000,1,0.00426889,16.5800
1625703766860000,1,6.00000000,16.5600
1625703768803000,1,3.04350000,16.5500
1625703789163000,0,60.37398000,16.5700
1625703792158000,0,1.90000000,16.5900
1625703797073000,0,60.33900000,16.5800
1625703805411000,0,60.32517000,16.5800
1625703850679000,0,105.71438511,16.5900
1625703850695000,0,6.25000000,16.5900
1625703850714000,0,14.24507975,16.5900
1625703850719000,0,24.59462253,16.5900
1625703850719000,0,60.31135341,16.5900
1625703850943000,0,391.96690282,16.6000
1625703865301000,0,60.21112000,16.6100
1625703865470000,0,0.00000984,16.6100
1625703868628000,0,60.17779000,16.6200
1625703882861000,1,60.19029138,16.6100
1625703917666000,0,60.21257997,16.6100
1625703917666000,0,150.58607003,16.6100
1625703917685000,0,0.00001100,16.6100
1625703923565000,1,60.20983156,16.6000
1625703923565000,1,25.19999844,16.6000
1625703923579000,1,0.00000156,16.6000
1625703925459000,0,6.24999000,16.6000
1625703925616000,0,0.00000844,16.6000
1625703951937000,1,25.30000000,16.5800
1625703952176000,1,150.73680149,16.5700
1625703952176000,1,60.30936075,16.5700
1625703979243000,1,0.00000453,16.5500
1625703982672000,1,25.10000000,16.5500
1625703989243000,1,60.45224000,16.5400
1625703993641000,1,8.00000000,16.5300
1625703996121000,1,91.48000000,16.5200
1625703996148000,1,29.58537530,16.5200
1625703998177000,0,151.30424257,16.5300
1625703998177000,0,97.99999743,16.5300
1625704026363000,0,97.99990000,16.5500
1625704026376000,0,6.25000000,16.5500
1625704026439000,0,288.92119330,16.5500
1625704026439000,0,151.16152516,16.5500
1625704026439000,0,60.46450936,16.5500
1625704026989000,0,60.40096476,16.5600
1625704048479000,1,60.41000000,16.5500
1625704048549000,1,0.00064876,16.5500
1625704064330000,1,13.62879364,16.5100
1625704064331000,1,6.25000000,16.5100
1625704064332000,1,131.33759096,16.5100
1625704064332000,1,60.49174417,16.5100
1625704069821000,1,16.21927282,16.5000
1625704069845000,1,38.05215334,16.5000
1625704069943000,1,218.58736171,16.5000
1625704069943000,1,30.30303030,16.5000
1625704069943000,1,21.10960799,16.5000
1625704070043000,1,21.00000000,16.5000
1625704070140000,1,18.49039200,16.5000
1625704070151000,1,0.00000001,16.5000
1625704088143000,0,60.69276041,16.4800
1625704098503000,0,151.63830020,16.5000
1625704098503000,0,60.63313980,16.5000
1625704104291000,0,60.63314000,16.5000
1625704122380000,0,59.62560000,16.5100
1625704141495000,1,25.40000000,16.5100
1625704172105000,1,25.00000000,16.5100
1625704189119000,0,52.84631000,16.5000
1625704189157000,0,0.00000277,16.5000
1625704201074000,1,60.59955000,16.5000
1625704202700000,1,151.54821658,16.4800
1625704202700000,1,60.59954342,16.4800
1625704216334000,1,25.10000000,16.4600
1625704221952000,1,3.00000000,16.4400
1625704222323000,1,60.76305000,16.4300
1625704236156000,1,29.00000000,16.4300
1625704236274000,1,31.85475000,16.4300
1625704251157000,1,22.41068571,16.4200
1625704251166000,1,38.46333642,16.4200
1625704254207000,1,10.85365853,16.4000
1625704254207000,1,60.87401147,16.4000
1625704254249000,1,0.00001066,16.4000
1625704262506000,0,38.90000000,16.4000
1625704266561000,0,53.73085589,16.4000
1625704266561000,0,99.19999411,16.4000
1625704269554000,1,60.97573000,16.3900
1625704269682000,1,0.00000001,16.3900
1625704272854000,1,60.97573000,16.3800
1625704277223000,1,152.58789063,16.3700
1625704277223000,1,61.04582937,16.3700
1625704277260000,1,0.00000540,16.3700
1625704288634000,1,61.05000000,16.3700
1625704288667000,1,0.00614837,16.3700
1625704299369000,1,61.10838000,16.3600
1625704299520000,1,0.00000477,16.3600
1625704313497000,1,50.00000000,16.3500
1625704314079000,1,152.82481386,16.3400
1625704314079000,1,61.12776759,16.3400
1625704314079000,1,2.43767663,16.3300
1625704314079000,1,170.76702046,16.3300
1625704314079000,1,70.00000000,16.3300
1625704314079000,1,78.78244350,16.3300
1625704325240000,1,13.35206000,16.3500
1625704325292000,1,26.07014158,16.3500
1625704325955000,1,152.85845307,16.3400
1625704325955000,1,61.17343187,16.3400
1625704337746000,0,25.50000000,16.3500
1625704341359000,1,40.00000000,16.3500
1625704341389000,1,21.15173413,16.3500
1625704355600000,1,61.15098620,16.3400
1625704355842000,1,6.25000000,16.3400
1625704395535000,1,101.12656857,16.3100
1625704395626000,1,20.50000000,16.3100
1625704395638000,1,31.52216948,16.3100
1625704395638000,1,61.28436137,16.3100
1625704400248000,1,19.71000000,16.3000
1625704400310000,1,0.29000000,16.3000
1625704408620000,0,6.25000000,16.3100
1625704408952000,0,55.07677705,16.3100
1625704410184000,0,25.80000000,16.3200
1625704423171000,1,61.29642000,16.3100
1625704427910000,1,61.29642000,16.3100
1625704435574000,0,25.50000000,16.3200
1625704436001000,0,398.36501107,16.3300
1625704436001000,0,61.27512887,16.3300
1625704436001000,0,61.27887006,16.3300
1625704457808000,0,25.70000000,16.3400
1625704459907000,0,25.50000000,16.3500
1625704463482000,1,61.15547000,16.3500
1625704473030000,0,25.90000000,16.3700
1625704490061000,1,61.07000000,16.3700
1625704490098000,1,0.00255590,16.3700
1625704494955000,0,25.80000000,16.3900
1625704516706000,1,60.89626491,16.4000
1625704516706000,1,152.36469509,16.4000
1625704563335000,1,60.94000000,16.3900
1625704563347000,1,0.00302768,16.3900
1625704565660000,1,61.02000000,16.3800
1625704572333000,1,61.08000000,16.3700
1625704592517000,0,61.08424485,16.3800
1625704602502000,0,61.05594000,16.3800
1625704604185000,0,61.02242391,16.3900
1625704776859000,1,60.96881000,16.4000
1625704776860000,1,0.00000456,16.4000
1625704804446000,0,60.93918000,16.4200
1625705048996000,1,60.66178000,16.4800
1625705049142000,1,0.00000428,16.4800
1625705056085000,1,29.00000000,16.4700
1625705227447000,0,25.50000000,16.4800
1625705421126000,0,60.46597000,16.5400
1625705439199000,0,60.44623573,16.5500
1625705439199000,0,151.10305228,16.5500
1625705446660000,1,60.41283858,16.5500
1625705446660000,1,151.00264142,16.5500
1625705982789000,1,61.04343000,16.3700
1625706419976000,1,60.53352000,16.5100
1625706556493000,0,60.34451000,16.5800
1625706566236000,0,6.25000000,16.6000
1625706566459000,0,315.75000000,16.6000
1625706621097000,1,60.34353000,16.5700
1625706812235000,1,60.27736000,16.5800
1625706890976000,1,60.34284290,16.5600
1625706890976000,1,150.87688710,16.5600
1625707265262000,1,60.63920000,16.4800
1625707427505000,1,60.74677000,16.4600
1625707435268000,1,60.74607000,16.4600
1625707435303000,1,0.00000183,16.4600
1625707444784000,1,60.74164000,16.4600
1625707527782000,1,60.79334331,16.4400
1625707557798000,0,60.87527169,16.4300
1625707704193000,0,60.80050908,16.4500
1625707817115000,0,60.82491626,16.4500
1625707825940000,0,60.80054692,16.4500
1625707830245000,1,60.80443000,16.4400
1625707938183000,0,61.02237083,16.3900
1625707938183000,0,152.60093026,16.3900
1625707948623000,0,3.93000000,16.4100
1625707948708000,0,57.05069499,16.4100
1625707962783000,0,60.92942000,16.4200
1625707997834000,0,60.86938000,16.4400
1625708012969000,0,60.75249000,16.4700
1625708207239000,0,29.00000000,16.5300
1625708215752000,0,60.49346000,16.5400
1625708239308000,0,60.47936000,16.5400
1625708239383000,0,0.00000143,16.5400
1625708244026000,1,60.44321000,16.5300
1625708284878000,1,60.52877000,16.5000
1625708285728000,1,60.61560000,16.4900
1625708426601000,1,60.43587000,16.5400
1625708523720000,0,60.73000000,16.4700
1625708523736000,0,0.00588653,16.4700
1625708720819000,1,25.00000000,16.4200
1625708745290000,0,60.85000000,16.4400
1625708834627000,0,60.80568000,16.4500
1625708879665000,0,60.68097000,16.4900
1625709037975000,1,25.60000000,16.5000
1625709228298000,1,25.40000000,16.5100
1625709290247000,1,25.60000000,16.5200
1625709310483000,1,24.90000000,16.5000
1625709312781000,1,25.60000000,16.4900
1625709318044000,1,60.64439243,16.4800
1625709318044000,1,25.49999757,16.4800
1625709372811000,1,60.70915000,16.4600
1625709422954000,0,60.76407999,16.4600
1625709438575000,0,60.75000000,16.4600
1625709477964000,1,60.73205000,16.4600
1625709478020000,1,0.00000225,16.4600
1625709525046000,0,60.75304000,16.4700
1625709711450000,0,60.89973000,16.4300
1625709711517000,0,0.00000761,16.4300
1625709820899000,1,24.90000000,16.4900
1625709863484000,0,60.63989000,16.5000
1625709863800000,0,0.00000153,16.5000
1625710478807000,0,60.46234948,16.5500
1625710508991000,1,60.00000000,16.5400
1625710571277000,0,60.57574633,16.5100
1625710842817000,0,60.72006724,16.4800
1625710873378000,0,25.40000000,16.5200
1625710974863000,1,24.80000000,16.5400
1625711187606000,1,25.20000000,16.5100
1625711286015000,1,25.10000000,16.4900
1625711418559000,1,60.68778597,16.4600
1625711418559000,1,151.80035218,16.4600
1625711418559000,1,25.19999185,16.4600
1625711469003000,1,21.20066000,16.4500
1625711491381000,0,60.80276000,16.4500
1625711512554000,1,60.70841000,16.4700
1625711547757000,0,25.00000000,16.4700
1625711571894000,1,60.64582000,16.4800
1625711590623000,1,60.70915000,16.4700
1625711593608000,1,25.00000000,16.4600
1625711626085000,1,60.79330000,16.4400
1625711669547000,0,60.83383000,16.4400
1625711710921000,1,25.70000000,16.4400
1625711792079000,1,25.00000000,16.4400
1625711904826000,0,60.72006000,16.4800
1625712060087000,0,60.83009000,16.4500
1625712064653000,1,60.78077000,16.4500
1625712123147000,0,60.84345000,16.4400
1625712360639000,0,25.50000000,16.4500
1625712575304000,0,43.00000000,16.5200
1625712575304000,0,25.40000000,16.5200
1625712575304000,0,486.00000000,16.5200
1625712575304000,0,100.60000000,16.5200
1625712580066000,1,29.00000000,16.5100
1625712580078000,1,31.55199025,16.5100
1625712606827000,1,25.00000000,16.5000
1625712629276000,1,25.40000000,16.4900
1625712637589000,1,25.30000000,16.4800
1625712701164000,1,60.68782000,16.4700
1625712922789000,1,24.90000000,16.5000
1625712964995000,0,60.72449000,16.4700
1625713044346000,1,25.10000000,16.5000
1625713244710000,1,394.21762145,16.4700
1625713244710000,1,151.65301790,16.4700
1625713244710000,1,24.12936065,16.4700
1625713296602000,1,25.70000000,16.4500
1625713401126000,1,25.60000000,16.4700
1625713427382000,1,25.30000000,16.4500
1625713440242000,0,30.06287697,16.4500
1625713536896000,1,25.40000000,16.4000
1625713540545000,1,60.96676000,16.4000
1625713540701000,1,0.00000774,16.4000
1625713646327000,1,25.50000000,16.4000
1625713698909000,1,61.14733000,16.3500
1625713699371000,1,0.00000146,16.3500
1625713699371000,1,152.57857797,16.3400
1625713699371000,1,92.42142057,16.3400
1625713699430000,1,60.44263000,16.3400
1625713720597000,1,17.92070000,16.3300
1625713730734000,1,88.30000000,16.3100
1625713730734000,1,184.55878787,16.3000
1625713834567000,0,61.46494242,16.2800
1625713834567000,0,153.64570530,16.2800
1625713853390000,1,25.30000000,16.2400
1625713873125000,1,6.25000000,16.2000
1625713873135000,1,12.25000000,16.2000
1625713873135000,1,11.10179294,16.2000
1625713876166000,1,1.23686603,16.1700
1625713876166000,1,61.81243970,16.1700
1625713876624000,0,6.14000000,16.1800
1625713877218000,0,6.14000000,16.1800
1625713877693000,0,6.14000000,16.1800
1625713878205000,0,6.14000000,16.1800
1625713878256000,0,5.34999999,16.1800
1625713878624000,0,6.14000000,16.1800
1625713878778000,0,5.30000000,16.1800
1625713879156000,0,6.14000000,16.1700
1625713879474000,1,61.60224512,16.1400
1625713879474000,1,400.91989258,16.1400
1625713879474000,1,61.86832645,16.1400
1625713879474000,1,70.00000000,16.1400
1625713879474000,1,53.34437585,16.1400
1625713881753000,0,61.99227685,16.1500
1625713881753000,0,70.00000000,16.1500
1625713881753000,0,154.96379315,16.1500
1625713882064000,0,0.00000731,16.1500
1625713887030000,0,25.80000000,16.1900
1625713887321000,1,7.44000000,16.1700
1625713887417000,1,6.20000000,16.1700
1625713887480000,1,7.44000000,16.1700
1625713888155000,1,6.20000000,16.1800
1625713888203000,1,7.44000000,16.1800
1625713888647000,1,6.20000000,16.1800
1625713888880000,1,7.44000000,16.1800
1625713889075000,1,6.19000000,16.1800
1625713889349000,1,7.44000000,16.1800
1625713889493000,1,4.78000000,16.1800
1625713889501000,1,1.41000000,16.1800
1625713889809000,1,6.19000000,16.1700
1625713890080000,1,7.44000000,16.1700
1625713890694000,1,6.20000000,16.1700
1625713890781000,1,7.44000000,16.1700
1625713891051000,1,6.19999999,16.1700
1625713891076000,1,0.42000001,16.1700
1625713891076000,1,2.49461557,16.1700
1625713891076000,1,3.90538442,16.1700
1625713891410000,1,6.28000000,16.1700
1625713892141000,1,6.20000000,16.1700
1625713892194000,1,6.82000000,16.1700
1625713892572000,1,4.63999999,16.1700
1625713894343000,1,25.40000000,16.1700
1625713894343000,1,61.78881000,16.1700
1625713904724000,0,25.70000000,16.1800
1625713905510000,0,154.54039686,16.1900
1625713905510000,0,61.80071314,16.1900
1625713910371000,1,61.76000000,16.1600
1625713915889000,0,61.92553000,16.1600
1625713919893000,1,61.91199443,16.1500
1625713919893000,1,2.43591883,16.1500
1625713919893000,1,26.10000000,16.1500
1625713919893000,1,154.72977991,16.1500
1625713919893000,1,70.00000000,16.1500
1625713920319000,1,310.73613931,16.1500
1625713920379000,1,91.52710647,16.1500
1625713923548000,1,61.87060000,16.1600
1625713930221000,1,61.87062323,16.1200
1625713930221000,1,98.00000000,16.1200
1625713932970000,0,29.00000000,16.1300
1625713933005000,0,33.04925825,16.1300
1625713933005000,0,98.00000000,16.1300
1625713947019000,1,27.60000000,16.1000
1625713949002000,1,62.16276699,16.0800
1625713949002000,1,96.83723301,16.0800
1625713949075000,1,58.56968446,16.0800
1625713969520000,0,26.10000000,16.1400
1625713970488000,1,61.99858643,16.1200
1625713970488000,1,2.50063791,16.1200
1625713970488000,1,98.00000000,16.1200
1625713970488000,1,56.00000000,16.1200
1625713970488000,1,2.41465437,16.1100
1625713970488000,1,174.24327371,16.1100
1625713979607000,1,61.97640000,16.1300
1625713979627000,1,0.00000656,16.1300
1625713996782000,0,62.03924981,16.1300
1625714006611000,1,36.92250000,16.1400
1625714006745000,1,24.96343945,16.1400
1625714015003000,0,61.80612000,16.1900
1625714021039000,1,6.25000000,16.1900
1625714021040000,1,55.49679061,16.1900
1625714021435000,1,61.74607000,16.1800
1625714030172000,1,61.75212000,16.1900
1625714030751000,1,0.00000892,16.1900
1625714065639000,1,61.74760000,16.1900
1625714083249000,0,61.74811000,16.2000
1625714095168000,1,61.72092000,16.2000
1625714118420000,0,25.90000000,16.2100
1625714163096000,1,61.51735000,16.2400
1625714167499000,0,4.00000000,16.2400
1625714170904000,0,25.80000000,16.2400
1625714200477000,1,61.49390000,16.2600
1625714201404000,1,61.53022000,16.2500
1625714203623000,1,61.53022000,16.2400
1625714203649000,1,0.00000585,16.2400
1625714239655000,1,61.45459000,16.2700
1625714354272000,1,61.29792000,16.3100
1625714354402000,1,0.00000970,16.3100
1625714390645000,1,61.49843000,16.2500
1625714391883000,1,61.55527000,16.2400
1625714406355000,0,26.00000000,16.2400
1625714410871000,0,25.90000000,16.2600
1625714415384000,1,61.50756000,16.2500
1625714421510000,1,61.56810000,16.2400
1625714427992000,0,25.60000000,16.2400
1625714431518000,1,61.56356000,16.2400
1625714454806000,1,61.56801000,16.2400
1625714464765000,0,25.90000000,16.2500
1625714468920000,0,25.60000000,16.2600
1625714479898000,1,61.49390117,16.2600
1625714479898000,1,153.69293381,16.2600
1625714479898000,1,45.19948363,16.2500
1625714479902000,1,260.38631861,16.2500
1625714480081000,1,94.20653578,16.2500
1625714480294000,1,61.49390000,16.2400
1625714480644000,1,61.49390000,16.2300
1625714480650000,1,0.00000117,16.2300
1625714509780000,1,61.64542000,16.2100
1625714516866000,0,61.74120000,16.2000
1625714535257000,1,61.82915368,16.1500
1625714540191000,0,61.93934000,16.1500
1625714563110000,1,61.79721000,16.1800
1625714568040000,1,6.25000000,16.1700
1625714571539000,0,25.70000000,16.1600
1625714588336000,0,61.87889000,16.1700
1625714691266000,1,130.70000000,16.1200
1625714699556000,0,62.08084000,16.1100
1625714703152000,0,62.07082000,16.1200
1625714703204000,0,0.00000586,16.1200
1625714714159000,0,62.00995000,16.1300
1625714716363000,1,83.20000000,16.1200
1625714769940000,0,61.92624000,16.1500
1625714770096000,0,0.00000921,16.1500
1625714773461000,1,61.90126000,16.1500
1625714788508000,1,135.00000000,16.1100
1625714820154000,1,61.93034000,16.1400
1625714834794000,0,61.99617000,16.1400
1625714848972000,0,61.92855000,16.1500
1625714868373000,0,25.70000000,16.1600
1625715002336000,1,61.79000000,16.1800
1625715027571000,0,61.72062590,16.2100
1625715078237000,1,61.52800000,16.2500
1625715103642000,1,61.49167000,16.2600
1625715115953000,0,61.51111329,16.2700
1625715115953000,0,50.86878209,16.2700
1625715130745000,1,25.50000000,16.2800
1625715137388000,0,61.46508169,16.2800
1625715139041000,0,61.41742000,16.2900
1625715149085000,0,61.30296000,16.3200
1625715166890000,0,61.20912000,16.3400
1625715190280000,1,25.90000000,16.3000
1625715193722000,0,61.37516000,16.3000
1625715194122000,0,0.00000192,16.3000
1625715208583000,0,153.32155824,16.3200
1625715208583000,0,33.23535176,16.3200
1625715237448000,1,61.30336000,16.3100
1625715252132000,1,25.80000000,16.2800
1625715255802000,0,61.45206000,16.2800
1625715259440000,0,61.38724000,16.3000
1625715291770000,0,25.70000000,16.3000
1625715299116000,1,25.80000000,16.2900
1625715336790000,1,61.29726000,16.3100
1625715350754000,1,25.50000000,16.3100
1625715359811000,1,61.30628000,16.3100
1625715407397000,1,61.26862000,16.3200
1625715407490000,1,0.00000967,16.3200
1625715459789000,0,25.70000000,16.3200
1625715463856000,0,23.99966693,16.3400
1625715465266000,1,61.22872000,16.3300
1625715480269000,1,1.60580954,16.3100
1625715498488000,1,61.22647000,16.3300
1625715533092000,1,1.60580000,16.3300
1625715533101000,1,59.61917602,16.3300
1625715542707000,1,61.22872000,16.3300
1625715576163000,1,25.60000000,16.3400
1625715576163000,1,61.15510000,16.3400
1625715728350000,0,61.33526000,16.3100
1625715813496000,0,6.25000000,16.3100
1625715964435000,1,61.33000000,16.3000
1625715964485000,1,0.00783912,16.3000
1625716504889000,0,69.38771250,16.3200
1625716504891000,0,9.40068050,16.3200
1625716504931000,0,74.46173573,16.3200
1625716504931000,0,61.23938943,16.3200
1625716504953000,0,0.06203230,16.3200
1625716506420000,0,206.75914000,16.3300
1625716506499000,0,125.24086000,16.3300
1625716507779000,1,25.70000000,16.3200
1625716528182000,1,25.50000000,16.3000
1625716646607000,1,61.32040000,16.3000
1625716662407000,1,61.38000000,16.2800
1625716705543000,0,25.70000000,16.2900
1625716734046000,1,25.60000000,16.2800
1625716739468000,0,61.43704000,16.2800
1625716767334000,0,6.25000000,16.3100
1625716773317000,1,6.25000000,16.3300
1625716774880000,1,4.84098479,16.3100
1625716774894000,1,9.04326878,16.3100
1625716774922000,1,47.37625478,16.3100
1625716797531000,1,25.80000000,16.3000
1625716817066000,1,153.86698507,16.2400
1625716817066000,1,47.16091493,16.2400
1625716837242000,0,25.40000000,16.2300
1625716856787000,0,25.70000000,16.2400
1625716886017000,0,25.70000000,16.2400
1625716909525000,0,25.80000000,16.2500
1625716932073000,0,25.60000000,16.2300
1625716942239000,1,80.19254818,16.2200
1625716942245000,1,73.79005794,16.2200
1625716942245000,1,61.60300411,16.2200
1625716942245000,1,25.70000000,16.2200
1625716942496000,1,35.00000000,16.2100
1625716946429000,0,25.60000000,16.2000
1625716967784000,1,6.25000000,16.1700
1625716992592000,1,61.85745568,16.1600
1625716992592000,1,154.60254432,16.1600
1625717013318000,0,24.99999999,16.1400
1625717013357000,0,0.00000001,16.1400
1625717020817000,0,6.25000000,16.1300
1625717020937000,0,55.77357818,16.1300
1625717023585000,0,16.57479671,16.1400
1625717023633000,0,32.82625493,16.1400
1625717023635000,0,13.12808694,16.1400
1625717045604000,0,61.92778000,16.1500
1625717064050000,1,61.84684664,16.1600
1625717064050000,1,154.65319336,16.1600
1625717085615000,0,61.92016000,16.1600
1625717100752000,1,6.25000000,16.1600
1625717100760000,1,55.60225377,16.1600
1625717131849000,0,25.90000000,16.2100
1625717139941000,1,61.73000000,16.1900
1625717153162000,0,25.70000000,16.2100
1625717174801000,0,25.70000000,16.2100
1625717191166000,0,61.70477965,16.2100
1625717191166000,0,25.59999035,16.2100
1625717217523000,0,26.10000000,16.2300
1625717225002000,1,61.60224512,16.2200
1625717225002000,1,56.78775488,16.2200
1625717235379000,1,61.64550000,16.2200
1625717235484000,1,0.00008644,16.2200
1625717269870000,0,25.40000000,16.2200
1625717334505000,1,61.66378000,16.2100
1625717334606000,1,0.00000430,16.2100
1625717412097000,0,25.70000000,16.1800
1625717434699000,0,26.00000000,16.2100
1625717516114000,1,61.81860475,16.1700
1625717591036000,1,61.75746000,16.1900
1625717611842000,0,26.10000000,16.2000
1625717680755000,1,61.72000000,16.1900
1625717680774000,1,0.00930680,16.1900
1625717713563000,0,25.80000000,16.1900
1625717730360000,0,61.73439239,16.2000
1625717730360000,0,131.00104761,16.2000
1625717799357000,1,61.64401000,16.2200
1625717826999000,1,61.60300000,16.2300
1625717892722000,0,61.58076119,16.2500
1625717896709000,1,61.52644000,16.2500
1625717915710000,1,61.58782000,16.2300
1625717918813000,0,12.26124460,16.2300
1625718009557000,0,61.82059000,16.1800
1625718056470000,1,61.79797000,16.1700
1625718215660000,0,12.26120000,16.2400
1625718480655000,1,61.56128719,16.2400
1625718600306000,0,40.50000000,16.1500
1625718600306000,0,61.95538000,16.1500
1625718629751000,1,61.82313000,16.1700
1625718658802000,0,1.53993808,16.1500
1625718806993000,0,26.00000000,16.1500
1625718828110000,0,480.00000000,16.1700
1625718828110000,0,154.73552604,16.1700
1625718828110000,0,61.88108435,16.1700
1625718839315000,0,61.81371309,16.1800
1625718840264000,0,15.33189974,16.1900
1625718853362000,1,61.75740893,16.1900
1625718853362000,1,25.99999107,16.1900
1625718875196000,1,61.67973000,16.2100
1625719006345000,1,160.00000000,16.2100
1625719061073000,1,61.60448000,16.2300
1625719068174000,1,61.64000000,16.2200
1625719118540000,0,61.61799423,16.2400
1625719118540000,0,113.38200577,16.2400
1625719118549000,0,6.25000000,16.2400
1625719118573000,0,70.54067133,16.2400
1625719118573000,0,70.10010657,16.2400
1625719118609000,0,13.40065308,16.2400
1625719118609000,0,70.00000000,16.2400
1625719187481000,1,61.53000000,16.2500
1625719187556000,1,0.00249757,16.2500
1625719200263000,0,5.48953272,16.2500
1625719242226000,0,25.50000000,16.2100
1625719263343000,1,61.72620000,16.1900
1625719268493000,1,61.76000000,16.1800
1625719320242000,0,57.33027641,16.1700
1625719331456000,0,25.60000000,16.1700
1625719414036000,1,61.87000000,16.1600
1625719440263000,0,30.63152931,16.1500
1625719446451000,0,25.90000000,16.1500
1625719476757000,0,26.00000000,16.1300
1625719496414000,1,61.87439000,16.1500
1625719527973000,0,25.70000000,16.1400
1625719555792000,0,62.00995927,16.1300
1625719555792000,0,25.99999073,16.1300
1625719566396000,0,25.60000000,16.1200
1625719578633000,0,25.50000000,16.1400
1625719585749000,1,1.46648300,16.1400
1625719593839000,1,61.76056000,16.1900
1625719596117000,0,25.80000000,16.2000
1625719596178000,0,16.35120000,16.2000
1625719599028000,0,6.25000000,16.2300
1625719599305000,0,147.91491946,16.2300
1625719599305000,0,61.64984054,16.2300
1625719618661000,0,25.40000000,16.2500
1625719627689000,1,61.55981000,16.2400
1625719627714000,1,0.00000893,16.2400
1625719638476000,0,56.70000000,16.2500
1625719639811000,0,53.00000000,16.2700
1625719646235000,0,25.30000000,16.2900
1625719649773000,1,61.39000000,16.2800
1625719649782000,1,0.00347523,16.2800
1625719652978000,1,61.39000000,16.2700
1625719653097000,1,0.00347523,16.2700
1625719656226000,1,61.45000000,16.2700
1625719656244000,1,0.00082128,16.2700
1625719657906000,0,25.40000000,16.2800
1625719660660000,1,61.38132000,16.2800
1625719665990000,0,25.60000000,16.2900
1625719670030000,1,61.33000000,16.3000
1625719670064000,1,0.00172178,16.3000
1625719675352000,1,61.33172178,16.2800
1625719675352000,1,153.46827822,16.2800
1625719685000000,1,61.36000000,16.2800
1625719685919000,1,61.43048000,16.2700
1625719687589000,1,153.64381676,16.2600
1625719687589000,1,61.42618324,16.2600
1625719687593000,1,0.00429881,16.2600
1625719690855000,0,26.00000000,16.2700
1625719694411000,1,61.46659291,16.2600
1625719694411000,1,153.66340709,16.2600
1625719715205000,0,61.53297128,16.2600
1625719749041000,0,26.00000000,16.2600
1625719775470000,0,3.45638820,16.2800
1625719965886000,0,25.30000000,16.2900
1625719977638000,0,25.40000000,16.3000
1625719990623000,1,61.36330000,16.2900
1625719990655000,1,0.00008116,16.2900
1625720050798000,0,498.00000000,16.2900
1625720178162000,1,153.38552531,16.2900
1625720178162000,1,61.34162469,16.2900
1625720178183000,1,0.00001343,16.2900
1625720215423000,0,25.50000000,16.3000
1625720220297000,1,61.34079000,16.3000
1625720280287000,0,3.85691654,16.2900
1625720280392000,1,61.40478000,16.2800
1625720389785000,1,61.43954000,16.2700
1625720409693000,0,25.40000000,16.2600
1625720420932000,0,25.30000000,16.2700
1625720518389000,0,25.60000000,16.3100
1625720532080000,1,24.07361566,16.2900
1625720532083000,1,37.28444909,16.2900
1625720549706000,1,19.66292135,16.2800
1625720633940000,1,61.28741000,16.3100
1625720659989000,1,61.30239000,16.3100
1625720751044000,1,61.17413770,16.3400
1625720751044000,1,152.92202230,16.3400
1625720768412000,1,61.22657000,16.3300
1625720807371000,1,61.18990000,16.3400
1625720808851000,1,25.60000000,16.3300
1625720808851000,1,61.21058000,16.3300
1625720930885000,1,2.20852018,16.2900
1625721125897000,0,26.00000000,16.2700
1625721242783000,1,61.56810000,16.2400
1625721387834000,0,25.50000000,16.2500
1625721581424000,0,17.97306106,16.2200
1625721589517000,1,6.16000000,16.2000
1625721600522000,1,61.69878725,16.2000
1625721600522000,1,23.57338019,16.2000
1625721627490000,0,26.10000000,16.2100
1625721635427000,1,154.23339832,16.2000
1625721635427000,1,55.76660168,16.2000
1625721635459000,1,5.91787091,16.2000
1625721638397000,0,61.74272000,16.2000
1625721665591000,1,61.72239000,16.2000
1625721665699000,1,0.00000862,16.2000
1625721720244000,0,2.78295170,16.1800
1625721729695000,0,23.21704000,16.1800
1625721789326000,1,61.79000000,16.1800
1625721797166000,1,46.10000000,16.1700
1625721842653000,1,20.00000000,16.1500
1625721842669000,1,280.00000000,16.1500
1625721851888000,1,61.91200000,16.1500
1625721852263000,1,0.00009902,16.1500
1625721874981000,0,26.00000000,16.1600
1625721958373000,1,61.83613815,16.1600
1625721958373000,1,92.90386185,16.1600
1625721958636000,1,30.00000000,16.1600
1625721990458000,0,3.30874721,16.1700
1625722014943000,0,61.78087000,16.1900
1625722015014000,0,0.00000165,16.1900
1625722023302000,1,10.00000000,16.1900
1625722023347000,1,51.75533049,16.1900
1625722147744000,0,25.90000000,16.2000
1625722320282000,0,9.15577017,16.2300
1625722363878000,0,16.54422983,16.2300
1625722380169000,1,73.65362000,16.2400
1625722381899000,1,61.56960000,16.2300
1625722383990000,1,98.00000000,16.2200
1625722413798000,1,61.67000000,16.2100
1625722440227000,0,6.17349047,16.2000
1625722475296000,1,25.60000000,16.1900
1625722502787000,1,61.77959771,16.1800
1625722502787000,1,22.70440229,16.1800
1625722564303000,0,25.40000000,16.1700
1625722618784000,1,57.16000000,16.1600
1625722619064000,1,4.69679354,16.1600
1625722671956000,1,61.83000000,16.1700
1625722680265000,0,1.83622142,16.1700
1625722734585000,1,732.55000000,16.1600
1625722734600000,1,0.00878712,16.1600
1625722761549000,1,26.60000000,16.1400
1625722785238000,1,60.71053947,16.1400
1625722785254000,1,1.23899060,16.1400
1625722841354000,0,5.00000000,16.1900
1625722858943000,1,61.74000000,16.1900
1625722871160000,1,45.09000000,16.1800
1625722871190000,1,16.68349143,16.1800
1625722909946000,1,61.78117504,16.1800
1625722962841000,1,61.89000000,16.1500
1625722962906000,1,0.00589906,16.1500
1625723012856000,1,61.91000000,16.1400
1625723020689000,1,61.95000000,16.1300
1625723055349000,1,61.99000000,16.1200
1625723058393000,1,155.04452879,16.1100
1625723058393000,1,62.03547121,16.1100
1625723058403000,1,0.00019972,16.1100
1625723060552000,1,62.03000000,16.1000
1625723062830000,0,26.20000000,16.1100
1625723094920000,1,62.02000000,16.1100
1625723109786000,0,26.00000000,16.1200
1625723123286000,1,61.94000000,16.1300
1625723127710000,1,62.00938575,16.1200
1625723168442000,0,6.16862988,16.1300
1625723197045000,0,25.90000000,16.1200
1625723217622000,0,26.00000000,16.1400
1625723226413000,0,6.16099071,16.1500
1625723352635000,0,26.10000000,16.1200
1625723364488000,0,6.73729863,16.1400
1625723415617000,1,61.98875000,16.1300
1625723560067000,1,62.02643000,16.1200
1625723640140000,1,61.83613000,16.1700
1625723690224000,1,61.81243000,16.1700
1625723693739000,1,61.86290000,16.1500
1625723693817000,1,0.00006797,16.1500
1625723701275000,0,25.50000000,16.1600
1625723717346000,1,61.87000000,16.1500
1625723721515000,1,40.00000000,16.1400
1625723721756000,1,21.93000000,16.1400
1625723721783000,1,0.00341537,16.1400
1625723723387000,1,91.25000000,16.1300
1625723723446000,1,242.75000000,16.1300
1625723729408000,0,62.01924261,16.1300
1625723729408000,0,155.04451739,16.1300
1625723743451000,0,61.92548000,16.1500
1625723748705000,1,61.87062000,16.1600
1625723749082000,1,6.25000000,16.1500
1625723749113000,1,50.15488000,16.1500
1625723749362000,1,98.26363444,16.1500
1625723749362000,1,61.87062323,16.1500
1625723765623000,1,61.95000000,16.1400
1625723787036000,1,61.99951557,16.1200
1625723795799000,0,25.90000000,16.1200
1625723820164000,1,40.00000000,16.1100
1625723897184000,1,62.21000000,16.0700
1625723897226000,1,0.00708209,16.0700
1625723915179000,1,155.61780268,16.0500
1625723915179000,1,62.27219732,16.0500
1625723915188000,1,0.00300518,16.0500
1625723916796000,0,5.36000000,16.0600
1625723928793000,0,62.36496041,16.0400
1625723928793000,0,59.39999959,16.0400
1625723928910000,0,0.00000041,16.0400
1625723956116000,1,13.70000000,16.0300
1625723956214000,1,48.62793000,16.0300
1625723956927000,1,62.40000000,16.0200
1625723966972000,1,37.50000000,16.0000
1625723966972000,1,62.50000000,16.0000
1625723966972000,1,4.00000000,16.0000
1625723966972000,1,85.62000000,16.0000
1625723967034000,1,4.52000000,16.0000
1625723967051000,1,50.55625000,16.0000
1625723967051000,1,6.20732464,16.0000
1625723967051000,1,156.12314994,16.0000
1625723967051000,1,62.46816430,16.0000
1625723969283000,1,15.00000000,15.9900
1625723969317000,1,47.46816430,15.9900
1625723969317000,1,14.99999999,15.9900
1625723969320000,1,55.00000001,15.9900
1625723969320000,1,120.20179972,15.9800
1625723978310000,1,30.00000000,15.9800
1625723994898000,0,1.31000000,15.9400
1625723996596000,0,62.78232000,15.9300
1625723998348000,0,25.72834116,15.9200
1625724004705000,0,26.40000000,15.9400
1625724006314000,0,62.72483650,15.9500
1625724013988000,1,62.69152182,15.9400
1625724013988000,1,156.69461818,15.9400
1625724014033000,1,0.00000281,15.9400
1625724016743000,1,25.82970000,15.9100
1625724016932000,1,130.86492099,15.9100
1625724016932000,1,62.69152182,15.9100
1625724018257000,0,5.01999999,15.9100
1625724020785000,0,62.85164654,15.9200
1625724020785000,0,26.10000000,15.9200
1625724020785000,0,157.12399346,15.9200
1625724025530000,1,62.83000000,15.9000
1625724025532000,1,0.00162971,15.9000
1625724034806000,0,5.35990000,15.9100
1625724036673000,1,62.88767000,15.9000
1625724047977000,1,34.80000000,15.9100
1625724056422000,1,62.88134000,15.8900
1625724072180000,0,157.05293312,15.9300
1625724072180000,0,62.81236342,15.9300
1625724076345000,0,62.77529946,15.9400
1625724081887000,0,25.80000000,15.9400
1625724081887000,0,62.74866696,15.9400
1625724086321000,0,62.68402761,15.9600
1625724095228000,1,62.54571000,15.9800
1625724095638000,1,0.00000737,15.9800
1625724095638000,1,62.57377263,15.9700
1625724095837000,1,0.00000747,15.9700
1625724095998000,1,406.73488000,15.9700
1625724097137000,0,62.61257955,15.9800
1625724099725000,1,26.00000000,15.9700
1625724099725000,1,62.55041000,15.9700
1625724100018000,0,173.94034940,15.9900
1625724100543000,0,62.58900557,15.9800
1625724105890000,1,62.49951000,15.9900
1625724116496000,1,62.51755000,15.9900
1625724118387000,1,62.51755000,15.9800
1625724125397000,0,62.53781950,16.0000
1625724140340000,0,25.60000000,16.0600
1625724140340000,0,62.29813000,16.0600
1625724145531000,1,26.20000000,16.0500
1625724145910000,1,62.25409632,16.0400
1625724145910000,1,37.01127368,16.0400
1625724151078000,0,62.29741817,16.0600
1625724151078000,0,97.70258183,16.0600
1625724157931000,1,5.00000000,16.0800
1625724164562000,1,26.10000000,16.0800
1625724165818000,1,98.00000000,16.0700
1625724169204000,1,35.90000000,16.0500
1625724171513000,0,62.28106000,16.0600
1625724173839000,0,62.21751000,16.0800
1625724191660000,1,76.80000000,16.0800
1625724219103000,1,62.10425000,16.1000
1625724227538000,0,25.70000000,16.0900
1625724240243000,0,2.57042356,16.1000
1625724241265000,1,25.60000000,16.0800
1625724250088000,0,62.19739000,16.0800
1625724252716000,0,26.00000000,16.0900
1625724252716000,0,62.17347000,16.0900
1625724254423000,1,62.13639000,16.0900
1625724273189000,1,62.14207000,16.0900
1625724289475000,1,60.94615149,16.0700
1625724289480000,1,1.24379901,16.0700
1625724302098000,0,67.60000000,16.1100
1625724303274000,0,62.30000000,16.1200
1625724318315000,0,25.90000000,16.1500
1625724331034000,1,61.94000000,16.1400
1625724331066000,1,0.00126892,16.1400
1625724334287000,1,61.94126892,16.1300
1625724339698000,0,62.00303000,16.1300
1625724342671000,0,25.80000000,16.1400
1625724352358000,0,25.50000000,16.1500
1625724355640000,0,25.80000000,16.1600
1625724359202000,1,61.83000000,16.1600
1625724360671000,1,154.73169524,16.1500
1625724360671000,1,61.83706164,16.1500
1625724364169000,1,61.83000000,16.1400
1625724384591000,0,26.10000000,16.1300
1625724392356000,0,26.20000000,16.1500
1625724399839000,0,61.91861414,16.1600
1625724399839000,0,25.99999586,16.1600
1625724404257000,1,61.87000000,16.1500
1625724404288000,1,0.00746275,16.1500
1625724412340000,0,25.80000000,16.1600
1625724429221000,0,25.80000000,16.1700
1625724431400000,0,61.84061892,16.1800
1625724431400000,0,25.69999108,16.1800
1625724480232000,0,61.88954778,16.1500
1625724484190000,0,25.50000000,16.1500
1625724500337000,1,61.86827000,16.1600
1625724500511000,1,0.00000473,16.1600
1625724525529000,1,61.91194000,16.1500
1625724525609000,1,0.00000213,16.1500
1625724538202000,0,45.60000000,16.1600
1625724599430000,0,25.90000000,16.1500
1625724607436000,0,61.90946816,16.1600
1625724607436000,0,25.89999184,16.1600
1625724623216000,0,26.10000000,16.1700
1625724625580000,0,25.40000000,16.1800
1625724639517000,0,25.60000000,16.1900
1625724718921000,1,61.72239000,16.2000
1625724719101000,0,10.74645280,16.2100
1625724720244000,0,7.33496273,16.2100
1625724728568000,0,7.41858447,16.2100
1625724728568000,0,2.27543156,16.2100
1625724765698000,0,130.92932738,16.2100
1625724765698000,0,26.00000000,16.2100
1625724765698000,0,61.73211919,16.2100
1625724765698000,0,2.51075461,16.2200
1625724765698000,0,278.82779882,16.2200
1625724858067000,1,145.00000000,16.2300
1625724943745000,0,99.50000000,16.2400
1625724953901000,0,61.57108790,16.2500
1625724953901000,0,83.99999210,16.2500
1625725007798000,1,61.53103000,16.2500
1625725033123000,0,12.63982790,16.2700
1625725091108000,1,61.53178000,16.2500
1625725144747000,1,61.56512000,16.2400
1625725207512000,1,30.33000000,16.2300
1625725207538000,1,31.27305234,16.2300
1625725207538000,1,5.75836827,16.2300
1625725207619000,1,148.23182563,16.2300
1625725213902000,1,61.63418000,16.2200
1625725229411000,1,61.64097768,16.2200
1625725229411000,1,154.06990232,16.2200
1625725235931000,1,61.63024319,16.2200
1625725237346000,1,154.07560798,16.2100
1625725237346000,1,61.63024319,16.2100
1625725239444000,1,154.07560798,16.2000
1625725239444000,1,61.63024319,16.2000
1625725252336000,1,61.71787700,16.2000
1625725254364000,1,154.26575670,16.1900
1625725254364000,1,61.72549640,16.1900
1625725267375000,1,154.35147683,16.1800
1625725267375000,1,61.76514761,16.1800
1625725276572000,1,61.79000000,16.1800
1625725276617000,1,0.00797461,16.1800
1625725284162000,0,131.01771421,16.1900
1625725284162000,0,25.89999579,16.1900
1625725289533000,1,61.74302000,16.1900
1625725289562000,1,0.00000815,16.1900
1625725301455000,0,92.48148148,16.2000
1625725316537000,1,61.74155331,16.1900
1625725336095000,1,61.75751842,16.1800
1625725336095000,1,86.37109158,16.1800
1625725336142000,1,68.08528376,16.1800
1625725339355000,0,43.00000000,16.1800
1625725371575000,1,61.82543000,16.1700
1625725371582000,1,0.00000338,16.1700
1625725389968000,0,26.10000000,16.1800
1625725392206000,0,26.00000000,16.1900
1625725428909000,0,104.82140796,16.1900
1625725428909000,0,25.99999204,16.1900
1625725429042000,1,6.25000000,16.1900
1625725429196000,0,512.00000000,16.2000
1625725429196000,0,154.41058392,16.2000
1625725429196000,0,61.76565881,16.2000
1625725429196000,0,70.00000000,16.2000
1625725444970000,1,61.68422000,16.2000
1625725445078000,1,0.00000611,16.2000
1625725472842000,1,61.71935098,16.2000
1625725472842000,1,154.24064902,16.2000
1625725472868000,1,0.00607169,16.2000
1625725490915000,1,61.70000000,16.2000
1625725490966000,1,0.00645143,16.2000
1625725543406000,1,61.71630000,16.2000
1625725543487000,1,0.00000363,16.2000
1625725560042000,1,61.76000000,16.1800
1625725575700000,1,61.80000000,16.1700
1625725587517000,0,26.20000000,16.1800
1625725609501000,1,61.74897000,16.1900
1625725632170000,1,61.79873000,16.1800
1625725655768000,0,25.80000000,16.1900
1625725760769000,1,61.88057791,16.1500
1625725776986000,1,61.92349625,16.1400
1625725776986000,1,143.07650375,16.1400
1625725788360000,1,61.94574000,16.1400
1625725795329000,1,61.93648419,16.1400
1625725827816000,0,19.89848829,16.1600
1625725851797000,1,61.86138000,16.1600
1625725851861000,1,0.00000551,16.1600
1625725862256000,1,61.90432000,16.1400
1625725862385000,1,0.00000892,16.1400
1625725863213000,1,61.96949323,16.1300
1625725886418000,1,62.02253000,16.1200
1625725886528000,1,0.00000483,16.1200
1625725902352000,1,62.04330000,16.1100
1625726029458000,1,14.96402901,16.0700
1625726029513000,1,47.21895015,16.0700
1625726051940000,0,6.25000000,16.0800
1625726051985000,0,49.95000000,16.0800
1625726060719000,0,45.20000000,16.0900
1625726064073000,1,62.12045491,16.0900
1625726064073000,1,155.30650509,16.0900
1625726064251000,1,0.00000784,16.0900
1625726070894000,0,15.50031075,16.0900
1625726072595000,1,62.12000000,16.0700
1625726072629000,1,0.00045491,16.0700
1625726085868000,1,62.21166000,16.0700
1625726126137000,1,62.19922000,16.0700
1625726215617000,1,62.24000000,16.0600
1625726219606000,1,62.24651000,16.0500
1625726299775000,1,62.32000000,16.0400
1625726299795000,1,0.00327358,16.0400
1625726330960000,1,62.32000000,16.0400
1625726358135000,1,62.32000000,16.0400
1625726360940000,1,62.35753223,16.0300
1625726485083000,1,62.37542000,16.0300
1625726485147000,1,0.00000490,16.0300
1625726492201000,0,62.02183406,16.0300
1625726661146000,1,6.25000000,15.9800
1625726753236000,1,62.47000000,16.0000
1625726781370000,0,26.30000000,15.9800
1625726824418000,1,27.38209000,16.0100
1625726824677000,0,2.00000000,16.0200
1625726842528000,0,24.30000000,16.0200
1625726873755000,1,62.32000000,16.0300
1625726876452000,1,62.39000000,16.0200
1625726876531000,1,0.00792093,16.0200
1625726924354000,1,62.31000000,16.0400
1625726924386000,1,0.00634033,16.0400
1625726942993000,1,62.37303206,16.0200
1625726970944000,0,4.00000000,16.0300
1625726982128000,0,98.00000000,16.0400
1625726982128000,0,26.30000000,16.0400
1625726982128000,0,45.70000000,16.0400
1625727008749000,1,25.80000000,16.0200
1625727076114000,0,25.90000000,16.0400
1625727082517000,0,62.31530000,16.0500
1625727127893000,1,49.00000000,16.0300
1625727131363000,1,1.00000000,16.0300
1625727146795000,1,10.00000000,16.0000
1625727187402000,0,50.00000000,15.9900
1625727240315000,0,2.09511852,15.9900
1625727396805000,1,8.37438556,15.9800
1625727405337000,1,62.61000000,15.9700
1625727405340000,1,0.00047400,15.9700
1625727430733000,0,6.25000000,15.9500
1625727431289000,0,6.25000000,15.9600
1625727437163000,0,26.20000000,15.9600
1625727437163000,0,156.76929830,15.9600
1625727437163000,0,62.69887170,15.9600
1625727490966000,1,6.25000000,15.9400
1625727491450000,1,20.25000000,15.9400
1625727491450000,1,62.72206000,15.9400
1625727493179000,0,98.00000000,15.9400
1625727493179000,0,26.20000000,15.9400
1625727493179000,0,2.42564000,15.9400
1625727517249000,1,26.40000000,15.9600
1625727523852000,0,62.67583000,15.9600
1625727528272000,0,156.56900936,15.9800
1625727528272000,0,62.61822064,15.9800
1625727528299000,0,0.00001458,15.9800
1625727528497000,0,406.88157000,15.9900
1625727551095000,1,26.30000000,15.9900
1625727551095000,1,62.52982000,15.9900
1625727551284000,1,0.00000269,15.9900
1625727558884000,1,62.52982000,15.9800
1625727578752000,1,26.10000000,16.0000
1625727583943000,1,62.48215000,16.0000
1625727584961000,1,62.48215000,15.9900
1625727585087000,1,0.00000622,15.9900
1625727622304000,0,26.00000000,15.9900
1625727650048000,0,25.90000000,16.0000
1625727667207000,0,62.46318000,16.0200
1625727667947000,0,26.30000000,16.0300
1625727667947000,0,62.39920000,16.0300
1625727689535000,0,62.34868793,16.0500
1625727689535000,0,26.19999207,16.0500
1625727713386000,1,62.32871204,16.0400
1625727713386000,1,107.85128796,16.0400
1625727773114000,0,25.80000000,16.0500
1625727773114000,0,121.74470734,16.0600
1625727776548000,0,24.73550000,16.0600
1625727777478000,0,235.00000000,16.0600
1625727777552000,0,159.00000000,16.0600
1625727779254000,0,475.34570000,16.0700
1625727824084000,1,62.21470000,16.0700
1625727880382000,1,62.09345306,16.1000
1625727903965000,1,62.08568000,16.1000
1625727904131000,1,0.00000796,16.1000
1625727963465000,1,26.00000000,16.0800
1625727964957000,1,62.18767000,16.0700
1625728035686000,0,26.20000000,16.0900
1625728103933000,1,62.14000000,16.0900
1625728103980000,1,0.00207330,16.0900
1625728132846000,0,25.70000000,16.1000
1625728169819000,1,62.09000000,16.1000
1625728169825000,1,0.00802552,16.1000
1625728188517000,1,62.10000000,16.1000
1625728188552000,1,0.00342474,16.1000
1625728200266000,0,3.13653679,16.1300
1625728207949000,1,62.04000000,16.1100
1625728208015000,1,0.00259910,16.1100
1625728210939000,1,62.07797947,16.1000
1625728235753000,1,30.97000000,16.1000
1625728253281000,0,1.54411061,16.1100
1625728277047000,0,24.75588000,16.1100
1625728283906000,1,98.00000000,16.1100
1625728300865000,1,25.62000000,16.1100
1625728301055000,1,39.70000000,16.1100
1625728388845000,1,50.34000000,16.1200
1625728388887000,1,11.68319668,16.1200
1625728424361000,1,2.26016260,16.1300
1625728448626000,1,61.98000000,16.1300
1625728448628000,1,0.00721697,16.1300
1625728517504000,1,61.94799498,16.1300
1625728517504000,1,101.37200502,16.1300
1625728517646000,1,53.55338291,16.1300
1625728519349000,0,6.16480793,16.1400
1625728519900000,1,54.95000000,16.1200
1625728519926000,1,7.05638212,16.1200
1625728535664000,1,62.03000000,16.1100
1625728535688000,1,0.00336188,16.1100
1625728540424000,0,6.16470000,16.1100
1625728552134000,1,61.98000000,16.1300
1625728556651000,1,62.01000000,16.1200
1625728556692000,1,0.00028084,16.1200
1625728569357000,1,98.00000000,16.1100
1625728569357000,1,62.03000000,16.1100
1625728569384000,1,0.00182261,16.1100
1625728572732000,1,238.07000000,16.1000
1625728620585000,1,62.10728191,16.0900
1625728627640000,0,25.50000000,16.1000
1625728641660000,1,62.10425000,16.1000
1625728641673000,1,0.00000098,16.1000
1625728642748000,1,60.86216596,16.0900
1625728659188000,1,62.10000000,16.0800
1625728681629000,1,62.14130000,16.0900
1625728721837000,1,57.78000000,16.0900
1625728721869000,1,3.29770000,16.0900
1625728721964000,1,1.06669045,16.0900
1625728723484000,1,99.17000000,16.0800
1625728723523000,1,56.19635386,16.0800
1625728723523000,1,62.14439045,16.0800
1625728732223000,1,62.18000000,16.0800
1625728732260000,1,0.00297916,16.0800
1625728778482000,1,98.00000000,16.0800
1625728778522000,1,57.40498539,16.0800
1625728778522000,1,62.14284567,16.0800
1625728797473000,1,62.17138000,16.0800
1625728801871000,1,62.19000000,16.0700
1625728801902000,1,0.00690280,16.0700
1625728812481000,1,62.23000000,16.0600
1625728812547000,1,0.00096463,16.0600
1625728837222000,1,62.25000000,16.0600
1625728837262000,1,0.00980719,16.0600
1625728861427000,1,62.22000000,16.0600
1625728865846000,1,62.26557000,16.0500
1625728865884000,1,0.00000677,16.0500
1625728874476000,0,26.20000000,16.0500
1625728875680000,1,62.32000000,16.0400
1625728875687000,1,0.00114789,16.0400
1625728920273000,0,9.95068281,16.0500
1625728965667000,0,1.24064837,16.0400
1625729016101000,1,14.67150000,16.0300
1625729016330000,1,47.70548127,16.0300
1625729037690000,1,62.41124108,16.0200
1625729037690000,1,156.00817892,16.0200
1625729162129000,1,62.39000000,16.0200
1625729162157000,1,0.00794110,16.0200
1625729186022000,0,26.30000000,16.0300
1625729220049000,1,98.00000000,16.0600
1625729227112000,0,62.22144571,16.0800
1625729227112000,0,92.16899645,16.0900
1625729305001000,0,25.80000000,16.0400
1625729344477000,1,62.32249673,16.0400
1625729344477000,1,35.67750327,16.0400
1625729344661000,1,93.63000000,16.0400
1625729344690000,1,6.25000000,16.0400
1625729344845000,1,20.24456578,16.0400
1625729345195000,1,62.36504384,16.0300
1625729370929000,1,393.61000000,16.0000
1625729371219000,1,156.10755186,16.0000
1625729371219000,1,50.55072814,16.0000
1625729403343000,1,145.97000000,15.9800
1625729403549000,1,264.03000000,15.9800
1625729406298000,1,62.53000000,15.9700
1625729406459000,1,0.00607943,15.9700
1625729422513000,1,26.00000000,15.9400
1625729422513000,1,62.69524000,15.9400
1625729434186000,1,62.64000000,15.9600
1625729434189000,1,0.00903905,15.9600
1625729444805000,1,62.66389600,15.9400
1625729444805000,1,156.66516268,15.9400
1625729444805000,1,26.10000000,15.9400
1625729444991000,1,175.15684540,15.9300
1625729445098000,1,232.46516000,15.9300
1625729445247000,1,0.00000453,15.9300
1625729448957000,1,6.25000000,15.9300
1625729451820000,0,6.25000000,15.9200
1625729452069000,0,56.52542000,15.9200
1625729463557000,0,26.00000000,15.9300
1625729496303000,0,25.90000000,15.9500
1625729496303000,0,62.73585000,15.9500
1625729512127000,0,62.82019000,15.9200
1625729514980000,0,26.40000000,15.9300
1625729525829000,0,62.76971925,15.9400
1625729525988000,0,7.07196862,15.9400
1625729525988000,0,6.25000000,15.9400
1625729526028000,0,7.54206637,15.9400
1625729526080000,0,68.31764000,15.9400
1625729548511000,1,29.00000000,15.9200
1625729548780000,1,33.80558404,15.9200
1625729549197000,0,28.99999596,15.9200
1625729549197000,0,6.25000000,15.9200
1625729549197000,0,2.58340563,15.9200
1625729549339000,1,167.27652000,15.9200
1625729549353000,1,0.00000303,15.9200
1625729551106000,0,6.25000000,15.9200
1625729551594000,0,56.57735914,15.9200
1625729564905000,1,157.07266810,15.9000
1625729564905000,1,62.82733190,15.9000
1625729603890000,1,62.75349385,15.9100
1625729631036000,1,62.79000000,15.9200
1625729676313000,0,26.40000000,15.9300
1625729708005000,1,22.30000000,15.9300
1625729724552000,1,62.80000000,15.9200
1625729724629000,1,0.00400620,15.9200
1625729755644000,0,25.90000000,15.9000
1625729788302000,0,26.00000000,15.9200
1625729812393000,1,62.80000000,15.9100
1625729812421000,1,0.00946463,15.9100
1625729815997000,1,62.86000000,15.9000
1625729816021000,1,0.00237377,15.9000
1625729820779000,1,62.92000000,15.8900
1625729820848000,1,0.00724967,15.8900
1625729851245000,0,464.00000000,15.9200
1625729908136000,0,62.86448462,15.9100
1625729908136000,0,98.00000000,15.9100
1625729908136000,0,2.59596591,15.9100
1625729908136000,0,24.21082539,15.9100
1625729923252000,0,26.60000000,15.8800
1625729932763000,0,1.25235997,15.8900
1625729934153000,1,62.97321000,15.8700
1625729934173000,1,0.00000842,15.8700
1625729934350000,1,182.27468290,15.8600
1625729934350000,1,32.72531710,15.8600
1625729934356000,1,59.73620000,15.8600
1625729934412000,1,316.93219218,15.8600
1625729934412000,1,157.44262791,15.8600
1625729934412000,1,59.73617991,15.8600
1625729935980000,1,1.26184558,15.8500
1625729936436000,1,20.00000000,15.8300
1625729945354000,0,63.09370000,15.8600
1625729945373000,0,0.00003465,15.8600
1625729951851000,1,63.04468000,15.8600
1625729954234000,0,25.90000000,15.8700
1625729965692000,0,26.30000000,15.8800
1625729974725000,1,157.36334567,15.8800
1625729974725000,1,409.11181802,15.8800
1625729974881000,1,40.65861277,15.8800
1625729975035000,1,22.26663922,15.8800
1625729976310000,0,26.10000000,15.8800
1625729997206000,0,10.05850000,15.8800
1625729997329000,0,16.64150000,15.8800
1625730035844000,1,63.00178000,15.8700
1625730035883000,1,0.00000454,15.8700
1625730040977000,0,6.29000000,15.8500
1625730040987000,0,6.40000000,15.8500
1625730045445000,1,18.90000000,15.8000
1625730052473000,0,63.38077938,15.7900
1625730060418000,0,63.30504463,15.8000
1625730060418000,0,26.30000000,15.8000
1625730064335000,1,98.00000000,15.7900
1625730070071000,0,26.80000000,15.8000
1625730070071000,0,63.34143000,15.8000
1625730077356000,0,63.39042000,15.7800
1625730078240000,1,98.00000000,15.7700
1625730079591000,1,245.74682000,15.7600
1625730081709000,1,0.00000741,15.7600
1625730082904000,0,6.31000000,15.7500
1625730084243000,1,8.25000000,15.7400
1625730086399000,0,63.54348000,15.7400
1625730087887000,0,140.00000000,15.7500
1625730088120000,0,26.60000000,15.7500
1625730089267000,0,63.52337000,15.7600
1625730093442000,1,63.44950727,15.7500
1625730098890000,0,63.53467000,15.7500
1625730102170000,0,63.52176000,15.7500
1625730108781000,1,63.52044291,15.7400
1625730108781000,1,69.03005709,15.7400
1625730108910000,1,89.75252510,15.7400
1625730110579000,0,26.40000000,15.7500
1625730117095000,1,52.65150874,15.7500
1625730120275000,0,14.33830594,15.7600
1625730120417000,1,63.48576000,15.7400
1625730122993000,0,14.33820000,15.7300
1625730127543000,1,63.56889912,15.7100
1625730137942000,0,26.70000000,15.7400
1625730139158000,0,63.51046000,15.7500
1625730140319000,0,63.62190892,15.7600
1625730140319000,0,63.49102108,15.7600
1625730145138000,0,63.51611000,15.7600
1625730146229000,0,158.67172724,15.7700
1625730146229000,0,63.44517276,15.7700
1625730151342000,0,63.39765000,15.7800
1625730167529000,0,26.60000000,15.8100
1625730180709000,0,63.25621000,15.8200
1625730182792000,0,63.19980000,15.8300
1625730190849000,0,26.50000000,15.8400
1625730192219000,0,63.11815067,15.8500
1625730196405000,1,559.68000000,15.8400
1625730196463000,1,296.16000000,15.8400
1625730196555000,1,305.00000000,15.8400
1625730196614000,1,266.02648000,15.8400
1625730196698000,1,565.00000000,15.8400
1625730213159000,0,240.00000000,15.8500
1625730213232000,0,215.00000000,15.8500
1625730213311000,0,55.00000000,15.8500
1625730213311000,0,63.13509000,15.8500
1625730247568000,0,63.19980001,15.8300
1625730247568000,0,26.50000000,15.8300
1625730247568000,0,142.16510999,15.8300
1625730278417000,0,63.23409000,15.8200
1625730283135000,1,63.19723000,15.8200
1625730286369000,1,63.19723000,15.8100
1625730302388000,1,63.20327000,15.8200
1625730306553000,1,6.25000000,15.7900
1625730306555000,1,56.95327429,15.7900
1625730312103000,1,100.17270586,15.7700
1625730334938000,0,344.00000000,15.7800
1625730334938000,0,63.38406533,15.7800
1625730334938000,0,158.48865221,15.7800
1625730351041000,1,63.36193505,15.7700
1625730351057000,1,0.00000001,15.7700
1625730394176000,1,63.46803000,15.7500
1625730396924000,1,158.74987632,15.7400
1625730396924000,1,63.46012368,15.7400
1625730396929000,1,0.00790829,15.7400
1625730402859000,0,26.90000000,15.7400
1625730402859000,0,63.60256156,15.7400
1625730402859000,0,159.00880273,15.7400
1625730402859000,0,296.40086571,15.7400
1625730403094000,0,63.60256000,15.7300
1625730403134000,0,0.00000156,15.7300
1625730421738000,0,63.61065000,15.7300
1625730426601000,0,63.58072000,15.7300
1625730468756000,0,158.97644605,15.7400
1625730468756000,0,63.56698378,15.7400
1625730507316000,0,3.15672588,15.7600
1625730516323000,0,60.33841000,15.7600
1625730545641000,0,8.83344848,15.7600
1625730556017000,0,63.46048886,15.7600
1625730670317000,0,158.81687779,15.7500
1625730670317000,0,47.50736221,15.7500
1625730670497000,0,16.02650000,15.7500
1625730716104000,0,1.30000000,15.7500
1625730737284000,0,63.67302000,15.7100
1625730753976000,1,63.63443240,15.7100
1625730753976000,1,98.00000000,15.7000
1625730753976000,1,2.57403161,15.7000
1625730753976000,1,46.11934728,15.7000
1625730767197000,1,6.25000000,15.7300
1625730819500000,1,63.55750000,15.7200
1625730905106000,0,63.53306028,15.7500
1625730999634000,1,28.19250000,15.7200
1625730999676000,1,35.40389047,15.7200
1625731011047000,1,3.00000000,15.7000
1625731024151000,0,26.90000000,15.6900
1625731060366000,1,47.39761460,15.6600
1625731060376000,1,6.25000000,15.6600
1625731060394000,1,10.16452247,15.6600
1625731066487000,0,63.86919589,15.6600
1625731066487000,0,159.75461691,15.6600
1625731069451000,0,26.90000000,15.6800
1625731075472000,1,159.52219911,15.6600
1625731075472000,1,63.81780089,15.6600
1625731075861000,1,0.00271600,15.6600
1625731085351000,1,192.06000000,15.6200
1625731085421000,1,0.00145967,15.6200
1625731086376000,0,6.25000000,15.6100
1625731086806000,1,5.00000000,15.6000
1625731086806000,1,4.00000000,15.6000
1625731087395000,0,6.38000000,15.6100
1625731088054000,1,54.08850000,15.5900
1625731090528000,0,98.00000000,15.5900
1625731090810000,0,64.15001688,15.6000
1625731090810000,0,26.80000000,15.6000
1625731090810000,0,160.35302312,15.6000
1625731094016000,0,4.70000000,15.6300
1625731094248000,0,6.25000000,15.6300
1625731094587000,0,146.33195406,15.6300
1625731094855000,0,338.71804594,15.6300
1625731095282000,1,63.97477573,15.6200
1625731095282000,1,26.60000000,15.6200
1625731095644000,0,63.94990762,15.6400
1625731095870000,0,0.00000001,15.6400
1625731095870000,0,159.87107996,15.6500
1625731096391000,0,63.95890578,15.6500
1625731096548000,0,7.39400000,15.6700
1625731096718000,0,4.30000000,15.6600
1625731098895000,0,54.00000000,15.6600
1625731098895000,0,98.00000000,15.6600
1625731099265000,0,63.84183179,15.6700
1625731099265000,0,31.16286821,15.6700
1625731102457000,0,26.80000000,15.6900
1625731110986000,0,63.63331990,15.7200
1625731110986000,0,159.07962890,15.7200
1625731113229000,0,63.59528000,15.7300
1625731125096000,0,63.49433488,15.7600
1625731127070000,1,98.00000000,15.7700
1625731128118000,1,10.00000000,15.7700
1625731130105000,1,88.00000000,15.7700
1625731145464000,1,63.38837206,15.7700
1625731145464000,1,98.00000000,15.7600
1625731145464000,1,70.00000000,15.7600
1625731145464000,1,97.65384794,15.7600
1625731150953000,0,26.10000000,15.7800
1625731154350000,0,158.43843083,15.7900
1625731154350000,0,63.36632154,15.7900
1625731172177000,1,63.35460000,15.7700
1625731172685000,1,158.50271991,15.7600
1625731185396000,0,63.41863421,15.7700
1625731186832000,1,63.40280000,15.7700
1625731187017000,1,0.00004080,15.7700
1625731197396000,1,8.73980000,15.7700
1625731197540000,1,54.66223681,15.7700
1625731210014000,0,63.55244071,15.7400
1625731210014000,0,26.10000000,15.7400
1625731210014000,0,158.88550929,15.7400
1625731210277000,0,0.00000416,15.7400
1625731227949000,0,6.25000000,15.7400
1625731227974000,0,56.19539409,15.7400
1625731227978000,0,1.11856787,15.7400
1625731227978000,0,158.89157239,15.7400
1625731234600000,0,63.45887804,15.7600
1625731245949000,0,63.40781655,15.7800
1625731293145000,0,63.31023000,15.8000
1625731294513000,0,7.02763923,15.8100
1625731319190000,0,310.00000000,15.8100
1625731320296000,0,2.50011672,15.8300
1625731320296000,0,17.29361182,15.8300
1625731332795000,1,63.23931000,15.8100
1625731332883000,1,0.00000767,15.8100
1625731338149000,0,4.90265486,15.8200
1625731340961000,1,63.24550641,15.8000
1625731340961000,1,158.10449359,15.8000
1625731365598000,1,6.25000000,15.7800
1625731365733000,1,29.00000000,15.7800
1625731365994000,1,28.11000000,15.7800
1625731366150000,1,0.00521907,15.7800
1625731370531000,0,356.37213000,15.7800
1625731370608000,0,115.00000000,15.7800
1625731370776000,0,588.62265093,15.7800
1625731370776000,0,300.00000000,15.7800
1625731372863000,1,26.70000000,15.7700
1625731380809000,1,63.47001000,15.7500
1625731417664000,1,63.43816125,15.7500
1625731425814000,1,63.47169000,15.7500
1625731434555000,1,6.25000000,15.7300
1625731434672000,1,57.28695836,15.7300
1625731447290000,1,63.54467000,15.7200
1625731447409000,1,0.00000285,15.7200
1625731448087000,1,63.64688000,15.7100
1625731449182000,1,97.30828000,15.7000
1625731457353000,1,0.00000025,15.7000
1625731465011000,1,63.72608000,15.6900
1625731466968000,0,137.59272000,15.7000
1625731481816000,1,63.68468000,15.7000
1625731511046000,1,63.55839000,15.7300
1625731512279000,1,63.55839000,15.7200
1625731520663000,1,63.65823000,15.7000
1625731542282000,1,63.78136039,15.6700
1625731548211000,1,63.79112000,15.6700
1625731548265000,1,0.00000546,15.6700
1625731548265000,1,159.48148454,15.6700
1625731560255000,1,63.69198000,15.6900
1625731565768000,1,63.69198638,15.6700
1625731565768000,1,159.23363362,15.6700
1625731607017000,0,438.00000000,15.6700
1625731607017000,0,0.13126000,15.6700
1625731607054000,0,6.25000000,15.6700
1625731607088000,0,57.45752795,15.6700
1625731670161000,1,30.00000000,15.6700
1625731671162000,1,63.81000000,15.6600
1625731677510000,0,63.87801341,15.6600
1625731677510000,0,159.69134856,15.6600
1625731677510000,0,27.00000000,15.6600
1625731686187000,1,63.89000000,15.6400
1625731693933000,1,63.96000000,15.6300
1625731701234000,1,63.95000000,15.6300
1625731704780000,0,26.90000000,15.6500
1625731704780000,0,159.86699066,15.6500
1625731704780000,0,63.93927670,15.6500
1625731708089000,0,12.00000000,15.6600
1625731710597000,0,63.84538763,15.6700
1625731720908000,1,159.66816977,15.6500
1625731721712000,1,62.58440767,15.6500
1625731725736000,0,63.86659059,15.6600
1625731726625000,1,1.27723281,15.6500
1625731726625000,1,2.55992720,15.6500
1625731726625000,1,8.43530472,15.6500
1625731726742000,1,151.22544811,15.6500
1625731726742000,1,98.00000000,15.6500
1625731732958000,1,159.77707902,15.6400
1625731732958000,1,14.02292098,15.6400
1625731737132000,0,1310.87462611,15.6500
1625731740583000,1,49.87000000,15.6400
1625731740619000,1,0.00979938,15.6400
1625731745066000,0,63.91965967,15.6500
1625731745066000,0,159.81589209,15.6500
1625731758966000,0,412.00000000,15.6600
1625731767972000,1,63.87000000,15.6500
1625731772899000,1,55.33369920,15.6400
1625731772967000,1,8.59933747,15.6400
1625731772967000,1,98.00000000,15.6400
1625731782841000,1,480.00000000,15.6200
1625731782841000,1,63.96209378,15.6200
1625731797732000,1,63.92000000,15.6400
1625731849840000,1,9.86721795,15.6000
1625731874954000,0,26.90000000,15.6100
1625731893343000,0,15.00000000,15.6100
1625731918865000,1,63.95110000,15.6300
1625731920297000,0,33.46598500,15.6400
1625731922149000,1,63.95000000,15.6200
1625731945593000,0,5.60000000,15.6700
1625731962253000,0,26.50000000,15.6700
1625732011675000,0,50.00000000,15.7200
1625732011852000,0,13.62328038,15.7200
1625732011852000,0,147.17705251,15.7200
1625732013370000,0,4.90000000,15.7400
1625732015267000,1,63.59000000,15.7200
1625732015284000,1,0.00403892,15.7200
1625732028149000,0,1.68595041,15.7300
1625732028899000,0,6.34000000,15.7300
1625732047935000,1,63.60600000,15.7100
1625732059274000,1,26.90000000,15.6900
1625732059274000,1,41.53320000,15.6900
1625732119186000,1,63.56000000,15.7300
1625732139284000,1,63.48011000,15.7500
1625732139378000,1,0.00000912,15.7500
1625732155554000,0,29.00000000,15.7600
1625732171935000,1,63.40444000,15.7700
1625732189344000,1,63.31940000,15.7900
1625732219133000,1,51.29420272,15.7700
1625732222357000,1,63.40291000,15.7700
1625732226721000,1,63.39567000,15.7700
1625732226925000,1,0.00000796,15.7700
1625732228774000,1,400.00000000,15.7500
1625732228774000,1,63.39567796,15.7500
1625732228774000,1,6.89931204,15.7500
1625732238046000,1,26.70000000,15.7500
1625732247925000,1,63.41409883,15.7600
1625732247925000,1,158.53889117,15.7600
1625732268576000,1,63.35711000,15.7800
1625732276888000,0,12.64258555,15.7800
1625732372031000,0,26.10000000,15.7900
1625732378781000,1,63.32516000,15.7900
1625732391791000,0,1.87143762,15.8000
1625732499446000,0,18.91634980,15.7800
1625732530603000,0,26.60000000,15.7900
1625732530780000,1,6.25000000,15.7900
1625732530871000,0,57.09544000,15.7900
1625732551102000,0,6.33000000,15.8000
1625732567647000,0,3.67000000,15.8000
1625732611417000,1,93.72347808,15.8000
1625732611509000,1,64.41629217,15.8000
1625732611509000,1,63.23545888,15.8000
1625732619832000,1,63.32509000,15.7900
1625732640326000,0,6.58527263,15.8100
1625732650179000,0,26.70000000,15.7800
1625732740025000,1,63.38917000,15.7700
1625732740039000,1,0.00000570,15.7700
1625732757307000,0,12.62690355,15.7600
1625732768406000,0,134.38074531,15.7600
1625732768406000,0,63.46693293,15.7600
1625732768406000,0,26.49999176,15.7600
1625732783353000,1,3.19000000,15.7400
1625732791500000,0,2.45565150,15.7300
1625732791500000,0,0.72434850,15.7300
1625732807244000,0,26.40000000,15.7200
1625732818192000,1,63.52000000,15.7300
1625732825209000,1,63.56207397,15.7300
1625732825209000,1,158.86792603,15.7300
1625732839989000,1,21.31000000,15.7200
1625732850655000,0,26.40000000,15.7200
1625732871149000,0,26.10000000,15.7300
1625732889214000,1,63.61000000,15.7100
1625732911344000,1,63.64000000,15.7000
1625732913375000,1,159.22349884,15.6900
1625732913375000,1,63.64650116,15.6900
1625732920200000,0,63.74608000,15.6900
1625732934444000,1,29.00000000,15.7000
1625732934502000,1,34.66684438,15.7000
1625732934502000,1,159.17889161,15.7000
1625732963994000,1,63.67000000,15.7000
1625733010820000,0,63.57425000,15.7400
1625733031125000,1,63.48000000,15.7500
1625733031302000,1,0.00422279,15.7500
1625733032984000,1,158.67776988,15.7400
1625733032984000,1,63.48422279,15.7400
1625733032984000,1,97.99800733,15.7400
1625733039997000,1,63.48341000,15.7500
1625733040126000,1,0.00000672,15.7500
1625733045764000,0,50.00000000,15.7500
1625733072563000,0,26.60000000,15.7700
1625733072563000,0,63.45075000,15.7700
1625733087430000,1,11.01000000,15.7700
1625733092252000,0,26.60000000,15.7800
1625733095925000,1,63.34916179,15.7800
1625733108050000,1,63.36354105,15.7800
1625733108050000,1,158.37820716,15.7800
1625733162712000,0,26.40000000,15.7900
1625733222116000,0,26.00000000,15.8200
1625733244610000,1,63.21213379,15.8100
1625733244610000,1,158.02180621,15.8100
1625733244671000,1,0.00001344,15.8100
1625733253236000,0,26.60000000,15.8200
1625733253236000,0,5.19800000,15.8200
1625733253243000,0,4.80200000,15.8200
1625733276701000,1,63.19848000,15.8200
1625733296067000,1,63.20726929,15.8100
1625733317861000,1,158.01183193,15.8100
1625733317861000,1,63.20965807,15.8100
1625733326298000,1,63.24331728,15.8100
1625733326298000,1,158.05577272,15.8100
1625733326413000,1,0.00001465,15.8100
1625733337474000,1,63.26652000,15.8000
1625733342062000,1,97.99800000,15.7900
1625733349843000,1,63.31292000,15.7800
1625733351007000,1,63.31292000,15.7700
1625733365265000,1,63.39721000,15.7700
1625733365612000,1,0.00000328,15.7700
1625733392444000,1,63.45000000,15.7400
1625733393902000,1,158.78754900,15.7300
1625733393902000,1,63.45681100,15.7300
1625733393938000,1,0.00001699,15.7300
1625733394143000,1,63.45682799,15.7200
1625733394186000,0,158.78754900,15.7200
1625733412059000,1,63.60594000,15.7200
1625733412098000,1,0.00000843,15.7200
1625733415207000,1,63.62633456,15.7000
1625733415207000,1,159.12823189,15.7000
1625733438158000,0,26.20000000,15.7100
1625733452523000,0,26.60000000,15.7200
1625733456996000,1,63.60000000,15.7100
1625733457070000,1,0.00286248,15.7100
1625733462084000,1,63.63000000,15.7100
1625733467232000,1,2.74157896,15.7000
1625733469922000,0,63.66646000,15.7100
1625733476895000,0,26.70000000,15.7200
1625733526445000,1,63.52293000,15.7400
1625733567453000,1,159.04117258,15.7000
1625733567453000,1,63.57882742,15.7000
1625733567517000,1,0.00388936,15.7000
1625733632040000,0,63.62279000,15.7200
1625733633386000,0,26.80000000,15.7300
1625733658678000,0,26.20000000,15.7400
1625733667393000,0,26.30000000,15.7500
1625733667393000,0,134.63342367,15.7600
1625733667393000,0,44.33707125,15.7600
1625733684508000,1,2.44820580,15.7400
1625733706694000,0,26.70000000,15.7500
1625733715927000,1,63.48253000,15.7500
1625733774165000,1,63.40108000,15.7700
1625733810217000,0,63.43070000,15.7700
1625733837880000,0,3.19144486,15.7600
1625733871741000,0,3.19140000,15.7800
1625733907044000,1,63.32414634,15.7800
1625733954331000,0,26.30000000,15.7700
1625733970449000,0,63.50151000,15.7500
1625734128542000,0,63.62286000,15.7200
1625734195950000,0,63.63486000,15.7200
1625734200265000,0,11.49375295,15.7300
1625734259337000,0,11.49370000,15.7800
1625734261742000,0,63.39049000,15.7800
1625734261766000,0,0.00000389,15.7800
1625734262641000,0,448.00000000,15.7900
1625734419777000,0,1.87143762,15.8400
1625734505736000,1,12.56299999,15.8400
1625734505737000,1,0.00000001,15.8400
1625734532754000,0,63.21737000,15.8200
1625734533370000,0,0.00000904,15.8200
1625734533370000,0,158.02781290,15.8300
1625734533370000,0,410.88446806,15.8300
1625734598794000,0,25.90000000,15.8400
1625734625566000,0,63.13835000,15.8400
1625734661248000,0,26.40000000,15.8400
1625734661248000,0,148.60000000,15.8400
1625734711206000,0,63.17584436,15.8400
1625734711206000,0,133.65495283,15.8400
1625734711206000,0,82.71844523,15.8400
1625734732298000,0,63.06765000,15.8600
1625734733895000,0,26.60000000,15.8700
1625734733895000,0,63.02692000,15.8700
1625734826562000,1,62.96370000,15.8800
1625734866092000,0,26.00000000,15.9100
1625734887031000,1,62.79368000,15.9200
1625734906859000,1,62.79842024,15.9200
1625734906859000,1,98.00000000,15.9200
1625734906859000,1,9.20772976,15.9200
1625734907008000,0,25.80000000,15.9300
1625734915089000,1,62.75809000,15.9300
1625734925756000,1,10.52351275,15.9200
1625734930552000,1,52.25519502,15.9200
1625734930552000,1,45.74480498,15.9200
1625734930573000,1,111.23712326,15.9200
1625734946061000,0,12.32699382,15.9200
1625734990998000,1,29.00000000,15.9300
1625734991014000,1,33.75119462,15.9300
1625734998629000,1,62.75270000,15.9300
1625735006710000,1,62.76000000,15.9300
1625735006738000,1,0.00767419,15.9300
1625735040063000,0,5.00062774,15.9300
1625735047719000,0,21.19937226,15.9300
1625735067853000,0,26.10000000,15.9400
1625735084821000,1,62.68661000,15.9500
1625735095810000,1,1.30621580,15.9400
1625735114769000,1,0.02665747,15.9400
1625735245448000,0,26.10000000,15.8600
1625735245448000,0,326.00000000,15.8600
1625735246176000,0,157.58978696,15.8700
1625735246176000,0,63.05394304,15.8700
1625735251799000,1,63.00496000,15.8700
1625735280248000,0,26.50000000,15.8700
1625735280248000,0,7.78206617,15.8800
1625735284201000,0,63.00383000,15.8800
1625735348630000,0,7.78190000,15.8700
1625735411269000,1,63.12000000,15.8300
1625735411299000,1,0.00826220,15.8300
1625735421662000,0,16.08734876,15.8400
1625735421817000,0,5.72064696,15.8400
1625735421834000,0,496.19200428,15.8400
1625735436732000,1,63.08923000,15.8200
1625735436799000,1,0.00000070,15.8200
1625735468069000,0,26.60000000,15.8100
1625735474145000,0,165.00000000,15.8200
1625735474212000,0,225.00000000,15.8200
1625735474248000,0,6.25000000,15.8200
1625735474290000,0,89.75000000,15.8200
1625735567843000,0,15.72376738,15.8200
1625735569185000,1,63.24000000,15.7900
1625735592012000,1,21.67000000,15.7800
1625735592085000,1,41.57484000,15.7800
1625735602445000,1,7.47000000,15.7600
1625735611818000,0,15.72370000,15.7700
1625735611917000,0,10.37630000,15.7700
1625735640348000,0,15.66104809,15.7900
1625735676221000,0,26.20000000,15.7600
1625735683318000,1,63.40000000,15.7700
1625735683374000,1,0.00605697,15.7700
1625735696966000,0,3.00000000,15.7700
1625735706784000,0,1.57740151,15.7600
1625735716506000,1,63.48000000,15.7500
1625735730921000,0,17.23840000,15.7600
1625735731305000,0,9.46160000,15.7600
1625735734933000,1,63.40846000,15.7600
1625735758428000,0,26.40000000,15.7700
1625735760300000,0,2.00700237,15.7900
1625735763846000,0,235.00000000,15.7900
1625735764004000,0,147.00000000,15.7900
1625735778795000,0,26.20000000,15.8100
1625735795883000,1,63.22325000,15.8100
1625735795903000,1,0.00000434,15.8100
1625735816352000,0,26.50000000,15.8000
1625735827051000,0,26.30000000,15.8100
1625735839365000,0,63.24696583,15.8200
1625735839365000,0,26.50000000,15.8200
1625735878901000,0,26.60000000,15.8200
1625735884094000,1,63.20654000,15.8100
1625735884408000,0,27.54535404,15.8200
1625735890366000,1,63.19848000,15.8200
1625735967914000,0,26.40000000,15.8100
1625736024577000,0,63.33903026,15.7900
1625736024577000,0,26.30000000,15.7900
1625736049254000,0,26.30000000,15.8000
1625736110614000,0,26.50000000,15.7700
1625736110614000,0,3.83274195,15.7700
1625736118466000,1,63.44709000,15.7500
1625736118521000,1,0.00000180,15.7500
1625736120243000,0,23.64139263,15.7600
1625736163466000,0,26.80000000,15.7300
1625736164826000,1,63.56324000,15.7300
1625736195382000,0,26.10000000,15.7400
1625736217737000,0,26.80000000,15.7500
1625736236697000,0,63.45726731,15.7600
1625736240249000,0,45.40549290,15.7700
1625736246542000,0,26.00000000,15.7700
1625736268276000,0,3.83270000,15.7900
1625736268400000,0,22.36730000,15.7900
1625736276139000,0,63.34384466,15.7900
1625736277641000,0,26.60000000,15.8000
1625736292356000,1,63.27766000,15.8000
1625736292403000,1,0.00000402,15.8000
1625736307717000,0,26.20000000,15.7900
1625736310644000,1,63.31780000,15.7900
1625736351282000,0,26.60000000,15.7900
1625736386571000,1,63.38464000,15.7700
1625736386657000,1,0.00000297,15.7700
1625736402087000,0,26.20000000,15.7700
1625736402087000,0,63.41782986,15.7700
1625736418538000,0,26.50000000,15.7800
1625736451510000,0,26.40000000,15.7800
1625736515726000,0,26.70000000,15.7900
1625736581230000,0,26.50000000,15.7900
1625736595365000,0,98.00000000,15.7900
1625736595365000,0,2.00000000,15.7900
1625736614696000,0,26.60000000,15.7800
1625736631798000,0,98.00000000,15.8000
1625736631870000,0,26.60000000,15.8000
1625736646980000,0,63.19334049,15.8300
1625736669104000,1,63.15863388,15.8300
1625736709096000,1,3.62832126,15.8400
1625736724956000,0,26.00000000,15.8500
1625736730689000,0,145.00000000,15.8600
1625736730763000,0,138.33654000,15.8600
1625736730780000,0,252.66346000,15.8600
1625736730780000,0,63.06104181,15.8600
1625736786743000,1,315.00000000,15.8500
1625736786757000,1,335.99000000,15.8500
1625736786842000,1,6.25000000,15.8500
1625736786879000,1,125.00000000,15.8500
1625736786955000,1,241.81678233,15.8500
1625736789577000,0,63.09691000,15.8500
1625736853812000,0,11.24299262,15.8700
1625736854580000,0,15.05700000,15.8700
1625736907242000,0,6.31371932,15.8900
1625736956460000,0,26.40000000,15.9100
1625737014102000,0,26.20000000,15.8800
1625737090864000,0,6.25000000,15.8700
1625737090866000,0,26.40715324,15.8700
1625737090883000,0,30.36659832,15.8700
1625737091105000,0,409.67940775,15.8800
1625737091105000,0,157.56964578,15.8800
1625737091574000,0,157.56964578,15.8900
1625737091574000,0,409.64326600,15.8900
1625737093419000,1,70.00000000,15.8900
1625737094150000,0,160.00000000,15.8900
1625737096652000,0,25.80000000,15.8900
1625737360470000,1,62.99470000,15.8700
1625737360536000,1,0.00000743,15.8700
1625737405607000,1,157.44064488,15.8700
1625737405607000,1,62.96132351,15.8700
1625737405607000,1,97.99803161,15.8700
1625737421901000,0,38.61975807,15.8600
1625737421901000,0,2.59041215,15.8700
1625737421901000,0,133.46755909,15.8700
1625737421901000,0,174.26216971,15.8700
1625737436319000,1,63.08680000,15.8300
1625737436348000,1,0.00004259,15.8300
1625737489518000,0,21.44197000,15.8400
1625737529583000,1,28.33040000,15.8100
1625737529612000,1,34.91120000,15.8100
1625737529670000,1,0.00004714,15.8100
1625737535407000,1,63.24000000,15.8000
1625737560596000,1,63.28173000,15.7900
1625737560625000,1,0.00000922,15.7900
1625737603262000,1,63.27773000,15.8000
1625737629176000,0,26.70000000,15.8300
1625737629654000,0,36.35515221,15.8400
1625737686659000,0,26.50000000,15.8600
1625737686659000,0,133.42511000,15.8600
1625737706694000,1,63.04515000,15.8500
1625737706921000,1,0.00000513,15.8500
1625737809245000,1,63.05819000,15.8500
1625737809248000,1,0.00000930,15.8500
1625737878766000,0,35.65950726,15.8300
1625737987207000,1,63.26273000,15.8000
1625737987261000,1,0.00000400,15.8000
1625738010212000,0,437.94527000,15.8000
1625738010283000,0,26.05473000,15.8000
1625738127176000,1,63.41336000,15.7600
1625738157223000,1,63.43267573,15.7600
1625738182229000,0,155.79130000,15.7700
1625738182296000,0,130.00000000,15.7700
1625738182362000,0,106.20870000,15.7700
1625738208911000,1,63.40291000,15.7700
1625738226935000,1,63.40605000,15.7700
1625738244871000,1,63.39721000,15.7700
1625738332079000,1,63.30650708,15.7900
1625738332079000,1,92.69602292,15.7900
1625738404307000,1,63.37478000,15.7700
1625738555637000,0,148.37478000,15.7700
1625738555701000,0,165.00000000,15.7700
1625738556331000,0,6.25000000,15.7700
1625738673122000,0,26.50000000,15.8400
1625738732271000,1,63.16262328,15.8300
1625738732271000,1,63.33737672,15.8300
1625738739400000,1,63.16401000,15.8300
1625738749659000,1,63.16182000,15.8300
1625738784779000,1,63.18410000,15.8200
1625738851681000,1,63.11949000,15.8400
1625738897349000,1,63.12188000,15.8300
1625738906970000,1,6.25000000,15.8100
1625738923614000,1,158.06578066,15.8000
1625738923614000,1,63.24243934,15.8000
1625738936630000,1,158.28194446,15.7800
1625738936630000,1,63.31276554,15.7800
1625738955707000,1,63.41329000,15.7600
1625739050902000,1,17.00000000,15.7700
1625739099427000,1,63.28173922,15.8000
1625739099427000,1,158.17377078,15.8000
1625739120285000,1,63.30490400,15.7900
1625739120285000,1,2.56732441,15.7800
1625739120285000,1,155.60245695,15.7800
1625739140389000,0,155.00000000,15.8300
1625739140452000,0,243.00000000,15.8300
1625739154133000,1,6.25000000,15.8200
1625739154177000,1,151.63210627,15.8200
1625739154177000,1,63.15218288,15.8200
1625739198773000,1,63.16016000,15.8300
1625739252832000,1,63.15298054,15.8300
1625739252832000,1,157.87212946,15.8300
1625739272562000,1,63.15776000,15.8300
1625739357590000,1,63.17213063,15.8200
1625739360155000,1,158.01782441,15.8100
1625739360155000,1,21.98217559,15.8100
1625739360211000,1,41.23464000,15.8100
1625739360251000,1,0.00001332,15.8100
1625739509601000,1,63.20247000,15.8200
1625739558204000,0,190.47530000,15.8400
1625739558279000,0,143.52470000,15.8400
1625739607193000,1,63.09248000,15.8400
1625739637280000,1,63.16654399,15.8200
1625739698130000,1,63.12115000,15.8300
1625739721835000,0,12.55520504,15.8500
1625739749142000,1,63.15537000,15.8300
1625739776408000,1,63.12434000,15.8400
1625739776710000,1,0.00000581,15.8400
1625739810186000,1,63.07808000,15.8500
1625739882707000,1,63.02084000,15.8600
1625739916453000,0,3.00000000,15.8600
1625739963458000,1,62.88290000,15.8900
1625739963514000,1,0.00009502,15.8900
1625740034702000,1,62.99940000,15.8700
1625740513755000,1,2.04056517,15.8900
1625740560993000,0,26.30000000,15.9100
1625740561743000,0,3.30464824,15.9200
1625740595842000,0,15.93739891,15.9000
1625740663541000,0,3.13333333,15.9000
1625740666118000,0,1.50000000,15.9000
1625740684005000,0,133.18703000,15.8900
1625740706198000,0,25.00000000,15.9000
1625740706198000,0,470.00000000,15.9000
1625740779795000,1,62.72442000,15.9300
1625740793715000,0,3.00000000,15.9400
1625740797587000,1,48.95070000,15.9500
1625740797590000,1,13.73748956,15.9500
1625740800287000,1,62.68432000,15.9500
1625740803581000,1,62.68432000,15.9400
1625740817889000,1,62.72279000,15.9400
1625741019233000,0,25.80000000,15.9100
1625741419238000,0,26.00000000,15.8400
1625741419238000,0,74.00000000,15.8500
1625741425171000,0,392.45933000,15.8500
1625741567368000,1,63.26171000,15.7900
1625741585793000,0,26.70000000,15.8000
1625741589213000,0,47.30000000,15.8100
1625741600385000,1,63.26000000,15.8000
1625741600516000,1,0.00245189,15.8000
1625741691225000,1,63.30000000,15.7900
1625741691265000,1,0.00964231,15.7900
1625741718654000,1,63.37310000,15.7700
1625741720207000,0,2.85761500,15.7700
1625741720971000,0,1.56484900,15.7700
1625741727937000,0,63.46048000,15.7600
1625741727980000,0,0.00000886,15.7600
1625741729418000,1,63.44387000,15.7600
1625741729497000,1,0.00000147,15.7600
1625741736543000,1,9.25484840,15.7600
1625741741417000,1,54.18000000,15.7600
1625741771501000,1,63.40371728,15.7600
1625741813311000,1,63.48000000,15.7400
1625741822183000,0,26.60000000,15.7400
1625741897348000,0,26.70000000,15.7700
1625741904125000,1,63.39000000,15.7700
1625741904168000,1,0.00407034,15.7700
1625741915270000,0,26.40000000,15.7700
1625741941573000,1,63.38000000,15.7700
1625741941644000,1,0.00026586,15.7700
1625741988625000,1,63.44548000,15.7500
1625741991909000,1,63.49000000,15.7400
1625742000293000,0,12.93655224,15.7500
1625742004035000,0,38.09523810,15.7500
1625742005165000,1,98.00000000,15.7300
1625742005165000,1,63.52000000,15.7300
1625742006909000,1,5.58000000,15.7100
1625742006978000,1,502.42000000,15.7100
1625742011514000,1,120.00000000,15.6800
1625742011514000,1,63.73428174,15.6800
1625742011514000,1,159.34121966,15.6800
1625742012013000,0,1.38000000,15.7000
1625742012848000,0,6.25000000,15.6900
1625742018396000,1,63.67340695,15.6900
1625742024589000,1,63.67340695,15.6400
1625742027293000,1,63.67340000,15.6300
1625742032608000,0,26.90000000,15.6600
1625742034330000,0,98.00000000,15.6900
1625742036726000,0,98.00000000,15.7000
1625742041657000,1,63.70991000,15.6800
1625742043204000,1,63.78387000,15.6700
1625742045865000,0,98.00000000,15.6900
1625742048818000,1,6.25000000,15.6900
1625742049050000,1,128.75000000,15.6900
1625742051301000,1,63.73000000,15.6800
1625742051804000,1,0.00242578,15.6800
1625742053529000,0,98.00000000,15.6900
1625742056626000,0,63.74283391,15.6900
1625742056626000,0,26.50000000,15.6900
1625742056626000,0,7.75716609,15.7000
1625742059694000,0,136.93861000,15.6800
1625742061956000,0,0.00000785,15.6800
1625742067812000,1,63.71641000,15.6900
1625742076473000,1,63.71641307,15.6600
1625742078481000,1,63.89017000,15.6500
1625742078572000,1,0.00000242,15.6500
1625742099492000,0,11.68662000,15.6600
1625742100611000,1,6.25000000,15.6600
1625742100611000,1,63.80496443,15.6600
1625742101571000,0,63.81799483,15.6600
1625742101778000,0,65.00000000,15.6600
1625742102601000,0,8.35761627,15.6600
1625742105176000,0,26.40000000,15.6800
1625742105176000,0,71.60000000,15.6900
1625742107456000,1,63.79000000,15.6700
1625742107495000,1,0.00193935,15.6700
1625742110900000,0,98.00000000,15.6900
1625742111203000,0,61.44284293,15.6900
1625742111203000,0,36.55715707,15.6900
1625742137831000,1,63.83739000,15.6500
1625742143606000,0,160.00000000,15.6500
1625742144480000,0,66.68034660,15.6500
1625742144733000,0,31.10272605,15.6500
1625742145318000,1,45.64620595,15.6400
1625742160765000,1,159.68020836,15.6500
1625742160765000,1,63.84717540,15.6500
1625742175935000,1,63.87751361,15.6500
1625742175935000,1,123.75771639,15.6500
1625742176004000,1,35.94178000,15.6500
1625742176141000,1,0.00001301,15.6500
1625742180449000,0,390.94178000,15.6500
1625742180527000,0,35.05822000,15.6500
1625742182674000,1,63.88241050,15.6500
1625742201810000,1,63.91000000,15.6400
1625742201854000,1,0.00344160,15.6400
1625742240320000,0,4.74034104,15.6300
1625742245128000,1,6.25000000,15.6100
1625742249647000,1,64.04853000,15.6100
1625742249961000,1,0.00000226,15.6100
1625742249961000,1,160.10860774,15.6100
1625742253689000,1,64.04853226,15.6000
1625742265559000,1,2.49999999,15.5600
1625742265559000,1,0.00000001,15.5600
1625742265559000,1,64.21673297,15.5600
1625742267728000,1,64.21673297,15.5400
1625742280086000,0,380.00000000,15.5400
1625742280165000,0,152.00000000,15.5400
1625742281642000,1,64.33450000,15.5400
1625742288755000,1,64.31298796,15.5400
1625742288755000,1,160.79030204,15.5400
1625742298768000,1,64.28652681,15.5500
1625742298768000,1,160.72001319,15.5500
1625742302422000,0,26.60000000,15.5600
1625742303416000,0,6.25000000,15.5700
1625742303466000,0,230.00000000,15.5700
1625742303556000,0,271.75000000,15.5700
1625742304173000,0,150.00000000,15.5800
1625742304498000,0,152.00000000,15.5800
1625742346335000,0,350.00000000,15.6200
1625742352157000,1,64.01491000,15.6200
1625742363208000,1,64.00016000,15.6100
1625742387936000,1,63.88894000,15.6500
1625742393790000,0,72.86909323,15.6600
1625742397551000,1,63.88975000,15.6400
1625742406161000,1,63.95685000,15.6300
1625742417626000,1,63.97068000,15.6200
1625742426769000,1,64.01229036,15.6100
1625742435004000,1,64.00589665,15.6200
1625742435004000,1,35.88035106,15.6100
1625742466543000,0,446.00000000,15.6400
1625742467172000,1,63.91180763,15.6400
1625742467172000,1,159.78320615,15.6400
1625742474857000,0,26.20000000,15.6500
1625742486080000,1,20.00000000,15.6600
1625742493050000,1,2.00000000,15.6400
1625742521418000,1,63.88077000,15.6500
1625742528116000,1,6.25000000,15.6300
1625742528218000,1,57.68804105,15.6300
1625742544131000,0,26.70000000,15.6400
1625742557875000,1,63.88820000,15.6400
1625742564482000,0,19.07395928,15.6500
1625742576258000,1,64.02146846,15.6000
1625742592684000,0,1.27802690,15.6100
1625742602308000,0,141.53351000,15.6100
1625742602388000,0,115.00000000,15.6100
1625742602461000,0,99.93298000,15.6100
1625742602531000,0,141.53351000,15.6100
1625742631966000,0,6.25000000,15.6300
1625742632902000,1,63.96577000,15.6300
1625742633052000,1,0.00000269,15.6300
1625742662381000,1,77.69000000,15.6200
1625742662394000,1,6.25000000,15.6200
1625742662397000,1,75.99858358,15.6200
1625742662397000,1,36.50213642,15.6200
1625742662462000,1,27.47108262,15.6200
1625742670496000,0,147.47108000,15.6200
1625742670571000,0,162.52892000,15.6200
1625742675951000,1,63.97395000,15.6300
1625742684543000,1,63.97313000,15.6300
1625742712074000,0,6.25000000,15.6200
1625742712142000,0,205.41816000,15.6200
1625742712385000,0,3.15722965,15.6200
1625742712767000,0,135.00000000,15.6200
1625742720205000,1,64.05099000,15.6100
1625742743654000,1,64.00941000,15.6100
1625742748995000,1,64.05017000,15.6100
1625742761917000,1,64.05411291,15.6100
1625742780336000,1,64.02228000,15.6100
1625742788860000,1,64.02884000,15.6100
1625742793480000,1,64.03622000,15.6100
1625742819959000,1,64.13644000,15.5900
1625742824028000,1,160.10656693,15.5800
1625742824028000,1,39.89343307,15.5800
1625742824169000,1,6.25000000,15.5800
1625742824278000,1,17.99300910,15.5800
1625742824278000,1,157.00699090,15.5800
1625742826573000,0,4.92000000,15.5800
1625742834249000,1,64.19738000,15.5600
1625742836660000,0,6.25000000,15.5500
1625742846073000,1,64.20480035,15.5700
1625742846073000,1,50.79519965,15.5700
1625742849761000,0,120.25584000,15.5900
1625742849855000,0,115.00000000,15.5900
1625742849932000,0,170.00000000,15.5900
1625742850015000,0,6.25000000,15.5900
1625742850081000,0,40.49416000,15.5900
1625742870336000,1,64.08884000,15.6000
1625742870375000,1,0.00000218,15.6000
1625742883279000,1,64.06174400,15.6000
1625742883279000,1,50.93825600,15.6000
1625742888673000,1,160.17016000,15.6000
1625742893247000,1,64.06987000,15.6000
1625742897945000,1,64.08884000,15.6000
1625742898259000,1,0.00000218,15.6000
1625742899528000,0,116.92355000,15.6000
1625742899593000,0,120.00000000,15.6000
1625742899657000,0,105.00000000,15.6000
1625742905182000,1,64.08547000,15.6000
1625742936130000,0,6.25000000,15.6200
1625742936211000,0,270.00000000,15.6200
1625742936287000,0,209.75000000,15.6200
1625742943989000,1,63.95022000,15.6300
1625742959952000,0,6.25000000,15.6600
1625742959961000,0,21.28760006,15.6600
1625742959987000,0,378.28569000,15.6600
1625742965698000,1,63.81644395,15.6500
1625742965698000,1,36.18355605,15.6500
1625742965761000,1,123.36307000,15.6500
1625742993135000,1,63.74240000,15.6800
1625742997150000,1,63.75843000,15.6800
1625743000518000,1,159.37169304,15.6700
1625743000518000,1,63.75842696,15.6700
1625743022762000,1,63.69279000,15.6900
1625743023084000,1,0.00000774,15.6900
1625743066488000,1,63.77566000,15.6700
1625743073723000,1,63.79519000,15.6700
1625743105164000,0,1.58645548,15.7000
1625743139674000,1,63.76509000,15.6800
1625743139799000,1,0.00000192,15.6800
1625743144341000,1,63.78713000,15.6700
1625743152668000,1,63.81229000,15.6600
1625743152732000,1,0.00000337,15.6600
1625743153737000,1,63.87024000,15.6500
1625743153816000,1,0.00000864,15.6500
1625743167134000,1,63.87424000,15.6500
1625743181751000,1,63.91122000,15.6400
1625743181753000,1,0.00000929,15.6400
1625743194570000,1,6.25000000,15.6000
1625743204368000,0,26.40000000,15.6100
1625743220849000,1,63.96315000,15.6300
1625743357193000,0,10.00000000,15.6300
1625743395951000,1,280.57153958,15.6400
1625743397878000,1,63.87327000,15.6500
1625743441485000,0,3.81000000,15.6700
1625743468006000,1,63.73826000,15.6800
1625743486969000,1,63.71633000,15.6900
1625743527557000,0,26.10000000,15.7000
1625743556815000,0,26.60000000,15.7300
1625743628642000,1,63.59962000,15.7200
1625743752141000,1,3.86262759,15.7100
1625743752142000,1,52.47146966,15.7100
1625743752224000,1,7.30195496,15.7100
1625743752242000,1,0.00000001,15.7100
1625743783895000,1,63.64496000,15.7100
1625743813017000,1,63.64901000,15.7000
1625744020974000,1,63.42455000,15.7600
1625744081649000,0,460.00000000,15.7800
1625744081717000,0,32.00000000,15.7800
1625744089245000,0,245.00000000,15.8000
1625744089321000,0,520.00000000,15.8000
1625744089386000,0,97.68702000,15.8000
1625744089460000,0,375.00000000,15.8000
1625744089649000,0,825.78000000,15.8000
1625744089692000,0,96.10000000,15.8000
1625744089743000,0,813.45298000,15.8000
1625744122171000,1,63.28232000,15.8000
1625744145372000,1,2.14540816,15.8000
1625744146629000,1,61.13065000,15.8000
1625744146944000,1,0.00000424,15.8000
1625744171728000,1,63.36587000,15.7800
1625744182679000,1,63.40846000,15.7600
1625744182692000,1,0.00000932,15.7600
1625744211991000,1,63.39399000,15.7700
1625744237708000,1,63.39326000,15.7700
1625744283399000,1,63.15523000,15.8300
1625744307237000,1,63.03514445,15.8600
1625744315806000,1,63.03514000,15.8500
1625744331949000,1,63.15703000,15.8300
1625744377588000,1,63.11391000,15.8400
1625744412301000,1,63.10037000,15.8400
1625744412730000,1,0.00000763,15.8400
1625744437225000,1,63.04627000,15.8600
1625744437491000,1,0.00000227,15.8600
1625744489824000,1,63.00416000,15.8700
1625744520575000,1,63.00582111,15.8700
1625744520575000,1,157.46637889,15.8700
1625744531568000,1,62.97010000,15.8700
1625744531611000,1,0.00001252,15.8700
1625744537692000,1,63.01050000,15.8600
1625744550876000,0,35.27835538,15.8700
1625744585849000,1,63.00660000,15.8700
1625744631153000,1,62.93990000,15.8800
1625744645023000,1,62.97630000,15.8700
1625744645205000,1,0.00009115,15.8700
1625744656529000,1,62.99384690,15.8700
1625744670025000,1,63.00180000,15.8700
1625744737016000,1,62.85130000,15.9000
1625744738974000,1,0.00001076,15.9000
1625744738974000,1,185.49288924,15.8900
1625744739036000,1,223.18515553,15.8900
1625744739036000,1,81.81484447,15.8900
1625744739531000,1,62.92524000,15.8900
1625744749047000,1,62.91774000,15.8900
1625744807219000,0,63.10959000,15.8500
1625744876646000,1,63.06694866,15.8500
1625744876646000,1,157.67895134,15.8500
1625744933418000,1,63.11710000,15.8400
1625744948579000,1,63.08213000,15.8500
1625744948845000,1,0.00000495,15.8500
1625744958126000,0,133.39302116,15.8600
1625744958126000,0,356.90123884,15.8600
1625744958191000,0,63.09134631,15.8600
1625744958191000,0,157.68891132,15.8600
1625745049576000,1,63.00972000,15.8600
1625745083137000,0,63.01891000,15.8700
1625745348761000,1,62.96687000,15.8800
1625745519482000,0,6.16000000,15.9000
1625745539454000,0,192.06000000,15.9200
1625745564399000,0,0.00145967,15.9200
1625745572844000,1,62.72678000,15.9300
1625745584435000,1,62.80788000,15.9200
1625745684061000,1,62.97407000,15.8700
1625745702008000,1,62.98829000,15.8700
1625745702557000,1,0.00000175,15.8700
1625745742555000,1,62.97740000,15.8400
1625745860917000,0,528.00000000,15.8100
1625746173023000,1,63.32662386,15.7800
1625746190376000,1,63.44226000,15.7500
1625746254941000,1,63.49301000,15.7400
1625746293441000,1,63.47447000,15.7500
1625746368851000,1,63.44292000,15.7600
1625746421790000,1,63.38274000,15.7600
1625746428491000,1,63.46414000,15.7500
1625746435941000,1,63.50511000,15.7400
1625746439384000,0,1.58386277,15.7400
1625746531598000,0,120.00000000,15.7600
1625746548520000,1,63.34427000,15.7800
1625746571863000,1,63.24324702,15.8100
1625746571863000,1,121.75675298,15.8100
1625746637567000,1,26.70000000,15.8000
1625746637567000,1,158.08177254,15.8000
1625746637567000,1,63.24250746,15.8000
1625746705725000,1,190.11406000,15.7800
1625746706795000,1,0.00000844,15.7800
1625746729813000,0,26.70000000,15.8000
1625746751625000,1,63.31372000,15.7900
1625746817539000,1,63.10536119,15.8400
1625746817539000,1,157.77249881,15.8400
1625746883097000,1,1.30000000,15.8300
1625747089023000,0,63.30054000,15.8000
1625747094823000,0,26.60000000,15.8100
1625747127215000,1,158.40095180,15.7700
1625747127215000,1,36.59904820,15.7700
1625747127300000,1,26.77000000,15.7700
1625747127374000,1,0.00000575,15.7700
1625747229317000,0,26.40000000,15.7900
1625747343046000,0,25.90000000,15.8100
1625747401546000,1,63.20327429,15.8200
1625747401890000,1,410.87052482,15.8100
1625747408043000,0,26.30000000,15.8200
1625747419781000,0,157.96989726,15.8400
1625747419781000,0,63.17556705,15.8400
1625747419781000,0,26.50000000,15.8400
1625747419781000,0,70.00000000,15.8400
1625747432920000,0,26.30000000,15.8700
1625747434800000,1,62.99860000,15.8700
1625747462133000,1,62.96528000,15.8700
1625747482884000,0,26.00000000,15.9100
1625747486247000,1,157.03912000,15.9100
1625747496754000,0,25.80000000,15.9200
1625747510287000,0,26.00000000,15.9700
1625747515741000,1,2.09000000,15.9800
1625747516005000,1,2.09000000,15.9700
1625747523609000,1,62.54943000,15.9800
1625747564822000,0,25.70000000,16.0000
1625747565034000,0,62.49591373,16.0100
1625747565034000,0,156.23437656,16.0100
1625747565871000,0,62.43510000,16.0200
1625747565925000,0,0.00000492,16.0200
1625747570021000,1,62.45952000,16.0000
1625747598365000,1,62.51561000,15.9900
1625747611351000,1,327.63392000,15.9700
1625747611919000,1,202.36608000,15.9700
1625747617665000,1,62.60882000,15.9600
1625747617831000,1,0.00000489,15.9600
1625747628856000,0,23.11000000,15.9700
1625747628925000,0,27.45000000,15.9700
1625747670295000,0,48.26704190,15.9900
1625747674665000,1,62.57054958,15.9800
1625747674665000,1,156.39856042,15.9800
1625747710764000,1,62.64970000,15.9500
1625747718847000,1,62.69906000,15.9400
1625747733967000,1,62.67875000,15.9500
1625747734094000,1,0.00000922,15.9500
1625747812021000,0,62.82492000,15.9200
1625747822513000,0,1.56120527,15.9300
1625747824263000,0,2.62908900,15.9300
1625747853562000,0,3.97000000,15.9300
1625747875703000,0,17.13193316,15.9100
1625747875770000,0,26.52631050,15.9100
1625747875873000,0,19.20143408,15.9100
1625747876590000,0,1.93550000,15.9300
1625747877168000,0,4.66000000,15.9300
1625747877280000,0,4.60000000,15.9300
1625747885939000,0,14.91776522,15.9300
1625747906919000,0,26.10000000,15.9300
1625747906919000,0,132.68016000,15.9300
1625747936349000,0,26.30000000,15.9300
1625747951466000,1,62.80000000,15.9200
1625747951482000,1,0.00630870,15.9200
1625747960690000,0,26.10000000,15.9300
1625747960690000,0,132.67624000,15.9300
1625747961012000,0,62.79357000,15.9300
1625748007300000,1,62.68976156,15.9400
1625748037624000,1,62.71807000,15.9400
1625748037663000,1,0.00000103,15.9400
1625748099785000,0,25.70000000,15.9400
1625748105068000,0,62.74221546,15.9400
1625748105077000,0,0.00000001,15.9400
1625748105347000,0,156.80272962,15.9500
1625748105347000,0,73.51054038,15.9500
1625748105420000,0,334.26210198,15.9500
1625748105491000,1,62.74221547,15.9500
1625748105811000,1,98.00000000,15.9600
1625748106219000,1,62.65368000,15.9500
1625748115545000,1,62.65368772,15.9400
1625748115545000,1,156.75631228,15.9400
1625748120239000,0,18.98973549,15.9400
1625748128851000,1,62.75302000,15.9300
1625748146239000,0,26.20000000,15.9300
1625748193748000,1,62.76000000,15.9300
1625748193803000,1,0.00688622,15.9300
1625748248956000,0,25.80000000,15.9300
1625748253422000,0,6.26000000,15.9500
1625748302485000,0,26.00000000,15.9400
1625748384190000,0,62.83597000,15.9200
1625748425767000,1,6.25000000,15.8900
1625748452095000,0,62.94672457,15.8900
1625748452095000,0,35.05327543,15.9000
1625748452294000,0,97.85578118,15.9000
1625748452294000,0,0.14421882,15.9000
1625748455795000,0,98.00000000,15.8900
1625748465782000,0,62.97929764,15.8800
1625748465782000,0,35.02070236,15.8900
1625748466256000,0,98.00000000,15.8900
1625748466456000,0,24.37434662,15.8900
1625748466456000,0,73.62565338,15.8900
1625748466735000,0,59.33551910,15.8900
1625748466735000,0,38.66448090,15.8900
1625748467064000,0,98.00000000,15.8800
1625748519214000,0,62.95788000,15.8900
1625748542415000,1,62.92000000,15.8900
1625748542913000,1,0.00408189,15.8900
1625748609008000,0,26.20000000,15.8700
1625748649049000,1,62.96000000,15.8700
1625748684619000,1,63.02000000,15.8600
1625748684707000,1,0.00229729,15.8600
1625748712131000,1,63.01000000,15.8600
1625748721407000,1,63.03000000,15.8500
1625748741252000,1,63.08445000,15.8500
1625748747444000,1,63.08000000,15.8300
1625748747487000,1,0.00445466,15.8300
1625748762554000,0,26.20000000,15.8300
1625748800651000,0,2.06948831,15.8300
1625748830957000,1,63.16581000,15.8200
1625748842335000,0,26.60000000,15.8200
1625748844518000,1,63.20334000,15.8200
1625748856549000,1,158.03380659,15.8100
1625748856549000,1,63.20247535,15.8100
1625748859529000,0,26.60000000,15.8200
1625748894365000,0,5.03000000,15.8300
