timestamp ms,type,amount,price
1623369679547000,1,2.50000000,18.9400
1623369686356000,0,52.88864025,18.9200
1623369686356000,0,2.39999999,18.9200
1623369686369000,0,0.00000001,18.9200
1623369689710000,1,52.86041340,18.9200
1623369691834000,0,51.78523512,18.9300
1623369691930000,0,1.05684153,18.9300
1623369693705000,1,2.50000000,18.9400
1623369735415000,0,52.01377839,18.8500
1623369738905000,0,5.04710719,18.8600
1623369743930000,1,2.50000000,18.8400
1623369744453000,1,50.54886008,18.8400
1623369747008000,1,2.50000000,18.8300
1623369747107000,1,130.12599469,18.8300
1623369747107000,1,53.07758110,18.8300
1623369752524000,0,1.34477416,18.8000
1623369768175000,0,53.39411120,18.7300
1623369768175000,0,10.30588880,18.7400
1623369768230000,0,63.70000000,18.7400
1623369768918000,1,2.50000000,18.7300
1623369768918000,1,2.50000000,18.7200
1623369768918000,1,53.28290914,18.7200
1623369768918000,1,41.71709086,18.7200
1623369768978000,1,1.78290914,18.7200
1623369768978000,1,10.21709086,18.7200
1623369771672000,1,2.50000000,18.7600
1623369771672000,1,7.71700000,18.7500
1623369807930000,0,2.50000000,18.8200
1623369837490000,1,2.50000000,18.7900
1623369902973000,1,2.49999999,18.7600
1623369902985000,1,0.00000001,18.7600
1623369920653000,1,2.50000000,18.7100
1623369935053000,0,1.35000000,18.7400
1623369958454000,1,2.49999999,18.8200
1623369960181000,1,0.00000001,18.8200
1623369969056000,0,53.12464740,18.8300
1623369975819000,0,53.11787000,18.8300
1623369977822000,0,53.09531328,18.8400
1623369986601000,0,53.05817000,18.8600
1623369989898000,1,53.01229000,18.8600
1623369993867000,1,53.01061369,18.8600
1623369993867000,1,76.98938631,18.8600
1623369994288000,1,55.54098000,18.8600
1623369999491000,1,125.00000000,18.8400
1623369999572000,1,155.00000000,18.8400
1623369999640000,1,64.61453899,18.8400
1623369999640000,1,40.38546101,18.8400
1623369999715000,1,92.14491495,18.8400
1623369999715000,1,47.85508505,18.8400
1623369999793000,1,5.20440000,18.8400
1623370003493000,0,53.06488000,18.8500
1623370007451000,0,2.50000000,18.8400
1623370007451000,0,53.09728000,18.8400
1623370012206000,1,53.07194000,18.8300
1623370017545000,0,53.11392000,18.8300
1623370019783000,0,93.05163000,18.8400
1623370019856000,0,7.88630584,18.8400
1623370019868000,0,2.50000000,18.8400
1623370019879000,0,29.30777647,18.8400
1623370019879000,0,53.09136693,18.8400
1623370020222000,0,53.05080993,18.8500
1623370027308000,0,52.99800334,18.8700
1623370028669000,0,52.98069353,18.8800
1623370044159000,1,52.94605000,18.8900
1623370057968000,1,108.70655120,18.8800
1623370058065000,0,64.03616000,18.8800
1623370061613000,0,52.95195000,18.8900
1623370063626000,0,52.92003540,18.9000
1623370065129000,0,132.27029545,18.9100
1623370065129000,0,52.89591378,18.9100
1623370067791000,1,52.87886000,18.9100
1623370079542000,0,52.87801000,18.9100
1623370088824000,0,51.74366342,18.9500
1623370088830000,0,1.05599313,18.9500
1623370089940000,0,52.74191000,18.9600
1623370093019000,1,52.74053082,18.9600
1623370093861000,0,52.25946918,18.9600
1623370093861000,0,12.74053000,18.9600
1623370093861000,0,52.74915274,18.9600
1623370093861000,0,131.86905930,18.9600
1623370100978000,1,52.69495128,18.9700
1623370100978000,1,62.30504872,18.9700
1623370101058000,1,69.43614000,18.9700
1623370111746000,1,52.71439000,18.9600
1623370120789000,0,52.70967000,18.9700
1623370120937000,0,0.00000234,18.9700
1623370124217000,0,52.68412000,18.9800
1623370124907000,0,0.00000502,18.9800
1623370126616000,0,52.63911675,19.0000
1623370132759000,1,52.57964000,19.0200
1623370134323000,0,52.55952000,19.0300
1623370137636000,1,65.00000000,19.0300
1623370141618000,1,52.55090000,19.0200
1623370153649000,1,52.55698000,19.0300
1623370153715000,1,0.00000207,19.0300
1623370153742000,1,131.42953274,19.0200
1623370153742000,1,328.57046726,19.0200
1623370154188000,1,12.44910000,19.0200
1623370154547000,1,0.64458829,19.0200
1623370154547000,1,12.44909171,19.0200
1623370154626000,1,40.10627763,19.0200
1623370161106000,0,52.64585000,19.0000
1623370171129000,0,131.81343653,18.9800
1623370171129000,0,52.70133897,18.9800
1623370173405000,1,52.68107000,18.9800
1623370174210000,0,52.69305000,18.9800
1623370175541000,0,70.00000000,18.9900
1623370175630000,0,61.73009031,18.9900
1623370175630000,0,18.26990969,18.9900
1623370175960000,0,34.40755000,18.9900
1623370182482000,0,52.64585000,19.0000
1623370183658000,0,131.56094429,19.0100
1623370183658000,0,52.61371571,19.0100
1623370183754000,0,0.00000490,19.0100
1623370183857000,0,341.94447000,19.0200
1623370188628000,1,43.00000000,19.0200
1623370188628000,1,52.56918000,19.0200
1623370192960000,1,43.00000000,19.0200
1623370192960000,1,52.56697000,19.0200
1623370193245000,1,0.00000292,19.0200
1623370193245000,1,131.41432708,19.0200
1623370199884000,1,52.56697000,19.0100
1623370203186000,0,52.61044000,19.0100
1623370209544000,1,52.59019545,19.0100
1623370209544000,1,52.40980455,19.0100
1623370209610000,1,79.07363000,19.0100
1623370212721000,0,341.65338624,19.0300
1623370212721000,0,2.40000000,19.0300
1623370212721000,0,52.58716004,19.0300
1623370212721000,0,131.46408927,19.0300
1623370213224000,0,2.50000000,19.0400
1623370213725000,0,52.51205051,19.0500
1623370213725000,0,131.27632090,19.0500
1623370220175000,0,52.46669000,19.0600
1623370224589000,0,52.42231000,19.0800
1623370228000000,0,52.39761950,19.0900
1623370228692000,0,104.50261780,19.1000
1623370233141000,1,65.00000000,19.1100
1623370239061000,1,52.41762000,19.0800
1623370242877000,0,52.40809000,19.0800
1623370245155000,1,52.40769124,19.0800
1623370245155000,1,125.27767876,19.0800
1623370245229000,1,5.74408000,19.0800
1623370245251000,1,0.00000133,19.0800
1623370251892000,0,52.37806000,19.0900
1623370252071000,0,0.00000770,19.0900
1623370252071000,0,130.96409230,19.0900
1623370252275000,0,0.00001306,19.0900
1623370254721000,1,130.90787228,19.0900
1623370254721000,1,1.69020772,19.0900
1623370254873000,1,50.67142000,19.0900
1623370260678000,1,52.39125000,19.0700
1623370270895000,1,52.42751000,19.0700
1623370273843000,1,52.42751751,19.0600
1623370273843000,1,12.57248249,19.0600
1623370277706000,0,2.50000000,19.0600
1623370277706000,0,52.48283000,19.0600
1623370281970000,0,95.50735000,19.0700
1623370282051000,0,35.65442777,19.0700
1623370282051000,0,52.45082223,19.0700
1623370284299000,0,52.42945756,19.0800
1623370284299000,0,29.46529244,19.0800
1623370284398000,0,101.60454000,19.0800
1623370285828000,0,52.40548000,19.0900
1623370290944000,0,52.36411840,19.1000
1623370290944000,0,130.90374160,19.1000
1623370294863000,1,52.36217000,19.1000
1623370299151000,0,110.08429000,19.1100
1623370299218000,0,2.50000000,19.1100
1623370299254000,0,18.27972658,19.1100
1623370299254000,0,52.34562478,19.1100
1623370301001000,0,52.29347227,19.1300
1623370301001000,0,2.70652773,19.1300
1623370301446000,0,2.50000000,19.1300
1623370304527000,1,65.00000000,19.1200
1623370311319000,0,52.26504863,19.1400
1623370311319000,0,50.16641717,19.1400
1623370316109000,1,52.26529653,19.1200
1623370316109000,1,130.71894347,19.1200
1623370319587000,1,52.28000000,19.1300
1623370321672000,0,51.21385910,19.1400
1623370322047000,0,1.04518080,19.1400
1623370323713000,0,130.52921766,19.1600
1623370323713000,0,48.54339551,19.1600
1623370325471000,1,2.50000000,19.1500
1623370329038000,1,62.50000000,19.1500
1623370329038000,1,130.48425000,19.1500
1623370329087000,1,0.00000316,19.1500
1623370331027000,0,148.36125516,19.1500
1623370334012000,1,52.19927000,19.1600
1623370337358000,0,52.18401727,19.1600
1623370339324000,1,52.18401000,19.1500
1623370339873000,1,52.18401727,19.1400
1623370346977000,1,52.24836000,19.1400
1623370348689000,1,52.24727326,19.1300
1623370352421000,1,52.24727326,19.1200
1623370352421000,1,68.59393674,19.1200
1623370352487000,1,62.12501751,19.1200
1623370355348000,0,52.30541254,19.1200
1623370356211000,0,52.28486000,19.1300
1623370362320000,0,8.87758638,19.1400
1623370362336000,0,17.12241362,19.1400
1623370362622000,0,52.24977074,19.1500
1623370366998000,0,209.84962983,19.1800
1623370373545000,0,52.13123000,19.1800
1623370377375000,1,52.10679000,19.1900
1623370382179000,1,42.70000000,19.2000
1623370382179000,1,52.08143000,19.2000
1623370382715000,1,52.09213347,19.1900
1623370382715000,1,52.08142653,19.1900
1623370383900000,1,42.50000000,19.1900
1623370385879000,1,52.09213347,19.1800
1623370385879000,1,18.18999653,19.1800
1623370385955000,1,33.89143000,19.1800
1623370390265000,0,52.12675572,19.1900
1623370390265000,0,6.45636048,19.1900
1623370390911000,1,2.40000000,19.1700
1623370392602000,1,52.08143808,19.1500
1623370392602000,1,22.91856192,19.1500
1623370398760000,1,52.08143808,19.1400
1623370398760000,1,17.91856192,19.1400
1623370401148000,0,52.24648000,19.1400
1623370401947000,0,52.21284099,19.1500
1623370403685000,0,130.52785464,19.1600
1623370403685000,0,52.20555536,19.1600
1623370418007000,1,52.19709000,19.1500
1623370420483000,1,75.00000000,19.1400
1623370423614000,0,91.29579000,19.1400
1623370423702000,0,75.00000000,19.1400
1623370423794000,0,145.00000000,19.1400
1623370423892000,0,75.00000000,19.1400
1623370423987000,0,130.00000000,19.1400
1623370424072000,0,85.00000000,19.1400
1623370424149000,0,115.00000000,19.1400
1623370426756000,1,52.25382000,19.1300
1623370432405000,1,52.25382000,19.1200
1623370432917000,1,150.49236000,19.1100
1623370432994000,1,95.00000000,19.1100
1623370436354000,1,52.30521000,19.1100
1623370438744000,0,52.33287000,19.1100
1623370438948000,0,0.00000914,19.1100
1623370442743000,0,52.30605000,19.1200
1623370447646000,0,52.31809461,19.1200
1623370447646000,0,55.34819539,19.1200
1623370457602000,1,52.33915000,19.0900
1623370465783000,1,52.40169223,19.0700
1623370465783000,1,131.00801777,19.0700
1623370471150000,1,90.00000000,19.0500
1623370471300000,1,41.13584625,19.0500
1623370471300000,1,52.40168375,19.0500
1623370471991000,0,2.50000000,19.0500
1623370483456000,0,52.52639000,19.0400
1623370483789000,0,0.00000309,19.0400
1623370483789000,0,129.99999691,19.0500
1623370483872000,0,1.28183894,19.0500
1623370489812000,0,52.49440000,19.0500
1623370489912000,0,0.00000885,19.0500
1623370497940000,0,52.51094000,19.0500
1623370500589000,0,0.00000756,19.0500
1623370500673000,0,131.23359580,19.0600
1623370500933000,0,52.48669436,19.0600
1623370509007000,0,52.41013000,19.0800
1623370513062000,0,52.39319000,19.0900
1623370513481000,0,0.00000891,19.0900
1623370513488000,0,160.00000000,19.1000
1623370513659000,0,180.51159303,19.1000
1623370513659000,0,130.94901369,19.1000
1623370517175000,0,130.89005236,19.1100
1623370517175000,0,52.33341764,19.1100
1623370517634000,0,0.00000924,19.1100
1623370517634000,0,340.12320076,19.1200
1623370517703000,0,0.00001208,19.1200
1623370523141000,1,52.30028622,19.1100
1623370523141000,1,111.59716378,19.1100
1623370523232000,1,19.15733000,19.1100
1623370527531000,1,0.00001202,19.1100
1623370527531000,1,52.29973914,19.1100
1623370527531000,1,178.54291884,19.1100
1623370527590000,1,77.72010000,19.1100
1623370527605000,1,83.73172574,19.1100
1623370527605000,1,42.80000000,19.1100
1623370532199000,1,52.29973000,19.1000
1623370536913000,1,52.37260000,19.0900
1623370542982000,1,52.38906000,19.0900
1623370552058000,0,52.40857000,19.0800
1623370556324000,0,52.38175000,19.0900
1623370557220000,0,52.35918000,19.1000
1623370557441000,0,0.00000341,19.1000
1623370565333000,1,52.34134000,19.0900
1623370571812000,0,52.35534000,19.1000
1623370571812000,0,0.00000572,19.1000
1623370581786000,1,52.24781000,19.1400
1623370582120000,1,52.24781000,19.1300
1623370589238000,0,52.24322000,19.1400
1623370589470000,0,0.00000525,19.1400
1623370590451000,1,130.60968601,19.1400
1623370590451000,1,52.24234399,19.1400
1623370593681000,0,52.25252000,19.1400
1623370607107000,1,52.23362000,19.1400
1623370619056000,1,52.25437000,19.1300
1623370622719000,1,81.23049000,19.1100
1623370622793000,1,49.53906266,19.1100
1623370622793000,1,30.46093734,19.1100
1623370627327000,1,140.00000000,19.0900
1623370627401000,1,275.00000000,19.0900
1623370627474000,1,13.00000000,19.0900
1623370627474000,1,52.34354000,19.0900
1623370627491000,1,0.00000127,19.0900
1623370629024000,0,2.49999000,19.0900
1623370629367000,0,0.00000873,19.0900
1623370629367000,0,52.35204127,19.1000
1623370639366000,1,52.37534000,19.0800
1623370644259000,0,52.42607000,19.0800
1623370657112000,0,0.00000963,19.0800
1623370657112000,0,131.04235037,19.0800
1623370686714000,0,52.49447357,19.0500
1623370686714000,0,131.23892643,19.0500
1623370690137000,0,107.78536252,19.0600
1623370690137000,0,57.21463748,19.0600
1623370690326000,0,110.66501000,19.0600
1623370690430000,0,85.00000000,19.0600
1623370690527000,0,280.00000000,19.0600
1623370690608000,0,255.00000000,19.0600
1623370704748000,0,52.51319000,19.0400
1623370715034000,1,42.50000000,19.0400
1623370721411000,0,52.55289230,19.0300
1623370721411000,0,131.39498770,19.0300
1623370730379000,1,42.90000000,19.0200
1623370733768000,0,52.58107702,19.0200
1623370733768000,0,131.44748298,19.0200
1623370739909000,1,52.60389000,19.0000
1623370740897000,1,131.58033242,18.9900
1623370740897000,1,52.65443758,18.9900
1623370752685000,0,52.64862000,19.0000
1623370754640000,0,52.63532000,19.0000
1623370755292000,1,52.63282000,19.0000
1623370757490000,1,120.00000000,18.9900
1623370757557000,1,11.58587294,18.9900
1623370757557000,1,52.63282343,18.9900
1623370762434000,1,110.00000000,18.9700
1623370762501000,1,21.58587294,18.9700
1623370762501000,1,52.69882706,18.9700
1623370774608000,1,52.78841000,18.9400
1623370782534000,0,52.81266000,18.9400
1623370798769000,1,52.82299000,18.9200
1623370798928000,1,0.00000623,18.9200
1623370798928000,1,224.99999377,18.9100
1623370799149000,1,25.52580000,18.9100
1623370800307000,1,52.88781000,18.9100
1623370800740000,1,90.00000000,18.9000
1623370800825000,1,42.13111635,18.9000
1623370800825000,1,47.86888365,18.9000
1623370800969000,1,5.01892813,18.9000
1623370804081000,0,52.89759000,18.9200
1623370804534000,0,0.00000257,18.9200
1623370804534000,0,79.25586743,18.9200
1623370805221000,0,52.82158071,18.9300
1623370823481000,0,52.80709000,18.9400
1623370827774000,1,52.80012527,18.9300
1623370835961000,1,52.84532000,18.9200
1623370842731000,0,52.89092000,18.9100
1623370853075000,1,81.19504000,18.8900
1623370853176000,1,22.81708000,18.8900
1623370853255000,1,28.27421112,18.8900
1623370853255000,1,52.92082888,18.8900
1623370863035000,0,52.96258765,18.8800
1623370863035000,0,22.03741235,18.8800
1623370863134000,0,89.01212000,18.8800
1623370863239000,0,21.38114000,18.8800
1623370868151000,1,52.96737000,18.8700
1623370868411000,1,0.00000181,18.8700
1623370868950000,1,344.40900065,18.8600
1623370868950000,1,110.59099935,18.8600
1623370873033000,0,71.58623000,18.8700
1623370873113000,0,53.01930841,18.8600
1623370873113000,0,26.98069159,18.8700
1623370874114000,0,33.96907519,18.8700
1623370874114000,0,52.99906481,18.8700
1623370875973000,0,0.00001237,18.8700
1623370876702000,0,132.46436709,18.8800
1623370876702000,0,2.53563291,18.8800
1623370876798000,0,2.50000000,18.8800
1623370876804000,0,47.93593212,18.8800
1623370876982000,0,110.00000000,18.8900
1623370891808000,0,52.94805499,18.8900
1623370891808000,0,132.37457501,18.8900
1623370898274000,1,43.20000000,18.8700
1623370898274000,1,52.97635000,18.8700
1623370905117000,0,53.02605000,18.8600
1623370907121000,1,53.02349000,18.8600
1623370907396000,1,0.00000384,18.8600
1623370911034000,1,53.02349384,18.8400
1623370928988000,0,53.09644000,18.8400
1623370929217000,0,0.00000092,18.8400
1623370932980000,0,26.00000000,18.8700
1623370932980000,0,89.87414000,18.8700
1623370933086000,0,42.67872208,18.8700
1623370933086000,0,53.00300982,18.8700
1623370933617000,0,52.97381528,18.8800
1623370933617000,0,26.02618472,18.8800
1623370934325000,1,52.97283000,18.8800
1623370937644000,1,52.97283553,18.8600
1623370937644000,1,43.09999447,18.8600
1623370942175000,1,52.97283553,18.8500
1623370942175000,1,43.49999447,18.8500
1623370949982000,1,43.00000000,18.8300
1623370949982000,1,53.09218000,18.8300
1623370955149000,1,95.00000000,18.8100
1623370955303000,1,37.69357338,18.8100
1623370955303000,1,47.30642662,18.8100
1623370956599000,0,53.13655000,18.8200
1623370965434000,1,43.30000000,18.8100
1623370965434000,1,53.16732000,18.8100
1623370969562000,0,53.18737000,18.8000
1623370970502000,1,53.19787000,18.8000
1623370970593000,1,0.00000056,18.8000
1623370973882000,1,53.19787000,18.7800
1623370986395000,1,2.40000000,18.7400
1623370986395000,1,53.33116000,18.7400
1623370989797000,0,53.34802110,18.7500
1623370989797000,0,121.65197890,18.7500
1623370990084000,0,11.69415000,18.7500
1623370991569000,0,65.00000000,18.7600
1623370991569000,0,133.32337852,18.7600
1623370991569000,0,53.32235148,18.7600
1623370992281000,0,53.28543046,18.7700
1623370992281000,0,133.20970954,18.7700
1623370997476000,0,53.31838000,18.7600
1623371000589000,0,0.00000618,18.7600
1623371003103000,0,53.27861000,18.7700
1623371003234000,0,0.00000712,18.7700
1623371004059000,0,127.76723000,18.7800
1623371004146000,0,53.25818755,18.7800
1623371006061000,0,53.22818107,18.7900
1623371010197000,0,53.21227000,18.8000
1623371011299000,0,0.00000825,18.8000
1623371019715000,0,53.21340000,18.7900
1623371019937000,0,0.00001086,18.7900
1623371028710000,0,53.14841361,18.8200
1623371030892000,0,132.82893758,18.8300
1623371030892000,0,53.12181242,18.8300
1623371034739000,1,43.30000000,18.8200
1623371035593000,1,132.86140961,18.8100
1623371035593000,1,53.13947039,18.8100
1623371041944000,0,53.17775679,18.8100
1623371041944000,0,132.94052321,18.8100
1623371041962000,0,0.00001515,18.8100
1623371046868000,0,53.09587710,18.8400
1623371048173000,1,2.50000000,18.8300
1623371052881000,1,43.10000000,18.8100
1623371052881000,1,53.10182104,18.8100
1623371052881000,1,109.06616896,18.8100
1623371061799000,1,109.13425468,18.8000
1623371061799000,1,53.17466532,18.8000
1623371062985000,1,53.17467000,18.7900
1623371063710000,1,105.45948000,18.7800
1623371067563000,0,53.24684000,18.7800
1623371070414000,0,53.26045000,18.7800
1623371075068000,1,53.29483000,18.7600
1623371076150000,1,53.29483000,18.7500
1623371080527000,0,53.33886000,18.7500
1623371082434000,0,53.32355000,18.7600
1623371085939000,0,53.28656000,18.7700
1623371091656000,0,53.30417000,18.7700
1623371091678000,0,0.00000613,18.7700
1623371092335000,0,150.00000000,18.7800
1623371092413000,0,196.36067793,18.7800
1623371092413000,0,10.46855207,18.7800
1623371092524000,0,53.25003661,18.7800
1623371103596000,1,43.30000000,18.7900
1623371104616000,1,133.04382996,18.7800
1623371104616000,1,53.21598934,18.7800
1623371104616000,1,43.00000000,18.7800
1623371106999000,0,53.21737000,18.7900
1623371107057000,0,0.00000537,18.7900
1623371110540000,1,53.21655575,18.7800
1623371110540000,1,90.69103425,18.7800
1623371115316000,1,53.25226395,18.7800
1623371115316000,1,109.27971605,18.7800
1623371116324000,1,0.00000920,18.7800
1623371121096000,0,53.31611000,18.7600
1623371128270000,0,53.34227000,18.7500
1623371128745000,0,53.32764505,18.7600
1623371131963000,1,53.31074000,18.7600
1623371138240000,0,11.78660000,18.7600
1623371138301000,0,41.52951207,18.7600
1623371142397000,0,53.28599000,18.7700
1623371144889000,1,53.27609000,18.7700
1623371148455000,1,53.27609000,18.7400
1623371156563000,0,53.38784000,18.7400
1623371156843000,0,0.00000007,18.7400
1623371158322000,0,53.33943000,18.7500
1623371160025000,0,133.32906680,18.7600
1623371160025000,0,53.32241320,18.7600
1623371166717000,0,53.28656000,18.7700
1623371166973000,0,0.00000618,18.7700
1623371170032000,1,53.26696000,18.7700
1623371176009000,1,53.26412000,18.7700
1623371180617000,1,109.35191917,18.7600
1623371180617000,1,43.00000000,18.7600
1623371180617000,1,53.26411083,18.7600
1623371186118000,1,53.26412000,18.7300
1623371193671000,1,53.39096000,18.7300
1623371193817000,1,0.00000153,18.7300
1623371202461000,0,53.37942000,18.7400
1623371202616000,0,0.00000803,18.7400
1623371204536000,0,130.00000000,18.7500
1623371204626000,0,3.38028319,18.7500
1623371204626000,0,53.34340681,18.7500
1623371204744000,0,0.00000747,18.7500
1623371206411000,0,53.31724000,18.7600
1623371206622000,0,0.00000910,18.7600
1623371219043000,1,53.30790000,18.7600
1623371220621000,1,53.30790000,18.7500
1623371223327000,1,53.30790000,18.7400
1623371227539000,0,53.34853000,18.7500
1623371227856000,0,0.00000656,18.7500
1623371234690000,1,53.30614712,18.7600
1623371234690000,1,133.24236288,18.7600
1623371243951000,1,109.43328509,18.7500
1623371252182000,1,109.43615126,18.7500
1623371252182000,1,53.33399874,18.7500
1623371256993000,1,120.00000000,18.7400
1623371261392000,0,53.36903000,18.7400
1623371261571000,0,0.00000552,18.7400
1623371261571000,0,133.42298448,18.7400
1623371262361000,1,53.36303000,18.7400
1623371269679000,1,109.55349000,18.7300
1623371274662000,0,53.37929091,18.7400
1623371274662000,0,133.47672909,18.7400
1623371283634000,0,53.38955024,18.7300
1623371283634000,0,133.53672976,18.7300
1623371285286000,0,53.36800334,18.7400
1623371290491000,0,53.35479000,18.7400
1623371291077000,0,53.33601000,18.7500
1623371291195000,0,0.00000717,18.7500
1623371291524000,0,133.33617000,18.7600
1623371291998000,0,0.00000784,18.7600
1623371291998000,0,53.31217216,18.7600
1623371292158000,0,0.00001397,18.7600
1623371295552000,0,53.28486000,18.7700
1623371295674000,0,0.00000261,18.7700
1623371301640000,1,43.20000000,18.7700
1623371303764000,0,53.27918000,18.7700
1623371303947000,0,0.00000483,18.7700
1623371310995000,1,43.10000000,18.7600
1623371310995000,1,53.27723000,18.7600
1623371312720000,1,53.32154000,18.7500
1623371316530000,1,53.32154000,18.7300
1623371318594000,1,53.32154000,18.7200
1623371318594000,1,80.25829265,18.7200
1623371323285000,0,53.42605000,18.7200
1623371325785000,1,53.42239000,18.7100
1623371329053000,1,53.46003651,18.7000
1623371331626000,0,53.48034000,18.7000
1623371332331000,0,133.63409915,18.7100
1623371332331000,0,53.46882085,18.7100
1623371337226000,1,43.80000000,18.6900
1623371337226000,1,53.48239000,18.6900
1623371337260000,1,0.00000375,18.6900
1623371337419000,1,2.50000000,18.6800
1623371337617000,1,345.03359263,18.6800
1623371337617000,1,133.65267412,18.6800
1623371337617000,1,2.49999325,18.6800
1623371340309000,0,133.88744000,18.6800
1623371340403000,0,0.00000885,18.6800
1623371340403000,0,348.06789115,18.6800
1623371340621000,0,53.55653000,18.6800
1623371340707000,0,0.00000197,18.6800
1623371340707000,0,133.88743803,18.6800
1623371340723000,0,0.00001082,18.6800
1623371341037000,0,133.76709543,18.6900
1623371341037000,0,53.50786457,18.6900
1623371343006000,0,65.00000000,18.6900
1623371347456000,0,53.49184000,18.7000
1623371348956000,0,53.44776101,18.7100
1623371349559000,0,53.42040000,18.7200
1623371367921000,0,47.25954000,18.7100
1623371368299000,0,0.00000085,18.7100
1623371371238000,0,47.23933000,18.7200
1623371371395000,0,0.00000270,18.7200
1623371371901000,0,307.01011229,18.7300
1623371371901000,0,118.09583122,18.7300
1623371376075000,1,43.40000000,18.7200
1623371376075000,1,109.56685594,18.7200
1623371376075000,1,13.87601406,18.7200
1623371376148000,1,39.51613000,18.7200
1623371381048000,0,37.91376066,18.7300
1623371384255000,1,109.57022577,18.7200
1623371384255000,1,53.42690390,18.7200
1623371384255000,1,43.69999033,18.7200
1623371388860000,0,39.13970000,18.7000
1623371394350000,0,0.00008587,18.7000
1623371394350000,0,96.05951413,18.7000
1623371396048000,1,53.48067000,18.7000
1623371402239000,0,94.15042329,18.7000
1623371402239000,0,244.81911659,18.7000
1623371402239000,0,37.66888012,18.7000
1623371405283000,0,30.87827000,18.7000
1623371407498000,0,30.86738594,18.7200
1623371407498000,0,64.99999406,18.7200
1623371408351000,0,77.16655016,18.7300
1623371408351000,0,30.32614984,18.7300
1623371410000000,0,0.00000205,18.7300
1623371414007000,0,75.86712158,18.7400
1623371414007000,0,29.75107842,18.7400
1623371416282000,0,27.82283000,18.7500
1623371416503000,0,0.00000100,18.7500
1623371417175000,1,65.00000000,18.7500
1623371422355000,0,25.43814004,18.7600
1623371422355000,0,0.42205996,18.7600
1623371423667000,1,44.90000000,18.7500
1623371425414000,1,43.50000000,18.7400
1623371425414000,1,53.32393000,18.7400
1623371428768000,1,43.70000000,18.7300
1623371428768000,1,53.32393120,18.7300
1623371435319000,1,53.41782564,18.7200
1623371435319000,1,133.50136705,18.7200
1623371438965000,1,53.41268000,18.7000
1623371442717000,1,53.46866000,18.7000
1623371444779000,1,53.46837101,18.6900
1623371444779000,1,133.72558899,18.6900
1623371446842000,1,53.46837000,18.6800
1623371448701000,0,88.87270233,18.6900
1623371448701000,0,35.54961767,18.6900
1623371452205000,1,53.50643233,18.6800
1623371452205000,1,133.77853767,18.6800
1623371454583000,0,34.28105915,18.6900
1623371454583000,0,85.70034583,18.6900
1623371454583000,0,222.81186983,18.6900
1623371458710000,1,53.51788686,18.6800
1623371458710000,1,133.78426314,18.6800
1623371459294000,1,53.51788686,18.6700
1623371459294000,1,133.78427553,18.6700
1623371459294000,1,163.76428340,18.6600
1623371459294000,1,252.26476651,18.6600
1623371469918000,0,19.16400408,18.6700
1623371471896000,0,42.14580142,18.6700
1623371472809000,0,105.29938501,18.6800
1623371472809000,0,42.10560941,18.6800
1623371473955000,0,41.38663215,18.6900
1623371473955000,0,103.46348095,18.6900
1623371476381000,1,53.53221000,18.6800
1623371478538000,0,1.87000000,18.7000
1623371486219000,0,31.74956000,18.7100
1623371486559000,0,0.00000160,18.7100
1623371488084000,0,31.74956000,18.7200
1623371488488000,0,0.00000160,18.7200
1623371489357000,0,31.21183000,18.7300
1623371493800000,1,53.39158000,18.7100
1623371497234000,1,14.53205702,18.7000
1623371497312000,1,22.00593612,18.7000
1623371505913000,0,32.81918000,18.6800
1623371507192000,0,32.79355000,18.6900
1623371511285000,0,29.55034000,18.6900
1623371514218000,1,53.51273000,18.6900
1623371523546000,0,73.87410032,18.7000
1623371523546000,0,29.97649968,18.7000
1623371525532000,1,53.48239000,18.7000
1623371541050000,1,53.48348000,18.7000
1623371545575000,0,29.09467000,18.7100
1623371549001000,1,53.46066000,18.7000
1623371571778000,1,53.49784464,18.6800
1623371571778000,1,133.78999536,18.6800
1623371576146000,0,1.35483815,18.6800
1623371580046000,0,30.66423000,18.6800
1623371590926000,0,31.45401000,18.6700
1623371591317000,0,0.00000428,18.6700
1623371598005000,0,204.38317476,18.6900
1623371598005000,0,10.12908524,18.6900
1623371598078000,0,2.50000000,18.6900
1623371598085000,0,64.56029549,18.6900
1623371598085000,0,30.87031467,18.6900
1623371607196000,0,19.08576250,18.7000
1623371607196000,0,47.69085750,18.7000
1623371608206000,0,19.06393000,18.7100
1623371613095000,0,17.53903000,18.7200
1623371614694000,0,17.51806000,18.7300
1623371617781000,1,53.40983691,18.7200
1623371617781000,1,43.19999309,18.7200
1623371618383000,1,347.21795501,18.7100
1623371618383000,1,133.53131576,18.7100
1623371618672000,0,53.42353334,18.7100
1623371624794000,1,43.70000000,18.7100
1623371624794000,1,53.42867000,18.7100
1623371632242000,1,53.46575000,18.7000
1623371639043000,0,29.40540000,18.7000
1623371643576000,1,53.46409314,18.7000
1623371643576000,1,43.39999686,18.7000
1623371651412000,0,29.85290000,18.7000
1623371651614000,0,0.00003736,18.7000
1623371654427000,0,29.83538000,18.7100
1623371654472000,0,0.00000338,18.7100
1623371666758000,1,43.20000000,18.7200
1623371672904000,0,28.76849000,18.7300
1623371673439000,0,0.00000085,18.7300
1623371673830000,1,53.38360000,18.7300
1623371692405000,0,29.21832356,18.7100
1623371692405000,0,73.00505644,18.7100
1623371702198000,1,53.40070000,18.7200
1623371712762000,1,133.71558161,18.6900
1623371712762000,1,53.48696839,18.6900
1623371713510000,1,0.00000247,18.6900
1623371731705000,1,53.57408506,18.6600
1623371731705000,1,133.95630494,18.6600
1623371731830000,1,0.00001458,18.6600
1623371736214000,0,36.10043000,18.6600
1623371736688000,0,0.00000161,18.6600
1623371754061000,1,53.59878000,18.6400
1623371754216000,1,0.00000072,18.6400
1623371754216000,1,1.49999928,18.6300
1623371756232000,0,33.30138000,18.6400
1623371762861000,0,33.67257227,18.6500
1623371762861000,0,84.22435252,18.6500
1623371763544000,0,218.94358895,18.6600
1623371763544000,0,84.19724105,18.6600
1623371765059000,0,33.67149000,18.6700
1623371771312000,0,18.22972775,18.6700
1623371771312000,0,45.54958225,18.6700
1623371771465000,0,0.00000855,18.6700
1623371772942000,0,45.53428698,18.6800
1623371772942000,0,18.21429302,18.6800
1623371775470000,1,53.53450465,18.6800
1623371775470000,1,43.69999535,18.6800
1623371777203000,1,133.81578384,18.6700
1623371777203000,1,53.53449616,18.6700
1623371783220000,0,20.27270000,18.6600
1623371785564000,0,20.27009000,18.6700
1623371787633000,1,53.58384574,18.6600
1623371787633000,1,133.95200426,18.6600
1623371799391000,0,23.57070000,18.6500
1623371805130000,0,23.31871796,18.6600
1623371824489000,0,22.90257000,18.6500
1623371830327000,0,22.90257000,18.6600
1623371846739000,0,22.85053000,18.6600
1623371852686000,1,53.59131219,18.6600
1623371852686000,1,133.95774781,18.6600
1623371853787000,0,22.85146000,18.6600
1623371866150000,1,47.55723086,18.6400
1623371866162000,1,6.08928268,18.6400
1623371873287000,0,31.17476000,18.6200
1623371880717000,0,28.50936000,18.6300
1623371882026000,0,74.93125284,18.6400
1623371882186000,0,1.52920924,18.6400
1623371882186000,0,28.48397982,18.6400
1623371897384000,0,26.10136000,18.6400
1623371903098000,0,25.64484000,18.6400
1623371908085000,1,53.65324000,18.6400
1623371913485000,0,25.16984000,18.6500
1623371921025000,1,53.56547000,18.6700
1623371922396000,1,133.86164061,18.6600
1623371922396000,1,53.56546939,18.6600
1623371934901000,1,53.62349000,18.6400
1623371941957000,1,53.66666732,18.6300
1623371941972000,1,0.00000001,18.6300
1623371942525000,1,255.00000000,18.6200
1623371942597000,1,93.88054303,18.6200
1623371942597000,1,1.11945697,18.6200
1623371951948000,0,1.88000000,18.6200
1623371955008000,0,17.60814536,18.6100
1623371955092000,0,20.61691792,18.6100
1623371955504000,0,38.26466597,18.6200
1623371955504000,0,136.66402990,18.6200
1623371955595000,0,111.94776826,18.6200
1623371956124000,0,2.40000000,18.6300
1623371956124000,0,38.21355294,18.6300
1623371956623000,0,2.50000000,18.6400
1623371969935000,1,53.59418446,18.6500
1623371969935000,1,46.40581554,18.6500
1623371970084000,1,87.60507687,18.6500
1623371970084000,1,43.69999313,18.6500
1623371979317000,1,53.61941677,18.6500
1623371979317000,1,43.80000000,18.6500
1623371979317000,1,52.58058323,18.6500
1623371979395000,1,81.42168000,18.6500
1623371980093000,1,44.00000000,18.6400
1623371984032000,0,2.50000000,18.6500
1623371992807000,1,53.56369000,18.6600
1623371996561000,1,90.00000000,18.6400
1623371997133000,1,65.00000000,18.6500
1623371999401000,0,41.03847000,18.6500
1623372003332000,0,40.25949388,18.6700
1623372007205000,0,40.25949000,18.6900
1623372007262000,0,0.00000388,18.6900
1623372007753000,0,98.91068125,18.7000
1623372007753000,0,21.08931875,18.7000
1623372007755000,0,18.45774701,18.7000
1623372008617000,0,46.54230000,18.7100
1623372010691000,1,2.50000000,18.6900
1623372010691000,1,53.49097648,18.6900
1623372010691000,1,59.38524352,18.6900
1623372015870000,1,43.40000000,18.6800
1623372015870000,1,31.60000000,18.6800
1623372015947000,1,102.10843005,18.6800
1623372015947000,1,12.89156995,18.6800
1623372016019000,1,40.63032000,18.6800
1623372016705000,1,53.52189000,18.6700
1623372018926000,0,38.10971000,18.6700
1623372024584000,1,53.55394000,18.6700
1623372024749000,1,53.56031133,18.6600
1623372024749000,1,53.55394459,18.6600
1623372026919000,0,45.38419000,18.6600
1623372027021000,0,0.00000113,18.6600
1623372033611000,0,49.22838000,18.6600
1623372037690000,0,48.29237627,18.6700
1623372050200000,0,47.48783633,18.6800
1623372050949000,1,53.53502000,18.6800
1623372062889000,0,46.59144751,18.6900
1623372068840000,0,46.75384000,18.6900
1623372077273000,0,46.72933000,18.7000
1623372087358000,1,53.47953000,18.7000
1623372087773000,1,100.15070000,18.6900
1623372087851000,1,33.53056110,18.6900
1623372087851000,1,36.46943890,18.6900
1623372087971000,1,17.01009000,18.6900
1623372101851000,0,50.32278000,18.6900
1623372102501000,0,51.19022000,18.7000
1623372137738000,0,49.38420000,18.7500
1623372138401000,0,81.11289000,18.7600
1623372138495000,0,42.35297437,18.7600
1623372138495000,0,49.37524563,18.7600
1623372151683000,1,53.34197000,18.7500
1623372156567000,1,53.34197000,18.7200
1623372160128000,1,53.42067000,18.7200
1623372164436000,1,96.62361000,18.7100
1623372164512000,1,36.93481380,18.7100
1623372164512000,1,38.06518620,18.7100
1623372164588000,1,15.35548000,18.7100
1623372166889000,0,51.80609000,18.7100
1623372173928000,0,95.00000000,18.7200
1623372182642000,1,43.30000000,18.7100
1623372184245000,1,46.80911713,18.7100
1623372185629000,0,46.75761000,18.7200
1623372196850000,1,53.44009000,18.7100
1623372201291000,0,95.00000000,18.7200
1623372201809000,0,46.06613522,18.7200
1623372207107000,0,46.04596000,18.7400
1623372221928000,1,53.43723000,18.7100
1623372241746000,1,53.49651568,18.6900
1623372241785000,1,0.00000001,18.6900
1623372250707000,0,44.62973432,18.6700
1623372273912000,0,103.53742371,18.6700
1623372273912000,0,9.51047629,18.6700
1623372273992000,0,33.50537000,18.6700
1623372285543000,0,40.35640000,18.6700
1623372287603000,0,96.13823000,18.6800
1623372287697000,0,80.00000000,18.6800
1623372288187000,0,86.15290657,18.6800
1623372288187000,0,43.84709343,18.6800
1623372288276000,0,57.06138848,18.6800
1623372288276000,0,40.35639152,18.6800
1623372289950000,0,2.75174259,18.6900
1623372289953000,0,31.39590900,18.6900
1623372302772000,0,27.78961000,18.7100
1623372315168000,1,53.42067000,18.7200
1623372317869000,0,26.03336000,18.7300
1623372322154000,1,53.38816000,18.7300
1623372331584000,1,53.39956918,18.7200
1623372331584000,1,61.60043082,18.7200
1623372331660000,1,71.93230000,18.7200
1623372332957000,1,53.43432661,18.7100
1623372332957000,1,39.06529339,18.7100
1623372333127000,1,94.46744000,18.7100
1623372336694000,1,53.43432000,18.7000
1623372347713000,1,53.43432000,18.6900
1623372347874000,1,0.00000661,18.6900
1623372351861000,1,85.00000000,18.6700
1623372352948000,0,53.56743000,18.6700
1623372362482000,0,53.55309000,18.6800
1623372363438000,0,133.83584231,18.6900
1623372363438000,0,53.50895769,18.6900
1623372364142000,0,0.00000414,18.6900
1623372365462000,0,53.47811000,18.7000
1623372373976000,0,53.47582000,18.7000
1623372376202000,1,53.47495000,18.7000
1623372383292000,1,53.47495000,18.6900
1623372395303000,0,53.49522000,18.7000
1623372400884000,0,53.43924000,18.7100
1623372416549000,1,53.48067000,18.7000
1623372432457000,0,53.46090000,18.7100
1623372437239000,0,53.42666000,18.7200
1623372437450000,0,0.00000931,18.7200
1623372453115000,0,53.40899417,18.7300
1623372453115000,0,43.11638583,18.7300
1623372453207000,0,90.37784000,18.7300
1623372455440000,1,53.38982000,18.7300
1623372466413000,1,53.39044000,18.7200
1623372489668000,0,53.09006162,18.7400
1623372489668000,0,81.90993838,18.7400
1623372494342000,0,48.23765000,18.7400
1623372499149000,1,43.10000000,18.7300
1623372519650000,0,49.79919000,18.7100
1623372525585000,1,105.00000000,18.6900
1623372530370000,0,51.89695000,18.6900
1623372564608000,0,65.00000000,18.6600
1623372564608000,0,52.15254000,18.6600
1623372584507000,0,51.19389000,18.6400
1623372588651000,0,51.15537783,18.6500
1623372596815000,1,53.63960000,18.6400
1623372605102000,1,53.62004000,18.6500
1623372613725000,1,53.59935000,18.6600
1623372618900000,0,52.48813000,18.6700
1623372619238000,0,0.00000178,18.6700
1623372626052000,1,53.55285000,18.6700
1623372638988000,0,52.56577000,18.6900
1623372643737000,1,133.85017347,18.6700
1623372643737000,1,53.51329653,18.6700
1623372658989000,0,53.59918000,18.6600
1623372660012000,0,53.55426359,18.6700
1623372683340000,1,53.59929000,18.6600
1623372710208000,0,128.23409000,18.6700
1623372710296000,0,5.73371486,18.6700
1623372710296000,0,53.58091514,18.6700
1623372714710000,1,53.55227000,18.6700
1623372724454000,0,50.63111463,18.6700
1623372729541000,0,51.58396000,18.6800
1623372730005000,0,128.90070652,18.6900
1623372730005000,0,36.09929348,18.6900
1623372738398000,0,107.18038297,18.7000
1623372738398000,0,42.87301703,18.7000
1623372738518000,0,0.00000693,18.7000
1623372745198000,1,53.46975000,18.7000
1623372757188000,1,53.49806658,18.6900
1623372757188000,1,43.60000000,18.6900
1623372765065000,1,53.50580000,18.6900
1623372770340000,1,53.52814000,18.6800
1623372789957000,1,53.54138000,18.6800
1623372800760000,1,53.50981000,18.6900
1623372837171000,0,49.91230000,18.7000
1623372838731000,1,53.47381000,18.7000
1623372851618000,1,53.48067000,18.7000
1623372882506000,1,53.53966000,18.6800
1623372883525000,0,50.98017000,18.6800
1623372913049000,0,15.08770000,18.6700
1623372913451000,0,35.93202322,18.6700
1623372932532000,0,43.67446000,18.6900
1623372937633000,0,43.63710000,18.7000
1623372951784000,1,53.47781000,18.7000
1623372957876000,0,43.62082000,18.7000
1623372988097000,1,53.49607000,18.6900
1623372989388000,0,2.00000000,18.7000
1623373005834000,1,53.53393000,18.6700
1623373007211000,1,53.58786000,18.6600
1623373011338000,1,43.40000000,18.6500
1623373015394000,1,53.64127642,18.6400
1623373018076000,0,48.58099000,18.6300
1623373018097000,0,0.00000384,18.6300
1623373019298000,1,53.67127000,18.6200
1623373019414000,1,0.00000604,18.6200
1623373030779000,0,2.00000000,18.6300
1623373037260000,0,36.10221000,18.6400
1623373037449000,0,0.00000220,18.6400
1623373037609000,0,97.25886000,18.6500
1623373037737000,1,36.10181531,18.6500
1623373044987000,1,43.80000000,18.6700
1623373044987000,1,50.16398000,18.6700
1623373047143000,1,53.53163878,18.6600
1623373057130000,0,37.02062502,18.6500
1623373063408000,0,36.34064000,18.6600
1623373066899000,1,53.58608637,18.6600
1623373066899000,1,72.09999363,18.6600
1623373077058000,0,36.67273968,18.6500
1623373077058000,0,84.18371032,18.6500
1623373079542000,0,36.64801388,18.6600
1623373083404000,0,33.83077000,18.6600
1623373084975000,1,53.59470000,18.6600
1623373090112000,0,84.54024164,18.6700
1623373090112000,0,34.17356836,18.6700
1623373095306000,1,30.96420755,18.6600
1623373095458000,1,22.63227494,18.6600
1623373102050000,0,36.76967000,18.6300
1623373109219000,0,37.65814000,18.6300
1623373120907000,1,53.71792000,18.6100
1623373121291000,1,0.00000575,18.6100
1623373121291000,1,53.70000000,18.6000
1623373121291000,1,16.10000000,18.6000
1623373121291000,1,270.19999425,18.6000
1623373124581000,0,39.42459000,18.6000
1623373128573000,1,53.77171163,18.6000
1623373130471000,0,43.58531000,18.6000
1623373138488000,1,1.07612509,18.5900
1623373140174000,0,43.76459000,18.5800
1623373142174000,0,65.00000000,18.5900
1623373142174000,0,109.43400840,18.5900
1623373142174000,0,110.55552160,18.5900
1623373142267000,0,43.72869000,18.5900
1623373144380000,1,53.82844444,18.5700
1623373151257000,0,101.97122000,18.5600
1623373158345000,1,11.40022679,18.5500
1623373158556000,1,213.59977321,18.5500
1623373159660000,1,53.93412000,18.5300
1623373161837000,0,40.15922403,18.5400
1623373161837000,0,79.84077597,18.5400
1623373161919000,0,20.55429000,18.5400
1623373165982000,0,34.59107283,18.5500
1623373165982000,0,86.47531717,18.5500
1623373167995000,0,34.59107000,18.5600
1623373175718000,0,31.98709000,18.5600
1623373177507000,0,86.47532850,18.5700
1623373177507000,0,35.21426146,18.5700
1623373189402000,1,2.01419881,18.5600
1623373201324000,0,31.88287000,18.5600
1623373201534000,0,0.00000898,18.5600
1623373201534000,0,79.71269102,18.5600
1623373207498000,0,29.86861493,18.5300
1623373212311000,1,53.94247000,18.5400
1623373218687000,0,30.30250000,18.5400
1623373220768000,0,30.27179000,18.5500
1623373230838000,0,29.20744000,18.5600
1623373231026000,0,0.00000922,18.5600
1623373237910000,0,28.66573000,18.5900
1623373242655000,1,53.74512000,18.6000
1623373243218000,1,0.00000316,18.6000
1623373243218000,1,134.36669684,18.6000
1623373243342000,1,0.00000602,18.6000
1623373245467000,0,31.89890000,18.5900
1623373245554000,0,0.00000613,18.5900
1623373246594000,0,31.89890000,18.6000
1623373246650000,0,0.00000613,18.6000
1623373256807000,1,53.69087000,18.6200
1623373268607000,1,134.31039670,18.6100
1623373268607000,1,0.68960330,18.6100
1623373274546000,0,32.23495000,18.6200
1623373274572000,0,0.00000311,18.6200
1623373274882000,0,2.89650000,18.6300
1623373276590000,0,32.23490000,18.6400
1623373276607000,0,3.06896706,18.6400
1623373279547000,1,53.63845626,18.6400
1623373279547000,1,43.79999374,18.6400
1623373288168000,1,43.90000000,18.6200
1623373288168000,1,53.69606141,18.6200
1623373293218000,1,53.73357115,18.6100
1623373293218000,1,134.33203885,18.6100
1623373298536000,1,53.79017000,18.5900
1623373308368000,0,41.39280000,18.5800
1623373315949000,0,40.61941982,18.6000
1623373325837000,0,39.88758758,18.6000
1623373325837000,0,99.71602381,18.6000
1623373330730000,0,34.86387000,18.6200
1623373332212000,0,0.00000216,18.6200
1623373335859000,1,43.80000000,18.6200
1623373335859000,1,53.70298000,18.6200
1623373342815000,1,53.70298000,18.6000
1623373351302000,1,53.75893000,18.5900
1623373361117000,0,37.17234785,18.5800
1623373362676000,1,53.79768000,18.5700
1623373364108000,1,53.85105000,18.5600
1623373367247000,0,65.00000000,18.5600
1623373367247000,0,40.33159616,18.5600
1623373380246000,1,53.97546000,18.5200
1623373385476000,1,5.00000000,18.5100
1623373385476000,1,49.00630000,18.5100
1623373385720000,1,5.00000000,18.5100
1623373385981000,1,20.00000000,18.5000
1623373385981000,1,25.00000000,18.5000
1623373385981000,1,2.00000000,18.5000
1623373385981000,1,4.03567567,18.5000
1623373385981000,1,144.81615433,18.5000
1623373386057000,1,206.26942880,18.5000
1623373386057000,1,33.73057120,18.5000
1623373386137000,1,54.33738000,18.5000
1623373389184000,0,65.00000000,18.5100
1623373389184000,0,2.50000000,18.5100
1623373389184000,0,40.57079814,18.5100
1623373389184000,0,101.47874186,18.5100
1623373392020000,1,54.07704000,18.4900
1623373394104000,0,51.15999000,18.4900
1623373399338000,1,54.07938069,18.4800
1623373399338000,1,53.21572931,18.4800
1623373399420000,1,81.98664000,18.4800
1623373401501000,0,51.96720462,18.4900
1623373401501000,0,129.99563538,18.4900
1623373409925000,0,3.42000000,18.5000
1623373414464000,0,48.65256000,18.4900
1623373421752000,0,50.16362027,18.4800
1623373421752000,0,75.24149973,18.4800
1623373422315000,0,50.13079500,18.4900
1623373422315000,0,61.01730500,18.4900
1623373422414000,0,50.13079000,18.4900
1623373422496000,0,14.14448466,18.4900
1623373424198000,0,44.99724000,18.4900
1623373424243000,0,0.00000909,18.4900
1623373424512000,0,112.49076088,18.5000
1623373424512000,0,292.45154912,18.5000
1623373425277000,0,44.96709000,18.5000
1623373425302000,0,0.00000236,18.5000
1623373427092000,1,2.50000000,18.5000
1623373427092000,1,2.50000000,18.5000
1623373434258000,1,54.09394000,18.4800
1623373440008000,0,26.43731633,18.4700
1623373440008000,0,66.05168367,18.4700
1623373444396000,0,32.85233000,18.4700
1623373449657000,0,32.82905843,18.4800
1623373449657000,0,80.62780157,18.4800
1623373451120000,0,37.51110000,18.4900
1623373451120000,0,175.80137703,18.4900
1623373451120000,0,80.60251206,18.4900
1623373455189000,1,54.09986109,18.4800
1623373455189000,1,135.27112891,18.4800
1623373457428000,0,22.89521000,18.4800
1623373460567000,0,26.69690000,18.4800
1623373462655000,0,26.68246000,18.4900
1623373462757000,0,0.00000708,18.4900
1623373463193000,0,66.71431000,18.5000
1623373467027000,0,26.68246708,18.5100
1623373468632000,1,54.01861000,18.5100
1623373478408000,1,135.08402226,18.4900
1623373478408000,1,54.02152774,18.4900
1623373481267000,1,54.10688000,18.4800
1623373481690000,1,0.00000652,18.4800
1623373483641000,0,2.44999361,18.4800
1623373483691000,0,0.04999987,18.4800
1623373489036000,0,71.95507199,18.5100
1623373489036000,0,28.78705801,18.5100
1623373498377000,1,53.99994667,18.5200
1623373505706000,1,53.99994000,18.5000
1623373509672000,0,29.89729000,18.5100
1623373513077000,0,29.89729000,18.5200
1623373514923000,1,53.98414000,18.5200
1623373527492000,1,53.99703000,18.5200
1623373527619000,1,0.00000075,18.5200
1623373535792000,1,54.02036694,18.5000
1623373535792000,1,135.09715306,18.5000
1623373541184000,1,54.02036000,18.4900
1623373548498000,1,54.12029000,18.4800
1623373549731000,0,37.62499000,18.4700
1623373551752000,0,37.59364000,18.4800
1623373557465000,0,37.92900435,18.4800
1623373557465000,0,93.07875644,18.4800
1623373557465000,0,242.06204921,18.4800
1623373560246000,0,8.03284107,18.4900
1623373563975000,0,30.38362000,18.4800
1623373564257000,0,0.00000819,18.4800
1623373565203000,0,14.17526880,18.4900
1623373565239000,0,16.20605155,18.4900
1623373578174000,1,54.01972163,18.5100
1623373578174000,1,43.80000000,18.5100
1623373578174000,1,135.01397837,18.5100
1623373586678000,0,30.78123000,18.5000
1623373590616000,0,30.75064000,18.5100
1623373594434000,0,30.20206000,18.5200
1623373597135000,0,29.64646000,18.5300
1623373605366000,1,53.96148000,18.5200
1623373616245000,1,43.80000000,18.4900
1623373616245000,1,54.06411452,18.4900
1623373621164000,0,29.54563000,18.5100
1623373640365000,1,54.04430000,18.5000
1623373646280000,1,54.04775000,18.5000
1623373648081000,1,54.07054000,18.4900
1623373648213000,1,0.00000585,18.4900
1623373660456000,1,54.07054585,18.4800
1623373660456000,1,135.24332980,18.4800
1623373662180000,1,54.14086847,18.4600
1623373662180000,1,2.40000000,18.4500
1623373662180000,1,135.24332980,18.4500
1623373662180000,1,49.77261889,18.4500
1623373662407000,1,129.33156246,18.4500
1623373662501000,1,172.85980523,18.4500
1623373665064000,0,96.56752953,18.4300
1623373665064000,0,30.41427047,18.4300
1623373665168000,0,8.21386000,18.4300
1623373665322000,0,0.00001342,18.4300
1623373666321000,0,96.56752953,18.4400
1623373666321000,0,38.62813047,18.4400
1623373666595000,0,0.00001342,18.4400
1623373666595000,0,1.37371744,18.4500
1623373679499000,0,37.71177373,18.4400
1623373679499000,0,94.27670627,18.4400
1623373682133000,0,37.71177000,18.4500
1623373687484000,0,34.71219135,18.4600
1623373687484000,0,86.77808865,18.4600
1623373691317000,1,54.19368000,18.4500
1623373694734000,0,32.53402172,18.4600
1623373694734000,0,81.29328828,18.4600
1623373700414000,1,54.16491000,18.4600
1623373700629000,1,0.00000596,18.4600
1623373703471000,1,44.30000000,18.4500
1623373703471000,1,135.42355070,18.4500
1623373703471000,1,30.34521930,18.4500
1623373703550000,1,23.84317000,18.4500
1623373711526000,1,54.22189000,18.4400
1623373711607000,1,0.00000394,18.4400
1623373712277000,1,352.48811000,18.4300
1623373712277000,1,135.55866437,18.4300
1623373712277000,1,54.22189394,18.4300
1623373719650000,1,2.21036051,18.4200
1623373721198000,0,0.28963949,18.4200
1623373721600000,0,135.72351491,18.4300
1623373721600000,0,54.26996049,18.4300
1623373732374000,0,43.14871000,18.4200
1623373742884000,0,106.69089779,18.4300
1623373742884000,0,42.67195175,18.4300
1623373756272000,0,40.02828488,18.4300
1623373765208000,0,39.98879975,18.4400
1623373767258000,0,39.25981156,18.4600
1623373767418000,1,98.14662844,18.4600
1623373769050000,1,44.20000000,18.4500
1623373770386000,1,54.20484000,18.4500
1623373772861000,1,135.52339134,18.4400
1623373772861000,1,54.20483866,18.4400
1623373773492000,1,0.00000807,18.4400
1623373774139000,1,2.33288252,18.4300
1623373774139000,1,54.20484673,18.4300
1623373776710000,1,135.57630777,18.4200
1623373776710000,1,54.20483223,18.4200
1623373785081000,1,54.30899564,18.4100
1623373785081000,1,135.77510436,18.4100
1623373790762000,1,54.32610000,18.4100
1623373791050000,1,0.00000827,18.4100
1623373792227000,1,54.32610827,18.4000
1623373792397000,1,105.00000000,18.3900
1623373792566000,1,30.86661160,18.3900
1623373792566000,1,91.29080840,18.3900
1623373803201000,0,54.39026000,18.3900
1623373810851000,0,54.41090000,18.3900
1623373817213000,0,111.75467594,18.4000
1623373817213000,0,135.94344753,18.4000
1623373817213000,0,52.30187653,18.4000
1623373817397000,0,2.05958174,18.4000
1623373822904000,1,54.35032000,18.4000
1623373827633000,1,54.36535000,18.3900
1623373832182000,0,54.39551944,18.3900
1623373832182000,0,111.72368056,18.3900
1623373835000000,0,54.35649147,18.4000
1623373835000000,0,105.64350853,18.4000
1623373835086000,0,6.02107000,18.4000
1623373843069000,1,54.36850000,18.3900
1623373847190000,1,54.38585777,18.3900
1623373851517000,1,54.38585777,18.3600
1623373852034000,1,2.00000000,18.3500
1623373852236000,1,2.00000000,18.3400
1623373872674000,1,54.43967831,18.3700
1623373885905000,1,54.40650469,18.3800
1623373885905000,1,135.95675488,18.3800
1623373887120000,1,54.43263290,18.3700
1623373888413000,1,54.43263290,18.3600
1623373897997000,1,54.42545609,18.3700
1623373900178000,1,54.42545609,18.3600
1623373900634000,0,5.26000000,18.3700
1623373906891000,1,54.47117914,18.3600
1623373912121000,1,54.47117914,18.3400
1623373923893000,0,54.56350393,18.3300
1623373923912000,0,0.00000001,18.3300
1623373924721000,0,17.25341610,18.3400
1623373924940000,0,37.26315797,18.3400
1623373924946000,0,0.00000001,18.3400
1623373933666000,1,54.51446705,18.3400
1623373935455000,0,2.50000000,18.3400
1623373936025000,0,136.30366275,18.3500
1623373936025000,0,54.51479094,18.3500
1623373943366000,0,2.50000000,18.3600
1623373943698000,0,51.95810783,18.3600
1623373954117000,0,0.00001057,18.4000
1623373978807000,1,54.17195829,18.4400
1623373978807000,1,135.52486068,18.4400
1623374002511000,1,11.19566342,18.4500
1623374041352000,0,54.27546321,18.4300
1623374041364000,0,0.00000001,18.4300
1623374069491000,0,135.18774875,18.5000
1623374069491000,0,50.28266351,18.5000
1623374069510000,0,3.78511045,18.5000
1623374080882000,0,53.98791718,18.5300
1623374080882000,0,134.97607282,18.5300
1623374081619000,0,53.94677304,18.5400
1623374081619000,0,134.86543696,18.5400
1623374084240000,0,53.89913205,18.5600
1623374088230000,1,53.88762017,18.5500
1623374093376000,1,53.88762017,18.5400
1623374093376000,1,44.19999983,18.5400
1623374093684000,1,216.42437000,18.5300
1623374093754000,1,134.10559951,18.5300
1623374093754000,1,55.89440049,18.5300
1623374093848000,1,78.96081895,18.5300
1623374094186000,1,53.94279000,18.5200
1623374094273000,1,0.00000121,18.5200
1623374094273000,1,134.85520879,18.5200
1623374104249000,1,54.03262000,18.5000
1623374104386000,1,0.00000652,18.5000
1623374105961000,1,54.07236241,18.4800
1623374105961000,1,135.09131759,18.4800
1623374109164000,1,135.25503000,18.4800
1623374119422000,0,54.06789581,18.5000
1623374129005000,0,53.98325000,18.5300
1623374136820000,1,53.97021000,18.5300
1623374138041000,1,101.04409000,18.5200
1623374138119000,1,33.88828190,18.5200
1623374138119000,1,53.97020810,18.5200
1623374147171000,0,54.01999000,18.5100
1623374155384000,0,54.00482722,18.5200
1623374162981000,0,92.07487000,18.5400
1623374166789000,0,53.95375000,18.5400
1623374172248000,1,53.94459000,18.5300
1623374205238000,1,53.99353000,18.4800
1623374205460000,1,0.00000206,18.4800
1623374210811000,0,54.14107000,18.4700
1623374211799000,0,54.11184000,18.4800
1623374222206000,1,135.34876670,18.4600
1623374222206000,1,54.15434330,18.4600
1623374224515000,1,54.15435000,18.4500
1623374229050000,0,54.21915000,18.4500
1623374234188000,1,54.25189000,18.4300
1623374236273000,0,54.24745000,18.4400
1623374241284000,0,54.22216000,18.4400
1623374244128000,0,54.25033000,18.4300
1623374247439000,0,54.25681000,18.4300
1623374250269000,0,54.25681000,18.4300
1623374258688000,1,54.25013359,18.4300
1623374274727000,0,54.30336169,18.4200
1623374274727000,0,135.74573831,18.4200
1623374277448000,0,54.27153375,18.4300
1623374277720000,0,26.55245876,18.4400
1623374277743000,0,109.07386360,18.4400
1623374277743000,0,52.04872014,18.4400
1623374277757000,0,2.19161113,18.4400
1623374278157000,0,352.51359000,18.4500
1623374283688000,0,54.17350237,18.4700
1623374291604000,0,54.14876000,18.4800
1623374296885000,1,54.11782000,18.4800
1623374307709000,1,54.14379000,18.4700
1623374314138000,0,54.16746000,18.4600
1623374316399000,0,54.14992000,18.4700
1623374318326000,0,54.11354000,18.4800
1623374344707000,1,54.21189000,18.4400
1623374350405000,0,54.27978000,18.4200
1623374356335000,1,135.72351491,18.4100
1623374356335000,1,54.30236509,18.4100
1623374365093000,1,135.83855859,18.3900
1623374365093000,1,54.37342141,18.3900
1623374366411000,1,136.01297020,18.3700
1623374366411000,1,13.98702980,18.3700
1623374366480000,1,40.41658000,18.3700
1623374368097000,0,54.45179000,18.3700
1623374372377000,1,54.44330000,18.3600
1623374375652000,0,65.00000000,18.3700
1623374375652000,0,50.00000000,18.3700
1623374375738000,0,4.44527252,18.3700
1623374375738000,0,136.23531748,18.3700
1623374377617000,0,136.07515703,18.3800
1623374377617000,0,54.41031740,18.3800
1623374380980000,0,54.38743122,18.3900
1623374380980000,0,135.95675488,18.3900
1623374380980000,0,353.57853390,18.3900
1623374389414000,0,54.35235000,18.4000
1623374389573000,0,0.00000543,18.4000
1623374389739000,0,135.87153000,18.4100
1623374389832000,0,0.00000319,18.4100
1623374389832000,0,54.32111681,18.4100
1623374390760000,0,135.74857193,18.4200
1623374390760000,0,54.30414807,18.4200
1623374390913000,0,0.00000272,18.4200
1623374391628000,0,65.00000000,18.4300
1623374396638000,1,54.29602000,18.4200
1623374399718000,0,54.29923373,18.4200
1623374399718000,0,135.74413627,18.4200
1623374401639000,0,54.27624656,18.4300
1623374402781000,0,135.64251145,18.4400
1623374402781000,0,54.24738855,18.4400
1623374403126000,0,0.00000426,18.4400
1623374403731000,0,54.20956066,18.4500
1623374403731000,0,135.51603934,18.4500
1623374409573000,1,54.20484000,18.4500
1623374412038000,0,28.25374000,18.4500
1623374414151000,1,65.00000000,18.4500
1623374414151000,1,30.00000000,18.4500
1623374414227000,1,105.46611180,18.4500
1623374414227000,1,4.53388820,18.4500
1623374414298000,1,49.65150000,18.4500
1623374428352000,1,54.19955000,18.4500
1623374446577000,1,54.19897086,18.4400
1623374448375000,1,54.24889000,18.4300
1623374462724000,0,54.24268000,18.4400
1623374485956000,1,44.30000000,18.4400
1623374485956000,1,54.18898000,18.4400
1623374490663000,1,54.25248000,18.4300
1623374490762000,1,0.00000822,18.4300
1623374496633000,1,54.28606395,18.4200
1623374496633000,1,10.71393605,18.4200
1623374496718000,1,124.98600000,18.4200
1623374498124000,1,54.30427000,18.4100
1623374501526000,1,54.30427000,18.4000
1623374508118000,0,54.37658000,18.4000
1623374508584000,0,0.00000979,18.4000
1623374514239000,1,5.00000000,18.3900
1623374521503000,0,54.39228339,18.3900
1623374521503000,0,135.97104661,18.3900
1623374523647000,0,54.35301192,18.4000
1623374523647000,0,135.87989808,18.4000
1623374524224000,0,54.32755237,18.4100
1623374524224000,0,70.67244763,18.4100
1623374524317000,0,65.14249000,18.4100
1623374540260000,1,54.29254000,18.4100
1623374543861000,0,54.31869962,18.4200
1623374543861000,0,135.79280038,18.4200
1623374550393000,0,54.24856000,18.4400
1623374550732000,0,0.00000992,18.4400
1623374554197000,1,54.20583000,18.4500
1623374555859000,1,44.40000000,18.4400
1623374555859000,1,54.20583000,18.4400
1623374565499000,0,54.24621000,18.4400
1623374575145000,0,2.50000000,18.4600
1623374575388000,0,51.68860271,18.4600
1623374588934000,1,54.14497000,18.4700
1623374595667000,0,54.10299000,18.4900
1623374595725000,0,0.00000763,18.4900
1623374598681000,1,54.10669841,18.4800
1623374598681000,1,135.26381855,18.4800
1623374603021000,1,44.20000000,18.4700
1623374604938000,1,54.15018000,18.4700
1623374608154000,1,54.15018709,18.4500
1623374608154000,1,135.45729291,18.4500
1623374611385000,1,54.15018000,18.4400
1623374612465000,1,135.45730386,18.4300
1623374612465000,1,54.24659614,18.4300
1623374614995000,1,54.24660000,18.4200
1623374621077000,0,54.27742000,18.4300
1623374623831000,0,135.62485081,18.4400
1623374623831000,0,54.23934739,18.4400
1623374630360000,1,54.19949458,18.4300
1623374630360000,1,135.50134542,18.4300
1623374650013000,1,54.26426445,18.4300
1623374650013000,1,135.63808555,18.4300
1623374650609000,1,0.00001031,18.4300
1623374655437000,1,54.29962383,18.4000
1623374659812000,0,54.35668859,18.4000
1623374659812000,0,135.88580141,18.4000
1623374672326000,0,54.32342000,18.4100
1623374676005000,1,54.30847000,18.4100
1623374676301000,1,0.00000087,18.4100
1623374679803000,1,54.30847000,18.4000
1623374683205000,0,54.34231000,18.4000
1623374688255000,0,54.31633000,18.4100
1623374695843000,0,54.32407624,18.4100
1623374695843000,0,135.80755376,18.4100
1623374696142000,0,0.00001235,18.4100
1623374697016000,1,2.49998765,18.4100
1623374697016000,1,54.31102604,18.4100
1623374697016000,1,135.78541631,18.4100
1623374701466000,0,54.28881000,18.4200
1623374714415000,0,54.26034000,18.4300
1623374721911000,1,54.26714000,18.4100
1623374726359000,1,54.32204000,18.4100
1623374730047000,0,54.31640460,18.4100
1623374730047000,0,65.00000000,18.4100
1623374730047000,0,135.80608540,18.4100
1623374734762000,0,54.29687000,18.4200
1623374736997000,1,54.28488000,18.4200
1623374753647000,0,65.00000000,18.4200
1623374753647000,0,54.30041000,18.4200
1623374754518000,0,65.00000000,18.4300
1623374761641000,1,54.23189212,18.4300
1623374761641000,1,135.57776788,18.4300
1623374764022000,1,65.00000000,18.4300
1623374764479000,1,65.00000000,18.4300
1623374766763000,0,54.28331746,18.4300
1623374766763000,0,10.71658254,18.4300
1623374774022000,0,54.32519000,18.4100
1623374775223000,1,54.32197000,18.4100
1623374777712000,1,54.32197000,18.4000
1623374785367000,0,54.35235000,18.4000
1623374796614000,1,135.71762049,18.4100
1623374796614000,1,24.28237951,18.4100
1623374800789000,1,54.32433000,18.4100
1623374823779000,0,54.37363323,18.3900
1623374823779000,0,135.96119124,18.3900
1623374828465000,0,54.33758898,18.4100
1623374828465000,0,135.84003478,18.4100
1623374829752000,0,54.27965000,18.4200
1623374832957000,1,54.29189000,18.4200
1623374837097000,1,54.29189000,18.4100
1623374848631000,1,54.35393000,18.4000
1623374855147000,1,54.35393000,18.3900
1623374860835000,1,136.01001034,18.3800
1623374860835000,1,50.60482966,18.3800
1623374866386000,0,54.45779000,18.3600
1623374867280000,0,2.50000000,18.3700
1623374867280000,0,54.42992000,18.3700
1623374867371000,0,0.00000963,18.3700
1623374871014000,0,54.41034000,18.3800
1623374871112000,0,0.00000214,18.3800
1623374873402000,1,2.49999786,18.3800
1623374873402000,1,38.29805214,18.3800
1623374879835000,1,2.40000000,18.3500
1623374884136000,0,65.00000000,18.3700
1623374884136000,0,136.13295289,18.3700
1623374884136000,0,13.86704711,18.3700
1623374893261000,0,54.36610000,18.4000
1623374897158000,1,54.34979000,18.3900
1623374911127000,0,54.37245000,18.3900
1623374911263000,0,0.00000069,18.3900
1623374917508000,0,10.63400000,18.4000
1623374924791000,1,135.81789537,18.3900
1623374924791000,1,54.36633463,18.3900
1623374936451000,0,54.36719000,18.4000
1623374945452000,0,54.30395145,18.4200
1623374964745000,1,35.19734139,18.4100
1623374964746000,1,100.53354227,18.4100
1623374964746000,1,54.30080326,18.4100
1623374964994000,1,54.33548466,18.4000
1623374989124000,0,54.35176462,18.4000
1623374989124000,0,135.88727538,18.4000
1623374995637000,1,54.34913000,18.3900
1623375001560000,0,54.38664000,18.3900
1623375003280000,0,54.34231000,18.4000
1623375015528000,1,54.24071711,18.4300
1623375015528000,1,44.19999289,18.4300
1623375017498000,1,54.27368000,18.4200
1623375031194000,1,54.29490000,18.4100
1623375031470000,1,0.00000658,18.4100
1623375034338000,0,2.49999342,18.4100
1623375034338000,0,26.85091476,18.4100
1623375034364000,0,27.48673969,18.4100
1623375041406000,1,54.28776737,18.4200
1623375041406000,1,135.70140263,18.4200
1623375049330000,0,54.32342073,18.4100
1623375049330000,0,111.22969927,18.4100
1623375052682000,1,54.27427000,18.4200
1623375062539000,0,54.27748000,18.4300
1623375068232000,0,54.22856000,18.4400
1623375068609000,0,0.00000611,18.4400
1623375076079000,1,54.18833384,18.4500
1623375076079000,1,135.47197616,18.4500
1623375091794000,1,54.23836000,18.4400
1623375141267000,0,111.18146000,18.4800
1623375143400000,1,54.10799000,18.4800
1623375143461000,1,0.00000488,18.4800
1623375145467000,1,54.10799488,18.4700
1623375145467000,1,135.34289512,18.4700
1623375145656000,1,0.00000966,18.4700
1623375146506000,1,54.14166229,18.4700
1623375167044000,0,54.07460000,18.4900
1623375170657000,1,54.06709000,18.4900
1623375179695000,0,111.04272000,18.5000
1623375189083000,1,54.14160000,18.4900
1623375203053000,0,0.00000224,18.5000
1623375216571000,1,135.02711344,18.5100
1623375216571000,1,53.99702656,18.5100
1623375224376000,1,54.01628000,18.5100
1623375226665000,0,110.93201660,18.5200
1623375226665000,0,53.98983340,18.5200
1623375226932000,0,0.00001651,18.5200
1623375256160000,1,53.97773000,18.5200
1623375260674000,1,65.00000000,18.5000
1623375263060000,0,54.08778000,18.4900
1623375263993000,1,54.06390000,18.4900
1623375271585000,1,10.93610000,18.5000
1623375271700000,1,43.10528000,18.5000
1623375303287000,0,54.08017000,18.4900
1623375322417000,1,54.00461000,18.5100
1623375356438000,1,54.03262652,18.5100
1623375360287000,0,1.87487007,18.5100
1623375361867000,0,52.16147305,18.5100
1623375361867000,0,110.94023695,18.5100
1623375366047000,0,110.90917279,18.5200
1623375400171000,1,134.82612823,18.5300
1623375400171000,1,53.92888798,18.5300
1623375401334000,1,53.92888000,18.5200
1623375401604000,1,0.00000798,18.5200
1623375415726000,0,54.06380000,18.5000
1623375432437000,0,111.00601810,18.5100
1623375432437000,0,131.88050190,18.5100
1623375436561000,1,53.99936000,18.5200
1623375455715000,0,53.97457000,18.5300
1623375458849000,1,53.96847000,18.5300
1623375463519000,1,53.96847000,18.5300
1623375463663000,1,0.00000138,18.5300
1623375477723000,1,53.94517999,18.5400
1623375477723000,1,134.83193001,18.5400
1623375491729000,0,2.50000000,18.5500
1623375491759000,0,20.00947189,18.5500
1623375491774000,0,31.41901098,18.5500
1623375492599000,0,53.86240092,18.5700
1623375492599000,0,134.64168908,18.5700
1623375501239000,1,53.84351611,18.5700
1623375501239000,1,134.60253389,18.5700
1623375523059000,1,53.85743590,18.5600
1623375532131000,0,110.58461000,18.5700
1623375533671000,0,0.00000759,18.5700
1623375535953000,1,53.80064000,18.5800
1623375543208000,0,53.81320000,18.5800
1623375562229000,1,134.53156110,18.5800
1623375562229000,1,53.80115890,18.5800
1623375572919000,1,53.79884626,18.5900
1623375581001000,1,53.79537000,18.5900
1623375581149000,1,0.00000324,18.5900
1623375591462000,1,53.79537000,18.5800
1623375591604000,1,0.00000324,18.5800
1623375591951000,1,349.85336522,18.5700
1623375591951000,1,134.54168478,18.5700
1623375592150000,1,0.00001238,18.5700
1623375611295000,1,53.89923000,18.5500
1623375611473000,1,0.00000851,18.5500
1623375612374000,1,53.93528724,18.5400
1623375625778000,1,53.95216000,18.5300
1623375652477000,0,110.79059462,18.5400
1623375652477000,0,53.94365142,18.5400
1623375652477000,0,60.26575396,18.5400
1623375661693000,1,53.94162000,18.5400
1623375664121000,0,53.92852453,18.5500
1623375666413000,1,53.90092000,18.5500
1623375681528000,1,134.75490777,18.5500
1623375681528000,1,53.90039223,18.5500
1623375686723000,1,53.90040062,18.5400
1623375686723000,1,134.81303938,18.5400
1623375703537000,0,134.76225338,18.5600
1623375703537000,0,53.89539141,18.5600
1623375705399000,1,53.88762000,18.5600
1623375709113000,1,53.88762000,18.5500
1623375717835000,0,53.93666000,18.5400
1623375725379000,0,53.93026000,18.5400
1623375736366000,1,53.91609000,18.5400
1623375740589000,0,53.93957000,18.5400
1623375745851000,0,110.73154131,18.5500
1623375745851000,0,134.82758249,18.5500
1623375745851000,0,53.91688620,18.5500
1623375752686000,0,53.88551748,18.5600
1623375766625000,1,53.88297000,18.5600
1623375766960000,1,0.00000423,18.5600
1623375866438000,0,53.95180019,18.5400
1623375872840000,0,53.90591040,18.5500
1623375872840000,0,134.77959960,18.5500
1623375875966000,0,53.88493000,18.5600
1623375877590000,0,53.85301000,18.5700
1623375881701000,1,53.85801000,18.5700
1623375900549000,1,53.85795000,18.5700
1623375900819000,1,0.00000632,18.5700
1623375921861000,1,53.82554000,18.5800
1623375924299000,0,53.80590000,18.5900
1623375928767000,0,53.74958000,18.6100
1623375929708000,0,53.70071000,18.6200
1623375937288000,0,53.67847000,18.6300
1623375950499000,0,53.65048000,18.6400
1623375952054000,0,53.62781541,18.6500
1623375953355000,1,53.64939173,18.6400
1623375953355000,1,134.08419827,18.6400
1623375977936000,0,53.65083000,18.6400
1623375979788000,1,53.65169000,18.6400
1623375987333000,1,53.65048000,18.6300
1623375998190000,1,53.66781000,18.6300
1623376002983000,0,53.68764294,18.6300
1623376002983000,0,134.21232706,18.6300
1623376008949000,0,53.70032000,18.6200
1623376038255000,0,53.74021000,18.6100
1623376044295000,0,53.74361000,18.6100
1623376045859000,0,53.70615000,18.6200
1623376050061000,0,53.69144000,18.6300
1623376056284000,0,53.66113000,18.6400
1623376059467000,1,53.64766000,18.6400
1623376065183000,0,53.66344000,18.6400
1623376079148000,0,53.60706000,18.6600
1623376093060000,0,2.33288252,18.6900
1623376093060000,0,53.51424748,18.6900
1623376099706000,1,53.53507787,18.6800
1623376099706000,1,133.81148638,18.6800
1623376099706000,1,43.70000000,18.6800
1623376122755000,0,109.94005296,18.6800
1623376136142000,1,53.54654467,18.6700
1623376136142000,1,133.89030533,18.6700
1623376136371000,1,0.00001172,18.6700
1623376138979000,1,53.58953000,18.6600
1623376142664000,1,0.00000242,18.6600
1623376149838000,0,53.61223000,18.6500
1623376150984000,0,53.60476144,18.6600
1623376150984000,0,134.00800856,18.6600
1623376154859000,1,53.59418000,18.6600
1623376159939000,0,53.58293000,18.6600
1623376178727000,0,53.52843000,18.6800
1623376191233000,0,2.00000000,18.6900
1623376204045000,1,53.50242000,18.6900
1623376204158000,1,0.00000440,18.6900
1623376216760000,1,53.52533494,18.6800
1623376216760000,1,133.79573138,18.6800
1623376220395000,1,53.55342000,18.6700
1623376220660000,1,0.00000711,18.6700
1623376223721000,1,53.58212000,18.6600
1623376228506000,0,53.57202483,18.6700
1623376239276000,1,53.55794000,18.6600
1623376239346000,1,0.00000837,18.6600
1623376256005000,0,53.60309418,18.6600
1623376256005000,0,121.99172582,18.6600
1623376256189000,0,12.01341998,18.6600
1623376256189000,0,110.06570002,18.6600
1623376260785000,1,53.58154879,18.6600
1623376267718000,1,53.63097000,18.6400
1623376272127000,0,53.68072000,18.6300
1623376292108000,0,53.71244200,18.6200
1623376292108000,0,134.27720800,18.6200
1623376299587000,0,53.67323000,18.6300
1623376300274000,0,99.16841810,18.6400
1623376300274000,0,53.64731190,18.6400
1623376303308000,1,53.66891409,18.6300
1623376303308000,1,112.93856591,18.6300
1623376316002000,0,53.69859000,18.6200
1623376318262000,0,134.26278987,18.6300
1623376318262000,0,10.73721013,18.6300
1623376321336000,1,53.66033000,18.6300
1623376321377000,1,0.00000165,18.6300
1623376339411000,1,53.65975000,18.6300
1623376339579000,1,0.00000576,18.6300
1623376376883000,0,53.68937237,18.6300
1623376376883000,0,66.31062763,18.6300
1623376376964000,0,21.86898000,18.6300
1623376401626000,1,105.00000000,18.6200
1623376401697000,1,29.17631842,18.6200
1623376401697000,1,53.68453049,18.6200
1623376421114000,1,53.70465494,18.6200
1623376421114000,1,134.25701506,18.6200
1623376442589000,0,88.23113318,18.6200
1623376442589000,0,36.76886682,18.6200
1623376442801000,0,16.96146000,18.6200
1623376443860000,0,0.00001055,18.6300
1623376443860000,0,53.68878945,18.6300
1623376448917000,1,53.66781000,18.6300
1623376473870000,1,53.66493000,18.6300
1623376474060000,1,0.00000927,18.6300
1623376477047000,0,2.50000000,18.6300
1623376477047000,0,53.68706649,18.6300
1623376485993000,1,53.67352000,18.6300
1623376499642000,0,53.67801778,18.6300
1623376499642000,0,88.17988222,18.6300
1623376517267000,1,53.68798000,18.6200
1623376527949000,1,53.70119407,18.6200
1623376535905000,0,88.17591000,18.6300
1623376556797000,1,53.62407000,18.6400
1623376558859000,1,53.66430584,18.6300
1623376566967000,1,53.67300451,18.6300
1623376585722000,0,53.65883561,18.6400
1623376599792000,1,53.64012000,18.6400
1623376602686000,1,0.00000546,18.6400
1623376622559000,1,53.67237081,18.6300
1623376622559000,1,134.17055761,18.6300
1623376626106000,1,53.69029533,18.6200
1623376633371000,1,53.71042000,18.6200
1623376641974000,1,53.67467000,18.6300
1623376642157000,1,0.00000553,18.6300
1623376642157000,1,134.15183842,18.6300
1623376651541000,1,53.65342000,18.6400
1623376651665000,1,0.00000171,18.6400
1623376653330000,1,53.65342000,18.6300
1623376667676000,1,53.67012379,18.6300
1623376683093000,1,53.69202502,18.6200
1623376683093000,1,106.30797498,18.6200
1623376692737000,0,53.70955721,18.6200
1623376692737000,0,66.17242279,18.6200
1623376708250000,0,0.00001507,18.6200
1623376708495000,0,53.69225000,18.6300
1623376727579000,0,53.67150000,18.6300
1623376752078000,1,53.68066000,18.6300
1623376752391000,1,0.00000873,18.6300
1623376770404000,0,66.10645000,18.6400
1623376776216000,1,53.62579000,18.6500
1623376776320000,1,0.00000971,18.6500
1623376776830000,1,134.10866020,18.6400
1623376776830000,1,348.61480618,18.6400
1623376776953000,0,53.62579971,18.6400
1623376790745000,1,53.65382000,18.6400
1623376801962000,0,53.70378000,18.6200
1623376806500000,0,134.17775869,18.6400
1623376806500000,0,53.66286678,18.6400
1623376810041000,1,53.63955000,18.6400
1623376814692000,1,53.63955000,18.6200
1623376825690000,0,53.76390000,18.6000
1623376831670000,1,53.77049000,18.6000
1623376844013000,0,53.81418000,18.5800
1623376849527000,0,53.79160000,18.5900
1623376849725000,0,0.00000593,18.5900
1623376855189000,1,53.77865000,18.5900
1623376855945000,1,0.00000208,18.5900
1623376868805000,1,53.81338122,18.5800
1623376868805000,1,116.18661878,18.5800
1623376868890000,1,18.34783000,18.5800
1623376869010000,1,0.00000819,18.5800
1623376870378000,1,53.81338000,18.5700
1623376870709000,1,0.00000122,18.5700
1623376872267000,1,134.53445697,18.5500
1623376872267000,1,53.81337303,18.5500
1623376872474000,1,0.00000819,18.5500
1623376877137000,1,53.93644000,18.5400
1623376877185000,1,0.00000537,18.5400
1623376892914000,0,54.01007732,18.5200
1623376893553000,0,65.00000000,18.5200
1623376903424000,1,53.99353000,18.5100
1623376911456000,1,54.03788233,18.4900
1623376911456000,1,135.06649767,18.4900
1623376923281000,0,54.06849358,18.5000
1623376948691000,0,54.05090000,18.5000
1623376957296000,0,10.94910000,18.5200
1623376957437000,0,43.06171431,18.5200
1623376957437000,0,55.46157569,18.5200
1623376968861000,1,53.97196000,18.5300
1623376969041000,1,0.00000682,18.5300
1623377000489000,1,53.99288000,18.5200
1623377009379000,1,53.98945000,18.5200
1623377031022000,0,53.99733755,18.5200
1623377031022000,0,55.44510443,18.5200
1623377031022000,0,134.99501802,18.5200
1623377035657000,1,53.99528135,18.5200
1623377043949000,1,53.99528000,18.5100
1623377044381000,1,0.00000135,18.5100
1623377057515000,0,54.05854000,18.5000
1623377057592000,0,0.00000303,18.5000
1623377057592000,0,135.14827697,18.5000
1623377064363000,0,54.05678000,18.5000
1623377074865000,1,135.11760636,18.5000
1623377074865000,1,54.03144364,18.5000
1623377082881000,0,54.07491000,18.4900
1623377113630000,0,54.07198000,18.5100
1623377128795000,1,53.98828487,18.5200
1623377133673000,1,135.00669633,18.5100
1623377133673000,1,54.00926367,18.5100
1623377153539000,1,54.03496000,18.5000
1623377224663000,1,54.06242296,18.4900
1623377259262000,1,54.11977000,18.4800
1623377261931000,0,54.10358000,18.4800
1623377274125000,0,54.10533000,18.4800
1623377274253000,0,0.00000937,18.4800
1623377287422000,0,54.10364000,18.4800
1623377293021000,1,135.29456332,18.4700
1623377293021000,1,54.12093668,18.4700
1623377297428000,0,54.10832955,18.4800
1623377297428000,0,55.57234045,18.4800
1623377301264000,0,0.00000973,18.4800
1623377307649000,0,55.55186000,18.4900
1623377308754000,0,0.00000964,18.4900
1623377308754000,0,55.55185036,18.4900
1623377312056000,1,54.03321000,18.5000
1623377341688000,1,54.03022000,18.5100
1623377341763000,1,0.00000914,18.5100
1623377357453000,1,53.96206000,18.5300
1623377363030000,1,53.94034198,18.5400
1623377363030000,1,64.99999802,18.5400
1623377371131000,1,53.94511000,18.5400
1623377415552000,0,53.83156525,18.5800
1623377422174000,1,53.75315000,18.6000
1623377422949000,1,53.75310000,18.5900
1623377423103000,1,0.00005403,18.5900
1623377423103000,1,134.46787597,18.5900
1623377436073000,1,11.24680000,18.5900
1623377436227000,1,27.01739717,18.5900
1623377436289000,1,15.52834118,18.5900
1623377438669000,1,53.83366060,18.5700
1623377443031000,1,53.83366060,18.5500
1623377444875000,0,53.90416000,18.5500
1623377449449000,0,53.88784043,18.5600
1623377449449000,0,134.71569600,18.5600
1623377458910000,1,53.88465000,18.5500
1623377460797000,1,53.92395000,18.5400
1623377464365000,1,53.92395000,18.5200
1623377476042000,1,54.05657000,18.4900
1623377476537000,1,0.00000793,18.4900
1623377477544000,1,54.11274000,18.4800
1623377480438000,0,2.50000000,18.4900
1623377480438000,0,54.10299000,18.4900
1623377487797000,1,54.10571548,18.4700
1623377487797000,1,135.26819452,18.4700
1623377493625000,1,54.16531000,18.4600
1623377493787000,1,0.00000253,18.4600
1623377495471000,0,54.17751000,18.4600
1623377520886000,1,54.20595000,18.4500
1623377521039000,1,0.00000816,18.4500
1623377526122000,0,44.53938000,18.4500
1623377532660000,0,0.00000792,18.4500
1623377532660000,0,44.53148208,18.4500
1623377546731000,1,54.19897086,18.4400
1623377554311000,1,54.23659842,18.4300
1623377561411000,1,54.29372000,18.4200
1623377564524000,1,54.29372000,18.4100
1623377571120000,0,44.57446120,18.4400
1623377571120000,0,54.23744880,18.4400
1623377576620000,0,0.00001588,18.4500
1623377576620000,0,54.19981412,18.4500
1623377576963000,0,0.00001272,18.4500
1623377585145000,0,54.13990000,18.4700
1623377586177000,0,54.12115000,18.4800
1623377587167000,0,54.08017000,18.4900
1623377594615000,0,54.10832000,18.4900
1623377597290000,1,135.17897697,18.4900
1623377597290000,1,54.07053303,18.4900
1623377602561000,0,54.09311003,18.4900
1623377602561000,0,135.22430997,18.4900
1623377610869000,1,54.10337000,18.4500
1623377616252000,0,54.20276000,18.4500
1623377625591000,0,54.20270000,18.4500
1623377633201000,1,54.17371000,18.4600
1623377658527000,0,135.28284938,18.4900
1623377658527000,0,54.10124146,18.4900
1623377660691000,1,54.05768000,18.5000
1623377666298000,1,54.06125000,18.5000
1623377680459000,1,54.05833000,18.4900
1623377681079000,1,0.00000130,18.4900
1623377698645000,1,54.05774000,18.5000
1623377698876000,1,0.00000683,18.5000
1623377708138000,0,53.98604000,18.5300
1623377712038000,1,134.89160111,18.5300
1623377712038000,1,53.95506889,18.5300
1623377732965000,1,53.95507637,18.5200
1623377732965000,1,134.98481363,18.5200
1623377743951000,1,54.00811000,18.5000
1623377745415000,1,135.12490947,18.4900
1623377745415000,1,54.06942053,18.4900
1623377745939000,1,0.00001813,18.4900
1623377750346000,1,54.06943000,18.4700
1623377752643000,0,54.13404000,18.4700
1623377756816000,1,54.13852000,18.4700
1623377770785000,1,135.42061643,18.4500
1623377770785000,1,17.05972357,18.4500
1623377770866000,1,37.12331000,18.4500
1623377770975000,1,0.00001520,18.4500
1623377772710000,1,54.18304000,18.4400
1623377775845000,0,54.24451000,18.4400
1623377783412000,1,54.18304000,18.4200
1623377783463000,1,0.00000877,18.4200
1623377786816000,0,65.00000000,18.4300
1623377794565000,0,54.26093259,18.4300
1623377794565000,0,135.66605741,18.4300
1623377798132000,1,54.25183000,18.4300
1623377804692000,0,54.29635000,18.4200
1623377809251000,0,44.59921724,18.4300
1623377809251000,0,54.26916276,18.4300
1623377820336000,1,54.25831000,18.4300
1623377820589000,1,0.00000118,18.4300
1623377822237000,1,54.28783000,18.4200
1623377843529000,0,54.31987982,18.4100
1623377843529000,0,80.68012018,18.4100
1623377843617000,0,55.13925092,18.4100
1623377843617000,0,44.64017908,18.4100
1623377849635000,0,0.00001389,18.4100
1623377852074000,1,54.30958000,18.4100
1623377855102000,0,54.31168000,18.4100
1623377855458000,0,0.00000466,18.4100
1623377864185000,0,44.61922000,18.4200
1623377879375000,0,0.00000377,18.4200
1623377879468000,0,44.59119591,18.4300
1623377879468000,0,20.40880409,18.4300
1623377879595000,0,115.27346061,18.4300
1623377879595000,0,46.27691939,18.4300
1623377883521000,0,135.45583598,18.4600
1623377883521000,0,54.18390501,18.4600
1623377889050000,0,54.17281000,18.4600
1623377895515000,1,54.15904000,18.4600
1623377898659000,0,54.15228000,18.4700
1623377908114000,1,54.12146000,18.4700
1623377913695000,1,54.16374000,18.4600
1623377937564000,1,54.14197000,18.4700
1623377937718000,1,0.00000790,18.4700
1623377938322000,1,54.13917000,18.4600
1623377944306000,0,44.49831971,18.4700
1623377944306000,0,54.16048029,18.4700
1623377944746000,0,0.00001175,18.4700
1623377944746000,0,44.49830825,18.4700
1623377948567000,0,0.00001146,18.4700
1623377977109000,1,54.11619000,18.4800
1623377980855000,1,54.11619000,18.4700
1623377992166000,1,54.14673000,18.4600
1623378000268000,0,2.67764990,18.4700
1623378007271000,0,33.37435245,18.4700
1623378007271000,0,54.15631755,18.4700
1623378011892000,1,54.13676493,18.4700
1623378018066000,0,54.14459000,18.4700
1623378022425000,1,135.35902628,18.4600
1623378022425000,1,54.14255372,18.4600
1623378043750000,1,54.12094000,18.4800
1623378043899000,1,0.00000284,18.4800
1623378045480000,1,54.11742000,18.4700
1623378063076000,1,54.15083679,18.4700
1623378071493000,1,54.14842777,18.4700
1623378071493000,1,135.35022223,18.4700
1623378071702000,1,0.00001003,18.4700
1623378080189000,0,54.12472938,18.4800
1623378086819000,1,54.12094000,18.4800
1623378090436000,0,2.67770000,18.4900
1623378109929000,1,54.02970000,18.5100
1623378125229000,0,33.28841097,18.5200
1623378125229000,0,135.04315979,18.5200
1623378125229000,0,41.66842924,18.5200
1623378133362000,1,53.99442000,18.5100
1623378134214000,1,0.00000194,18.5100
1623378159410000,0,53.95333705,18.5400
1623378162422000,0,53.92387000,18.5500
1623378174005000,1,53.91144000,18.5500
1623378174123000,1,0.00000317,18.5500
1623378174123000,1,7.70600180,18.5500
1623378174204000,1,33.14844179,18.5500
1623378174214000,1,16.63244749,18.5500
1623378174344000,1,77.27963938,18.5500
1623378198047000,0,53.89771521,18.5600
1623378209402000,0,53.84837000,18.5700
1623378213296000,0,33.17992341,18.5800
1623378213296000,0,53.82576659,18.5800
1623378214107000,0,0.00000377,18.5800
1623378222923000,1,2.53180661,18.5700
1623378226690000,1,134.63444057,18.5600
1623378226690000,1,53.86258943,18.5600
1623378251467000,1,53.87072000,18.5600
1623378264503000,1,53.87072000,18.5500
1623378264711000,1,0.00000258,18.5500
1623378265468000,1,53.90679000,18.5400
1623378297804000,1,53.97138421,18.5300
1623378302608000,0,33.25821104,18.5300
1623378302701000,1,33.25821104,18.5300
1623378304716000,0,53.95238233,18.5400
1623378304718000,0,0.00000001,18.5400
1623378309284000,0,53.88145000,18.5600
1623378324062000,1,53.81106000,18.5800
1623378335391000,1,53.79537000,18.5900
1623378337608000,1,134.51418856,18.5800
1623378337608000,1,40.48581144,18.5800
1623378337702000,1,13.30955000,18.5800
1623378363871000,0,53.84721766,18.5800
1623378371412000,0,53.78061306,18.6000
1623378371412000,0,33.15015694,18.6000
1623378372149000,0,0.00000577,18.6000
1623378373063000,1,53.74858396,18.6000
1623378373063000,1,2.49999604,18.6000
1623378373982000,1,0.00000396,18.6000
1623378373982000,1,134.47222342,18.5900
1623378373982000,1,53.74857262,18.5900
1623378378915000,1,53.80006000,18.5900
1623378401614000,0,53.84663000,18.5700
1623378405857000,1,53.85859000,18.5700
1623378422138000,1,53.82960000,18.5800
1623378425053000,1,53.82960000,18.5700
1623378425177000,1,0.00000350,18.5700
1623378427045000,1,53.82960000,18.5600
1623378437871000,1,53.82960000,18.5500
1623378461971000,1,53.90615000,18.5500
1623378468468000,0,53.90410670,18.5500
1623378468468000,0,134.77669330,18.5500
1623378486688000,1,53.90969000,18.5500
1623378497376000,0,53.89481049,18.5600
1623378512291000,0,53.87042000,18.5600
1623378529661000,1,53.82264000,18.5800
1623378595085000,1,53.85047000,18.5700
1623378618054000,0,98.51354000,18.5800
1623378618144000,0,36.10060202,18.5800
1623378618144000,0,53.83851798,18.5800
1623378647651000,1,53.77171000,18.5900
1623378665673000,0,22.09496518,18.6000
1623378665673000,0,53.78175482,18.6000
1623378676694000,1,53.75032000,18.6000
1623378677120000,1,0.00000318,18.6000
1623378717439000,0,22.08384063,18.6100
1623378730888000,0,2.50000000,18.6200
1623378737766000,1,2.50000000,18.6000
1623378737776000,1,51.24390935,18.6000
1623378750129000,0,22.09222000,18.6000
1623378750255000,0,0.00000150,18.6000
1623378763587000,0,22.08262000,18.6100
1623378772623000,0,0.00000139,18.6100
1623378772623000,0,22.08262139,18.6100
1623378772623000,0,53.72570722,18.6100
1623378773188000,0,22.08262139,18.6100
1623378779303000,1,31.65204647,18.6100
1623378788919000,0,53.71301899,18.6200
1623378789236000,0,53.68015011,18.6300
1623378800972000,1,53.59872000,18.6600
1623378801013000,1,0.00000406,18.6600
1623378803428000,1,53.61487000,18.6500
1623378820358000,1,53.59360998,18.6600
1623378831435000,1,53.54425092,18.6700
1623378831435000,1,0.13584908,18.6700
1623378838119000,0,38.45319546,18.6600
1623378850775000,1,133.60124000,18.7100
1623378853307000,1,53.47438000,18.6900
1623378855281000,1,53.47438000,18.6800
1623378857003000,0,53.51297000,18.6900
1623378858681000,1,0.00000569,18.6800
1623378858681000,1,119.99999431,18.6800
1623378862540000,1,53.50070000,18.6900
1623378862970000,1,0.00000690,18.6900
1623378868774000,1,53.51158000,18.6800
1623378870075000,1,82.81093000,18.6700
1623378870151000,1,50.97191369,18.6700
1623378870151000,1,53.51157631,18.6700
1623378902092000,1,53.54941000,18.6700
1623378910602000,0,53.56628569,18.6700
1623378910602000,0,11.00551431,18.6700
1623378911166000,0,0.00000617,18.6700
1623378933192000,0,53.60706025,18.6600
1623378933192000,0,11.01291938,18.6600
1623378936916000,1,53.58614000,18.6600
1623378959725000,0,11.01369587,18.6600
1623378959725000,0,53.60878449,18.6600
1623378976906000,1,53.60050000,18.6500
1623378977198000,1,0.00000453,18.6500
1623378995299000,0,53.66926019,18.6300
1623378995299000,0,32.73602981,18.6300
1623378995375000,0,101.46621835,18.6300
1623379000102000,1,53.66545000,18.6300
1623379019046000,1,53.68568000,18.6300
1623379019378000,1,0.00000335,18.6300
1623379023137000,0,11.02810000,18.6300
1623379027709000,0,0.00000019,18.6300
1623379027709000,0,11.02808596,18.6300
1623379028802000,0,53.66056000,18.6400
1623379080918000,0,11.03073757,18.6300
1623379091188000,0,11.02333000,18.6400
1623379091935000,0,53.63696000,18.6500
1623379125976000,1,90.52284000,18.6200
1623379126053000,1,53.68164853,18.6200
1623379157516000,0,53.69744000,18.6200
1623379170750000,0,53.73206000,18.6100
1623379179172000,0,53.73628000,18.6100
1623379195687000,0,53.72923808,18.6100
1623379195687000,0,116.27076192,18.6100
1623379195784000,0,18.10605217,18.6100
1623379202772000,0,53.72646000,18.6100
1623379227002000,1,53.77027000,18.5900
1623379231068000,1,53.79138000,18.5900
1623379254012000,0,53.81418434,18.5800
1623379254012000,0,11.05697566,18.5800
1623379275248000,1,53.85395000,18.5700
1623379282061000,0,11.06408981,18.5700
1623379282061000,0,53.85242019,18.5700
1623379287089000,0,0.00000649,18.5800
1623379287089000,0,11.05820498,18.5800
1623379287244000,1,11.05820498,18.5800
1623379293219000,0,11.05248000,18.5900
1623379304588000,0,53.78587852,18.5900
1623379304588000,0,11.05225148,18.5900
1623379305287000,0,0.00001780,18.5900
1623379310709000,1,53.73761000,18.6100
1623379326518000,0,53.72629329,18.6100
1623379326518000,0,59.31557671,18.6100
1623379326598000,0,75.03379615,18.6100
1623379326598000,0,11.04032385,18.6100
1623379338787000,0,53.74015173,18.6100
1623379338787000,0,11.03996589,18.6100
1623379338787000,0,60.21988238,18.6100
1623379338874000,0,74.12660258,18.6100
1623379338901000,1,11.03996589,18.6100
1623379353045000,0,11.03377000,18.6200
1623379371947000,1,53.70759729,18.6100
1623379371947000,1,134.27287271,18.6100
1623379372064000,1,0.00001276,18.6100
1623379395051000,0,134.37536953,18.6100
1623379395051000,0,11.04142710,18.6100
1623379395051000,0,35.28922337,18.6100
1623379395128000,0,18.46363822,18.6100
1623379415374000,0,0.00000637,18.6200
1623379415374000,0,11.03412363,18.6200
1623379420597000,1,53.70580000,18.6100
1623379420735000,1,0.00000866,18.6100
1623379426770000,0,11.03843000,18.6100
1623379433376000,1,53.72375000,18.6100
1623379433536000,1,0.00000585,18.6100
1623379439730000,0,11.04550000,18.6000
1623379452351000,0,11.04020000,18.6100
1623379456317000,0,0.00000876,18.6100
1623379469556000,1,53.71394414,18.6100
1623379506872000,1,53.69427000,18.6100
1623379507905000,1,0.00000366,18.6100
1623379509313000,1,120.00000000,18.6000
1623379509324000,1,2.50000000,18.6000
1623379509383000,1,11.83926576,18.6000
1623379509383000,1,53.74223469,18.6000
1623379520380000,0,53.74339004,18.6100
1623379535973000,0,53.72687058,18.6100
1623379535973000,0,11.03880942,18.6100
1623379538261000,0,0.00000437,18.6100
1623379538261000,0,11.03881379,18.6100
1623379538545000,0,11.03880000,18.6100
1623379538634000,0,0.00001379,18.6100
1623379563110000,0,0.00001128,18.6200
1623379563363000,0,31.66560000,18.6300
1623379572827000,1,53.64875000,18.6300
1623379601981000,1,53.65054000,18.6400
1623379618542000,0,53.63651000,18.6500
1623379622863000,0,53.60750000,18.6600
1623379624525000,0,53.56284000,18.6700
1623379646418000,1,53.56088000,18.6700
1623379664249000,0,53.58924000,18.6600
1623379675932000,0,53.58643459,18.6600
1623379675932000,0,133.98071541,18.6600
1623379732976000,1,53.53794000,18.6800
1623379736413000,1,53.55342000,18.6700
1623379738853000,0,53.56858000,18.6700
1623379747190000,0,53.52385000,18.6900
1623379755615000,1,53.50700000,18.6800
1623379802138000,1,53.54138000,18.6700
1623379818717000,0,53.52328000,18.6900
1623379867742000,0,53.50953000,18.6900
1623379880024000,0,53.47796975,18.7000
1623379880024000,0,133.71271025,18.7000
1623379899673000,1,53.48124000,18.7000
1623379916709000,0,53.47577017,18.7000
1623379916709000,0,133.70126983,18.7000
1623379924240000,1,53.46409000,18.7000
1623379962092000,1,53.50356000,18.6900
1623379999549000,0,53.46947000,18.7000
1623380010247000,0,53.44895000,18.7100
1623380019888000,0,53.42663000,18.7200
1623380021953000,1,53.40983000,18.7200
1623380113026000,1,53.36138511,18.7400
1623380113026000,1,133.39308489,18.7400
1623380126197000,1,53.40407775,18.7200
1623380126197000,1,133.52417225,18.7200
1623380132418000,0,53.41521000,18.7200
1623380139855000,1,53.40967000,18.7200
1623380199301000,0,53.41241000,18.7200
1623380205057000,1,53.41548000,18.7200
1623380243815000,1,53.44751000,18.7100
1623380243994000,1,0.00000902,18.7100
1623380244722000,0,10.96470535,18.7000
1623380246243000,0,2.50000000,18.7100
1623380253894000,0,133.55414285,18.7200
1623380255102000,0,133.51395096,18.7300
1623380255102000,0,6.48604904,18.7300
1623380269307000,0,15.13233724,18.7400
1623380275052000,0,38.23498000,18.7400
1623380285838000,1,53.33406000,18.7500
1623380300458000,1,53.36594000,18.7300
1623380309385000,0,53.40551000,18.7300
1623380314900000,1,10.96470000,18.7400
1623380335335000,1,53.39666000,18.7300
1623380335718000,1,0.00000344,18.7300
1623380344188000,0,53.38043000,18.7400
1623380344189000,0,0.00000064,18.7400
1623380344639000,0,53.32577840,18.7500
1623380389195000,0,10.96474000,18.7300
1623380399552000,0,0.00000306,18.7300
1623380400490000,0,53.35081345,18.7500
1623380400490000,0,133.37315655,18.7500
1623380405803000,0,3.29786774,18.7700
1623380405927000,0,31.79800000,18.7700
1623380406066000,0,3.91034396,18.7700
1623380406079000,0,2.50000000,18.7700
1623380406331000,0,11.78944204,18.7700
1623380412597000,0,53.22845000,18.7700
1623380413883000,0,65.00000000,18.7800
1623380413883000,0,2.40000000,18.7800
1623380420085000,1,2.50000000,18.8400
1623380424408000,0,2.50000000,18.8400
1623380430927000,1,52.99207000,18.8700
1623380431307000,1,12.00793000,18.8700
1623380433585000,0,52.99963000,18.8700
1623380434984000,1,52.99937000,18.8700
1623380435541000,1,0.00000525,18.8700
1623380435541000,1,64.99999475,18.8700
1623380435837000,1,0.00000525,18.8700
1623380438990000,0,53.00975000,18.8700
1623380444265000,0,52.97493000,18.8800
1623380447073000,0,132.41104626,18.8900
1623380447073000,0,42.90000000,18.8900
1623380447073000,0,52.94916374,18.8900
1623380450757000,1,65.00000000,18.8900
1623380450757000,1,70.00000000,18.8900
1623380451565000,1,65.00000000,18.8800
1623380451565000,1,70.00000000,18.8800
1623380466160000,0,53.06882000,18.8500
1623380474154000,0,53.02658000,18.8600
1623380489617000,0,42.00000000,18.8500
1623380489711000,0,11.04855858,18.8500
1623380492845000,0,53.03055000,18.8600
1623380494538000,0,2.50000000,18.8700
1623380494591000,0,130.05143404,18.8700
1623380494591000,0,53.01004827,18.8700
1623380498987000,0,52.97345000,18.9000
1623380502585000,1,52.85706000,18.9100
1623380514182000,1,52.85635756,18.9000
1623380517640000,1,52.90124000,18.9000
1623380517742000,1,0.00000176,18.9000
1623380517742000,1,132.25972824,18.9000
1623380519481000,0,52.91326643,18.9100
1623380519481000,0,132.27932357,18.9100
1623380527825000,0,52.84671000,18.9200
1623380534400000,1,52.80012000,18.9400
1623380535137000,1,132.02923655,18.9300
1623380535137000,1,52.80011345,18.9300
1623380547103000,1,52.82188000,18.9300
1623380556943000,1,52.85091000,18.9200
1623380562010000,1,52.86252000,18.9200
1623380562056000,1,0.00000299,18.9200
1623380564882000,1,52.84421000,18.9200
1623380570396000,1,52.84812000,18.9200
1623380580209000,1,52.85530000,18.9200
1623380580286000,1,0.00003611,18.9200
1623380580408000,1,52.86252299,18.9100
1623380580408000,1,132.18980341,18.9100
1623380580408000,1,214.94767360,18.9100
1623380580434000,1,2.50000000,18.9100
1623380580525000,1,126.15650494,18.9100
1623380580694000,0,52.85533611,18.9100
1623380589927000,1,52.85920000,18.9200
1623380598374000,1,28.12880000,18.9200
1623380613392000,1,52.85929000,18.9200
1623380630475000,0,16.40055380,18.9200
1623380630511000,0,31.79800000,18.9200
1623380638540000,1,52.77003000,18.9500
1623380670810000,1,131.83707047,18.9500
1623380670810000,1,52.75494953,18.9500
1623380671227000,1,0.00000293,18.9500
1623380671432000,1,185.00000000,18.9400
1623380677857000,1,52.76451000,18.9500
1623380695870000,1,52.75165000,18.9500
1623380713626000,0,52.78311979,18.9500
1623380713626000,0,38.27178021,18.9500
1623380737389000,1,52.83806000,18.9200
1623380746674000,0,52.91774638,18.9000
1623380746674000,0,132.28492362,18.9000
1623380759704000,0,90.00000000,18.9100
1623380759799000,0,52.89703296,18.9100
1623380763214000,0,52.87913000,18.9100
1623380763358000,0,0.00000173,18.9100
1623380805581000,0,52.90725000,18.9000
1623380814152000,0,125.00000000,18.9200
1623380821476000,1,52.78005000,18.9400
1623380840303000,1,52.81295000,18.9300
1623380847313000,1,52.83974000,18.9200
1623380860573000,0,52.85286000,18.9200
1623380870160000,1,52.81295000,18.9100
1623380883020000,1,52.86209004,18.9100
1623380891952000,0,52.91270000,18.9000
1623380896849000,1,52.88161000,18.9100
1623380899931000,1,100.00000000,18.9000
1623380911498000,0,52.87582000,18.9100
1623380913797000,1,52.86823000,18.9100
1623380918752000,0,52.87465000,18.9100
1623380932550000,0,52.85827000,18.9200
1623380940556000,1,52.84365000,18.9200
1623380941668000,1,90.00000000,18.9100
1623380943179000,0,2.50000000,18.9200
1623380947857000,0,497.27895000,18.9400
1623380948485000,0,275.00000000,18.9400
1623380948572000,0,140.00000000,18.9400
1623380949076000,0,415.00000000,18.9400
1623380949188000,0,405.00000000,18.9400
1623380949327000,0,215.00000000,18.9400
1623380949439000,0,2.50000000,18.9400
1623380949474000,0,144.85105000,18.9400
1623380953423000,1,52.70657026,18.9700
1623380954807000,1,2.40000000,18.9600
1623380954807000,1,131.79953817,18.9600
1623380954807000,1,65.00000000,18.9600
1623380954807000,1,52.70657026,18.9600
1623380962404000,1,131.84402000,18.9600
1623380965114000,1,342.71383640,18.9500
1623380965114000,1,131.84401360,18.9500
1623380965565000,1,52.77448000,18.9500
1623380970972000,1,52.79009061,18.9400
1623380970972000,1,118.42088939,18.9400
1623380984384000,1,131.97905228,18.9300
1623380984384000,1,52.81182772,18.9300
1623380998919000,1,52.77448000,18.9500
1623381005544000,1,52.72495821,18.9600
1623381007491000,1,52.72495821,18.9500
1623381007491000,1,69.70968179,18.9500
1623381007572000,1,62.18998000,18.9500
1623381011343000,1,12.27510000,18.9400
1623381011562000,1,40.44985821,18.9400
1623381011562000,1,72.36016179,18.9400
1623381013672000,1,52.81351000,18.9300
1623381015166000,1,52.81351000,18.9200
1623381024957000,1,109.37298000,18.9000
1623381033469000,0,52.91102000,18.9000
1623381042506000,1,52.90404053,18.9000
1623381042506000,1,40.00697947,18.9000
1623381042584000,1,92.25695000,18.9000
1623381053714000,0,52.92950000,18.8900
1623381055978000,1,52.93933000,18.8900
1623381056783000,1,92.73322000,18.8800
1623381056867000,1,2.50000000,18.8800
1623381056913000,1,37.07831545,18.8800
1623381056913000,1,52.93933043,18.8800
1623381077754000,0,53.07277000,18.8500
1623381078772000,0,53.04011000,18.8600
1623381082833000,0,132.51773000,18.8700
1623381083124000,0,53.00862000,18.8700
1623381087139000,0,52.99009000,18.8700
1623381091123000,0,52.96946840,18.8800
1623381092175000,0,52.93306000,18.8900
1623381092437000,0,52.90155150,18.9000
1623381098552000,1,52.90963000,18.9000
1623381101874000,0,52.95641000,18.8900
1623381103179000,0,52.92675000,18.9000
1623381112107000,1,52.91691869,18.9000
1623381112107000,1,73.47236131,18.9000
1623381112280000,1,58.79717000,18.9000
1623381117186000,1,52.91691000,18.8900
1623381121888000,0,52.93348000,18.8900
1623381126154000,1,132.24014811,18.9000
1623381126154000,1,2.75985189,18.9000
1623381126310000,1,50.13466000,18.9000
1623381138485000,0,52.95927000,18.8800
1623381154331000,0,52.95417000,18.8900
1623381161023000,0,52.94015000,18.8900
1623381161292000,0,0.00000752,18.8900
1623381205966000,0,53.04410000,18.8500
1623381257547000,0,132.84164214,18.8300
1623381257547000,0,53.12407786,18.8300
1623381262500000,1,53.10182000,18.8300
1623381275953000,0,53.11223000,18.8300
1623381308160000,0,53.09700000,18.8400
1623381309769000,0,53.06319000,18.8500
1623381312956000,0,53.03563000,18.8600
1623381323388000,0,132.44050772,18.8800
1623381323388000,0,24.40511228,18.8800
1623381323477000,0,28.57879000,18.8800
1623381333019000,1,52.91523857,18.8800
1623381340504000,1,52.97298000,18.8800
1623381357499000,1,132.42647682,18.8700
1623381357499000,1,2.57352318,18.8700
1623381357950000,1,50.40170000,18.8700
1623381376676000,1,56.97014196,18.8600
1623381376859000,1,2.50000000,18.8600
1623381376976000,1,40.79896029,18.8600
1623381376976000,1,7.51309778,18.8600
1623381376994000,1,293.69663474,18.8600
1623381376994000,1,52.97237305,18.8600
1623381386250000,1,28.61706596,18.8700
1623381390246000,1,43.07218000,18.8800
1623381390819000,1,110.79731000,18.8700
1623381390957000,1,220.00000000,18.8700
1623381391449000,1,131.68375000,18.8700
1623381392038000,1,155.00000000,18.8700
1623381402049000,1,65.00000000,18.8900
1623381403222000,0,52.95080947,18.8900
1623381411527000,0,52.96090000,18.8900
1623381414027000,1,65.00000000,18.8800
1623381419696000,0,53.00300000,18.8700
1623381422049000,0,52.97605486,18.8800
1623381422191000,0,34.65261845,18.8800
1623381428183000,0,65.00000000,18.9000
1623381437154000,1,52.91187000,18.8900
1623381442948000,1,52.95498000,18.8800
1623381444887000,0,52.96651000,18.8800
1623381450634000,0,52.96483000,18.8800
1623381481541000,1,52.97180000,18.8800
1623381481553000,1,0.00006119,18.8800
1623381493892000,0,15.55375471,18.8700
1623381495804000,0,15.04362920,18.8900
1623381495866000,0,7.04990998,18.8900
1623381495911000,0,2.50000000,18.8900
1623381496058000,0,28.36007414,18.8900
1623381507033000,1,52.91411855,18.8900
1623381507086000,0,43.39999145,18.8900
1623381507382000,1,68.99830000,18.8900
1623381507521000,1,19.93005000,18.8900
1623381515158000,0,52.95249000,18.8900
1623381516220000,1,52.94493000,18.8900
1623381523000000,0,52.94352083,18.8900
1623381523000000,0,132.35495917,18.8900
1623381524170000,1,52.94381000,18.8900
1623381532407000,1,2.50000000,18.8800
1623381532465000,1,62.50000000,18.8800
1623381532465000,1,52.95390824,18.8800
1623381533390000,0,132.42086000,18.8800
1623381541135000,0,52.95814000,18.8800
1623381542840000,0,78.24206000,18.8900
1623381542930000,0,54.12692118,18.8900
1623381542930000,0,52.93006882,18.8900
1623381607334000,0,100.00000000,18.9100
1623381607494000,0,32.26393000,18.9100
1623381620059000,1,52.88501473,18.9100
1623381620059000,1,132.18559527,18.9100
1623381633037000,1,65.00000000,18.9100
1623381633113000,1,67.18560975,18.9100
1623381710426000,0,92.93529000,18.8800
1623381710514000,0,39.53328845,18.8800
1623381710514000,0,21.75049694,18.8800
1623381710514000,0,23.71621461,18.8800
1623381726715000,0,52.97493233,18.8800
1623381747246000,0,52.95529000,18.8900
1623381753824000,1,52.94605000,18.8900
1623381760610000,1,52.94269000,18.8900
1623381801497000,1,95.04148000,18.8800
1623381808075000,1,52.96905000,18.8800
1623381815899000,0,52.96988000,18.8800
1623381841843000,0,52.95646666,18.8900
1623381850154000,1,52.91691000,18.8900
1623381862729000,0,43.30000000,18.9000
1623381868598000,1,52.89671000,18.9000
1623381893021000,1,52.91691869,18.8900
1623381893021000,1,32.52675131,18.8900
1623381906234000,0,132.29753186,18.9000
1623381906234000,0,17.70246814,18.9000
1623381911899000,1,52.90460032,18.9000
1623381911899000,1,132.25552968,18.9000
1623381968748000,1,80.00000000,18.8800
1623381968775000,1,32.52670000,18.8800
1623381968822000,1,19.80864836,18.8800
1623381968822000,1,52.94830044,18.8800
1623382018510000,1,53.01117000,18.8600
1623382020567000,0,53.01935000,18.8600
1623382058221000,0,21.76968000,18.8600
1623382063222000,0,0.00000534,18.8600
1623382073288000,1,52.97339000,18.8700
1623382166118000,0,43.10000000,18.8900
1623382172794000,1,52.89004964,18.9000
1623382172794000,1,17.10995036,18.9000
1623382194060000,1,52.93148416,18.8900
1623382203121000,0,52.94647112,18.8900
1623382224375000,0,52.98840000,18.8700
1623382239504000,1,53.00274000,18.8700
1623382246557000,0,21.76697000,18.8700
1623382259456000,1,52.99544000,18.8600
1623382276665000,1,53.02916000,18.8500
1623382300186000,0,53.12916000,18.8200
1623382305426000,0,53.12695000,18.8200
1623382305481000,0,0.00000636,18.8200
