timestamp ms,type,amount,price
1623456059578000,0,36.89120662,17.6700
1623456070552000,1,38.02985201,17.6800
1623456074628000,0,31.36000000,17.7100
1623456074638000,0,5.28811546,17.7100
1623456081685000,1,16.16252562,17.7000
1623456081686000,1,40.29960913,17.7000
1623456082588000,1,56.56509644,17.6700
1623456082588000,1,141.14565102,17.6700
1623456149691000,0,45.29954968,17.6200
1623456162490000,1,8.88260602,17.6000
1623456162530000,1,47.85954862,17.6000
1623456184212000,0,50.30586823,17.5700
1623456211536000,0,24.56252181,17.5800
1623456211537000,0,25.06772931,17.5800
1623456282807000,0,22.26940676,17.4900
1623456287407000,0,5.33148999,17.5000
1623456287528000,0,2.81475432,17.5000
1623456370884000,1,56.82599000,17.5900
1623456376375000,0,52.72046000,17.5800
1623456378427000,0,131.73229558,17.5900
1623456378427000,0,52.64974442,17.5900
1623456383482000,0,51.70834031,17.6000
1623456384148000,0,48.40446734,17.6100
1623456385283000,0,48.40446000,17.6200
1623456387815000,1,56.75052730,17.6200
1623456390532000,0,46.61794000,17.6300
1623456391755000,0,46.74168000,17.6400
1623456395418000,0,45.88828000,17.6500
1623456397094000,1,56.66305851,17.6500
1623456397094000,1,71.99999149,17.6500
1623456399622000,0,44.26965000,17.6500
1623456399803000,0,0.00000321,17.6500
1623456405884000,0,44.26965000,17.6700
1623456406148000,0,0.00000321,17.6700
1623456406148000,0,111.16654055,17.6800
1623456406148000,0,268.83345624,17.6800
1623456406253000,0,20.24667650,17.6800
1623456409030000,0,23.66930779,17.6900
1623456409030000,0,59.17138139,17.6900
1623456410612000,0,23.66930000,17.7000
1623456416091000,0,21.75899000,17.7000
1623456417590000,0,46.00000000,17.7200
1623456417590000,0,141.28656367,17.7200
1623456417590000,0,53.37673656,17.7200
1623456417590000,0,70.00000000,17.7200
1623456417590000,0,2637.77000000,17.7300
1623456417590000,0,2.30000000,17.7300
1623456417590000,0,116.68016079,17.7300
1623456417590000,0,350.80238944,17.7400
1623456417590000,0,279.46401242,17.7400
1623456419396000,1,56.46085000,17.7100
1623456423752000,0,26.92254661,17.7200
1623456423752000,0,69.84574339,17.7200
1623456427713000,0,27.92091303,17.7300
1623456430439000,1,56.39208406,17.7200
1623456430439000,1,15.60781594,17.7200
1623456430751000,1,125.43749910,17.7200
1623456447793000,0,31.64472000,17.7400
1623456451756000,0,31.05493000,17.7500
1623456456809000,0,31.05443000,17.7600
1623456475890000,0,32.82191817,17.7200
1623456475890000,0,82.05208183,17.7200
1623456485693000,0,30.74607001,17.7200
1623456485693000,0,76.87467450,17.7200
1623456491552000,1,56.42390000,17.7200
1623456510973000,1,56.47807000,17.6800
1623456516577000,1,56.56881775,17.6800
1623456520139000,1,56.60147000,17.6700
1623456521598000,1,56.60147000,17.6600
1623456521808000,1,0.00000799,17.6600
1623456527110000,0,69.09704380,17.6500
1623456527111000,1,27.63938497,17.6500
1623456534820000,0,19.31332000,17.6400
1623456537959000,1,56.67720000,17.6400
1623456549642000,1,56.67720000,17.6100
1623456555781000,0,27.58837000,17.6100
1623456558122000,0,27.57302000,17.6200
1623456574119000,0,23.28475899,17.6200
1623456574566000,0,151.30969248,17.6300
1623456574566000,0,58.17435752,17.6300
1623456586774000,0,12.38668000,17.6300
1623456596039000,0,17.17739647,17.6300
1623456596039000,0,42.96767436,17.6300
1623456601073000,1,56.68618576,17.6400
1623456601073000,1,46.20000000,17.6400
1623456601073000,1,141.72013424,17.6400
1623456607394000,0,2.50000000,17.6400
1623456607477000,0,17.39102927,17.6400
1623456618696000,0,19.52021000,17.6600
1623456629515000,1,56.65344000,17.6500
1623456631502000,1,56.65344000,17.6400
1623456636613000,1,56.65344000,17.6300
1623456637526000,1,141.83109618,17.6200
1623456637526000,1,56.74922382,17.6200
1623456646537000,1,56.79371000,17.6000
1623456655831000,1,56.83051000,17.5900
1623456657519000,1,2.50000000,17.5800
1623456657522000,1,44.00000000,17.5800
1623456676496000,1,46.40000000,17.5200
1623456682610000,0,30.65173987,17.5100
1623456682610000,0,76.60481013,17.5100
1623456683722000,0,30.61291000,17.5200
1623456686513000,0,26.22096367,17.5300
1623456687358000,0,72.00000000,17.5400
1623456687358000,0,65.54591632,17.5400
1623456687358000,0,26.22096367,17.5400
1623456712535000,0,51.62966751,17.5500
1623456712535000,0,20.64692249,17.5500
1623456713227000,0,0.00000921,17.5500
1623456714143000,0,51.57420678,17.5600
1623456714143000,0,20.63022322,17.5600
1623456719094000,0,71.99990000,17.5500
1623456719252000,0,18.05586812,17.5500
1623456719252000,0,45.11677215,17.5500
1623456722517000,0,18.02996000,17.5600
1623456725186000,0,0.00000167,17.5600
1623456725186000,0,117.19074568,17.5700
1623456725186000,0,44.27754265,17.5700
1623456725682000,0,16.57351000,17.5700
1623456726426000,0,13.66659000,17.5700
1623456727871000,0,34.16649932,17.5800
1623456727871000,0,88.83011026,17.5800
1623456727871000,0,13.66425042,17.5800
1623456730181000,0,10.91665000,17.5800
1623456731519000,0,10.65914021,17.5900
1623456734458000,0,26.16633065,17.6000
1623456734458000,0,10.27442935,17.6000
1623456738325000,1,46.50000000,17.5900
1623456738325000,1,56.82211768,17.5900
1623456738325000,1,142.05998341,17.5900
1623456743868000,1,56.82211768,17.5800
1623456743868000,1,142.05997232,17.5800
1623456751735000,0,17.95714000,17.5800
1623456754236000,0,17.62698000,17.5800
1623456760413000,0,16.98952000,17.5800
1623456767914000,0,16.97252680,17.5900
1623456767914000,0,42.47364320,17.5900
1623456782103000,1,56.81307831,17.6000
1623456782103000,1,46.89999169,17.6000
1623456788318000,1,46.50000000,17.5800
1623456788318000,1,56.81307000,17.5800
1623456795054000,1,46.60000000,17.5700
1623456802377000,1,56.93081489,17.5600
1623456802377000,1,235.09999511,17.5600
1623456806470000,1,234.90000000,17.5400
1623456812915000,1,140.00000000,17.5300
1623456816298000,0,19.00711000,17.5200
1623456816384000,0,0.00000842,17.5200
1623456816384000,0,47.48811158,17.5200
1623456826786000,0,44.52109000,17.5100
1623456826984000,0,17.80853000,17.5100
1623456830837000,0,15.87993000,17.5100
1623456830993000,0,0.00000708,17.5100
1623456830993000,0,103.21841220,17.5200
1623456830993000,0,39.69664072,17.5200
1623456831491000,0,0.00000931,17.5200
1623456831491000,0,15.86778069,17.5200
1623456839163000,0,12.73889756,17.5100
1623456839163000,0,31.82905244,17.5100
1623456851414000,0,31.84549000,17.5100
1623456853269000,0,31.81750648,17.5200
1623456853269000,0,12.73208986,17.5200
1623456854215000,0,82.74488908,17.5300
1623456854215000,0,30.40473092,17.5300
1623456854306000,0,0.00001335,17.5300
1623456855250000,0,12.15412000,17.5300
1623456856836000,1,235.00000000,17.5200
1623456862095000,0,9.10795670,17.5200
1623456862095000,0,22.77353332,17.5200
1623456862095000,0,59.17617492,17.5200
1623456863495000,0,6.39804000,17.5200
1623456863573000,0,0.00000777,17.5200
1623456866131000,1,15.71328891,17.5200
1623456866173000,1,25.14090109,17.5200
1623456874857000,1,235.70000000,17.5100
1623456877081000,0,7.06454000,17.5100
1623456877305000,0,0.00000482,17.5100
1623456877305000,0,15.00679487,17.5200
1623456877305000,0,45.92215263,17.5200
1623456883534000,0,5.83688564,17.5200
1623456883534000,0,14.60353436,17.5200
1623456887576000,0,5.47120945,17.5200
1623456887576000,0,13.68191055,17.5200
1623456898276000,0,5.12795646,17.5100
1623456898276000,0,12.82208830,17.5100
1623456898276000,0,33.33740524,17.5100
1623456912823000,1,56.05837423,17.4800
1623456925223000,0,7.58688621,17.4600
1623456925223000,0,18.96025379,17.4600
1623456925414000,0,0.00000783,17.4600
1623456925414000,0,50.78921134,17.4700
1623456933355000,1,57.35755000,17.4300
1623456933787000,1,0.00000827,17.4300
1623456934509000,1,7.11040014,17.4300
1623456937605000,0,20.03893000,17.4300
1623456938125000,0,8.01134000,17.4300
1623456945132000,0,6.99851320,17.4300
1623456945132000,0,17.49628300,17.4300
1623456945132000,0,45.46894380,17.4300
1623456950919000,0,5.73902575,17.4200
1623456950919000,0,14.34756438,17.4200
1623456950919000,0,37.30356987,17.4200
1623456963778000,0,4.34401538,17.4300
1623456965410000,0,4.34017919,17.4400
1623456966089000,0,28.20534003,17.4500
1623456966089000,0,10.84819997,17.4500
1623456966371000,0,0.00000773,17.4500
1623456966371000,0,4.34016227,17.4500
1623456967787000,0,28.20534003,17.4600
1623456967787000,0,10.65336365,17.4600
1623456967787000,0,4.26066185,17.4600
1623456971106000,0,46.80000000,17.4700
1623456971106000,0,6.07878143,17.4700
1623456971106000,0,2.43151257,17.4700
1623456971106000,0,15.80482600,17.4700
1623456975190000,0,4.79208451,17.4800
1623456975190000,0,1.91682549,17.4800
1623456977121000,0,12.45172596,17.4900
1623456977121000,0,4.78731743,17.4900
1623456977121000,0,1.91685661,17.4900
1623456988953000,1,46.90000000,17.4600
1623456988953000,1,57.26720000,17.4600
1623456989100000,1,0.00000880,17.4600
1623456997172000,0,2.48038000,17.4600
1623457006036000,1,57.33229700,17.4400
1623457008245000,0,2.43786372,17.4400
1623457008245000,0,6.09290628,17.4400
1623457008971000,1,236.50000000,17.4300
1623457008971000,1,72.00000000,17.4300
1623457024136000,1,72.00000000,17.4000
1623457026979000,1,7.50839470,17.3900
1623457026981000,1,16.05911246,17.3900
1623457027000000,1,41.42865446,17.3900
1623457027001000,1,17.39866093,17.3900
1623457027001000,1,2.50000000,17.3900
1623457027001000,1,10.37707204,17.3900
1623457027016000,1,7.93104877,17.3900
1623457027033000,1,40.44384642,17.3900
1623457027033000,1,57.47853177,17.3900
1623457028236000,1,2.50000000,17.3600
1623457028461000,1,54.97853177,17.3600
1623457030362000,0,2.40000000,17.3700
1623457030362000,0,72.00000000,17.3700
1623457037032000,0,72.00000000,17.4000
1623457044845000,0,118.65882000,17.4300
1623457047240000,0,0.00000534,17.4300
1623457049787000,1,2.44999477,17.4300
1623457067860000,1,57.47068000,17.3900
1623457067947000,1,0.00000848,17.3900
1623457072954000,0,11.91020000,17.3800
1623457075840000,0,0.00002586,17.3800
1623457075840000,0,47.50000000,17.3800
1623457075840000,0,77.37508081,17.3800
1623457075840000,0,29.76049707,17.3800
1623457084026000,0,10.17125000,17.3600
1623457084106000,0,0.00000162,17.3600
1623457084106000,0,25.42811838,17.3600
1623457084260000,0,0.00001067,17.3600
1623457088134000,0,9.52939000,17.3600
1623457088214000,0,0.00000683,17.3600
1623457088214000,0,66.09552755,17.3700
1623457088214000,0,47.20000000,17.3700
1623457088214000,0,10.16666562,17.3700
1623457093240000,0,7.98233599,17.3600
1623457093240000,0,19.96984401,17.3600
1623457100661000,0,47.50000000,17.3700
1623457100661000,0,48.59049668,17.3700
1623457100661000,0,18.68696332,17.3700
1623457101326000,0,7.47418853,17.3700
1623457101347000,0,0.00000001,17.3700
1623457101535000,0,48.58154417,17.3800
1623457101535000,0,18.68547135,17.3800
1623457106205000,0,400.00000000,17.3900
1623457122964000,0,4.92100000,17.3900
1623457123757000,0,0.00008645,17.3900
1623457123757000,0,13.14921355,17.3900
1623457123871000,0,0.00006556,17.3900
1623457125618000,0,46.90000000,17.4000
1623457125618000,0,32.01759616,17.4000
1623457125618000,0,4.92108645,17.4000
1623457125618000,0,13.14925739,17.4000
1623457126902000,0,4.93486818,17.4100
1623457126902000,0,12.33717044,17.4100
1623457127697000,0,32.07480000,17.4200
1623457127855000,1,3.13151436,17.4200
1623457127855000,1,7.82878589,17.4200
1623457127869000,1,6.31172975,17.4200
1623457127964000,0,14.04311358,17.4200
1623457128006000,0,2.40000000,17.4300
1623457128316000,0,7.82725768,17.4300
1623457128316000,0,3.13090307,17.4300
1623457128957000,0,20.35080000,17.4400
1623457129287000,0,7.05459780,17.4400
1623457129287000,0,2.82183912,17.4400
1623457131667000,0,46.70000000,17.4400
1623457131667000,0,4.20047464,17.4400
1623457131667000,0,1.68017536,17.4400
1623457131685000,0,0.00001450,17.4400
1623457133004000,0,2.34479729,17.4500
1623457133004000,0,6.09630271,17.4500
1623457133030000,0,0.00017025,17.4500
1623457133919000,0,2.08120000,17.4500
1623457133974000,0,0.00005266,17.4500
1623457134995000,0,1.70050000,17.4500
1623457135742000,0,0.00001834,17.4500
1623457135742000,0,47.73098166,17.4500
1623457137619000,1,57.34807942,17.4400
1623457140210000,1,143.35191174,17.4200
1623457140210000,1,57.34807942,17.4200
1623457141305000,1,2.50000000,17.4000
1623457141305000,1,57.34807942,17.4000
1623457141305000,1,70.00000000,17.4000
1623457141305000,1,118.49887236,17.3900
1623457141305000,1,143.48849222,17.3900
1623457141305000,1,372.95397547,17.3900
1623457141305000,1,63.59700000,17.3900
1623457141305000,1,355.30822002,17.3800
1623457141305000,1,2.40000000,17.3800
1623457141305000,1,47.30000000,17.3800
1623457141305000,1,177.58808865,17.3800
1623457141305000,1,2286.69713474,17.3800
1623457141960000,0,9.39392000,17.4100
1623457159761000,0,18.19164176,17.3900
1623457159761000,0,45.47304824,17.3900
1623457160352000,0,118.24159094,17.4000
1623457160352000,0,46.90000000,17.4000
1623457160352000,0,18.17282484,17.4000
1623457160352000,0,45.43145422,17.4000
1623457161260000,0,118.14238000,17.4100
1623457184601000,1,7.58936791,17.4400
1623457199861000,0,7.45136995,17.4200
1623457199861000,0,18.61772005,17.4200
1623457200317000,0,0.00001727,17.4200
1623457200317000,0,12.80150357,17.4300
1623457202131000,1,57.41327000,17.4200
1623457202806000,1,57.34939502,17.4100
1623457202806000,1,57.41327389,17.4100
1623457205448000,0,10.09898000,17.4000
1623457205546000,0,0.00000621,17.4000
1623457205546000,0,65.64483379,17.4000
1623457215721000,0,21.83368734,17.4000
1623457215721000,0,56.76647176,17.4000
1623457215721000,0,8.73577090,17.4000
1623457226436000,0,7.15861000,17.4000
1623457227662000,0,7.15178890,17.4100
1623457231387000,0,6.90079000,17.4100
1623457233220000,0,6.89438000,17.4200
1623457236419000,0,17.24228617,17.4300
1623457236419000,0,6.77137862,17.4300
1623457244176000,1,57.44284000,17.4100
1623457251402000,0,7.25357000,17.4000
1623457257194000,1,47.20000000,17.4000
1623457261380000,0,7.12303000,17.3900
1623457261951000,0,17.80390789,17.4000
1623457261951000,0,46.29492406,17.4000
1623457261951000,0,7.11777805,17.4000
1623457265138000,1,57.47465000,17.4000
1623457265173000,1,0.00000234,17.4000
1623457269776000,1,47.10000000,17.3800
1623457269776000,1,57.47465000,17.3800
1623457272692000,1,57.55678000,17.3700
1623457274166000,0,2.50000000,17.3700
1623457276942000,0,11.26245000,17.3700
1623457277136000,0,28.15645306,17.3800
1623457277136000,0,73.20394554,17.3800
1623457277136000,0,47.49999140,17.3800
1623457278142000,0,0.00000860,17.3800
1623457278142000,0,11.25103140,17.3800
1623457289306000,0,7.99733000,17.3700
1623457290261000,0,7.99733000,17.3800
1623457292662000,0,51.98602063,17.3900
1623457292662000,0,19.99495479,17.3900
1623457292662000,0,7.99172737,17.3900
1623457294768000,0,7.70804820,17.4000
1623457294768000,0,19.27011180,17.4000
1623457296766000,0,6.26820000,17.4000
1623457297870000,0,5.77803000,17.4100
1623457298096000,0,0.00000882,17.4100
1623457298320000,0,37.55715702,17.4200
1623457298320000,0,14.44957298,17.4200
1623457298869000,0,5.77803000,17.4200
1623457299248000,0,14.44958000,17.4300
1623457299330000,0,0.00000037,17.4300
1623457299330000,0,5.66524963,17.4300
1623457299673000,0,0.00000958,17.4300
1623457306393000,0,9.18406652,17.4400
1623457306393000,0,3.67361348,17.4400
1623457312905000,1,57.32440000,17.4200
1623457317707000,0,4.24432000,17.4100
1623457336709000,0,4.39724903,17.4000
1623457336709000,0,10.99122958,17.4000
1623457336709000,0,28.57717139,17.4000
1623457337329000,0,17.30000000,17.4100
1623457362931000,1,57.56796072,17.3500
1623457364640000,1,56.41660151,17.3400
1623457367696000,0,3.30086144,17.3400
1623457369749000,0,5.56114000,17.3400
1623457370856000,0,22.15502756,17.3500
1623457370856000,0,57.61054529,17.3500
1623457370856000,0,8.79717715,17.3500
1623457373792000,0,17.77185351,17.3600
1623457373792000,0,7.10874141,17.3600
1623457373792000,0,46.20625508,17.3600
1623457374185000,0,17.76100279,17.3700
1623457374185000,0,46.17805328,17.3700
1623457408347000,0,2.20446521,17.3900
1623457408347000,0,5.50944479,17.3900
1623457409600000,1,57.51233000,17.3900
1623457410281000,1,57.51233000,17.3800
1623457412494000,0,2.06595000,17.3800
1623457412563000,0,0.00000246,17.3800
1623457416804000,0,4.10072970,17.3900
1623457416804000,0,10.24556030,17.3900
1623457416972000,0,0.00001856,17.3900
1623457432005000,1,57.52459000,17.3800
1623457432084000,1,0.00000332,17.3800
1623457437340000,0,118.96353000,17.3800
1623457437689000,0,5.27678000,17.3700
1623457437742000,0,0.00000350,17.3700
1623457437742000,0,2.49999650,17.3700
1623457437826000,0,10.69196224,17.3700
1623457438101000,0,0.00000766,17.3800
1623457438101000,0,5.27647804,17.3800
1623457446473000,0,3.75604350,17.3800
1623457446473000,0,9.38577650,17.3800
1623457449111000,0,3.75280399,17.3900
1623457449111000,0,9.38200997,17.3900
1623457449111000,0,22.87134859,17.3900
1623457458918000,0,2.27875000,17.4000
1623457459050000,0,0.00000793,17.4000
1623457463261000,1,57.45483851,17.4000
1623457463292000,0,140.19999149,17.4000
1623457470369000,0,6.46867000,17.4100
1623457484758000,1,143.69632942,17.3900
1623457484758000,1,57.48919118,17.3900
1623457492146000,0,9.97590000,17.3900
1623457492240000,0,0.00000850,17.3900
1623457492240000,0,24.95467150,17.3900
1623457521228000,0,9.35087000,17.3500
1623457538142000,0,10.29203000,17.3400
1623457542541000,0,25.72653215,17.3500
1623457542541000,0,10.28514785,17.3500
1623457548643000,0,0.00000822,17.3500
1623457548643000,0,119.08529338,17.3600
1623457548643000,0,66.87730225,17.3600
1623457548643000,0,23.63401666,17.3600
1623457550406000,0,9.46537000,17.3600
1623457552764000,0,7.17617000,17.3700
1623457563617000,0,6.87989000,17.3500
1623457573009000,1,57.57525000,17.3700
1623457575308000,0,6.75763000,17.3700
1623457575453000,0,0.00000603,17.3700
1623457577885000,0,6.75763000,17.3800
1623457585802000,1,47.00000000,17.3800
1623457585802000,1,57.51299000,17.3800
1623457591069000,0,8.58487000,17.3700
1623457591367000,0,21.47379696,17.3800
1623457591367000,0,55.80062861,17.3800
1623457591367000,0,8.58416443,17.3800
1623457595167000,1,57.54675000,17.3700
1623457597708000,0,19.81008205,17.3700
1623457597708000,0,7.92403282,17.3700
1623457597708000,0,51.50536513,17.3700
1623457602260000,0,16.22990525,17.3800
1623457602260000,0,6.49195475,17.3800
1623457619035000,0,6.08445000,17.3600
1623457644186000,0,2.50000000,17.3800
1623457657262000,0,5.92516836,17.4100
1623457659048000,1,57.44691000,17.4100
1623457659705000,1,143.62203277,17.4000
1623457659705000,1,57.44690723,17.4000
1623457664966000,1,57.47531000,17.4000
1623457671089000,0,11.51217000,17.4100
1623457671216000,0,0.00000834,17.4100
1623457671249000,0,74.81985731,17.4200
1623457671249000,0,28.76787269,17.4200
1623457680277000,1,57.34939000,17.4400
1623457681938000,1,57.37111105,17.4300
1623457682222000,1,143.37328669,17.4200
1623457682235000,0,57.37111105,17.4200
1623457695238000,1,21.39373606,17.4100
1623457695723000,1,57.44559000,17.4100
1623457695868000,1,0.00000672,17.4100
1623457700655000,0,23.07134397,17.3900
1623457700655000,0,57.67746603,17.3900
1623457721394000,0,21.61153000,17.3700
1623457721471000,0,0.00000903,17.3700
1623457721471000,0,54.02812097,17.3700
1623457742421000,0,47.10000000,17.3700
1623457742421000,0,47.17241698,17.3700
1623457742421000,0,18.86890187,17.3700
1623457742421000,0,47.17186115,17.3700
1623457746936000,0,16.84975000,17.3800
1623457749265000,0,16.82940000,17.3900
1623457749619000,0,0.00000872,17.3900
1623457749619000,0,109.38738168,17.4000
1623457749619000,0,41.33017960,17.4000
1623457750287000,0,16.52033000,17.4000
1623457757201000,1,57.49249000,17.3900
1623457766957000,0,12.35163000,17.3800
1623457767686000,0,12.33545143,17.3900
1623457769577000,0,11.12820000,17.3900
1623457773452000,0,11.11784000,17.4000
1623457774044000,0,27.30217439,17.4100
1623457774044000,0,10.91596561,17.4100
1623457780996000,1,57.37967036,17.4200
1623457781149000,1,143.51979425,17.4100
1623457781156000,0,43.99999575,17.4100
1623457787509000,1,57.37967000,17.4100
1623457789635000,1,57.45087738,17.4000
1623457792769000,0,18.76127000,17.4100
1623457792930000,0,0.00000403,17.4100
1623457792930000,0,49.47713597,17.4100
1623457802038000,1,57.47267000,17.4000
1623457803087000,0,17.66366000,17.4000
1623457806298000,1,143.67320667,17.3900
1623457806298000,1,57.48786916,17.3900
1623457807757000,0,18.38475000,17.3900
1623457811171000,1,57.48720000,17.3900
1623457824666000,1,57.54742000,17.3800
1623457826868000,0,53.87313652,17.3900
1623457826868000,0,21.53342797,17.3900
1623457829179000,0,19.09008000,17.4000
1623457836358000,0,17.34325000,17.4100
1623457843314000,1,57.45813000,17.4000
1623457844629000,1,57.45813986,17.3900
1623457844629000,1,57.48521014,17.3900
1623457848966000,1,57.45813000,17.3800
1623457850364000,1,57.52557000,17.3800
1623457862788000,0,22.82425000,17.3600
1623457866745000,0,22.82924000,17.3700
1623457868976000,1,57.56464000,17.3700
1623457873937000,0,20.98066000,17.3800
1623457876903000,0,54.00743847,17.3900
1623457876903000,0,21.59828886,17.3900
1623457883663000,1,57.55006000,17.3700
1623457887195000,0,20.91238000,17.3700
1623457892514000,1,57.55006000,17.3600
1623457895009000,0,20.52723000,17.3700
1623457898714000,0,22.01135000,17.3800
1623457902553000,0,21.63898344,17.3900
1623457905486000,0,138.13159683,17.4000
1623457905486000,0,72.00000000,17.4000
1623457905501000,0,52.19279930,17.3900
1623457905651000,1,2.50000000,17.4000
1623457905866000,0,18.38936743,17.4000
1623457905866000,0,33.80343186,17.4000
1623457905867000,0,18.38936744,17.4000
1623457906392000,0,19.80740000,17.4300
1623457919692000,1,57.31652000,17.4500
1623457926898000,1,57.34216000,17.4400
1623457926898000,1,72.00000000,17.4400
1623457928676000,0,14.73508000,17.4400
1623457929219000,0,36.85079207,17.4500
1623457929219000,0,14.73507793,17.4500
1623457932157000,0,14.73508405,17.4600
1623457933240000,0,14.57305000,17.4700
1623457937958000,0,13.11644000,17.4800
1623457939723000,1,57.22730240,17.4700
1623457939723000,1,71.99999760,17.4700
1623457946913000,0,12.87981331,17.5000
1623457946913000,0,35.48918669,17.5000
1623457950535000,0,12.87981000,17.5100
1623457950584000,0,0.00000331,17.5100
1623457950709000,0,87.05536246,17.5200
1623457950709000,0,31.29802754,17.5200
1623457954662000,1,72.00000000,17.5200
1623457954787000,1,57.07639000,17.5200
1623457956372000,1,57.07639307,17.5100
1623457956372000,1,71.99999693,17.5100
1623457957450000,1,142.77881848,17.5000
1623457957450000,1,57.07639307,17.5000
1623457961737000,1,57.07639307,17.4900
1623457961737000,1,142.92900693,17.4900
1623457964241000,1,57.19587000,17.4800
1623457965392000,1,57.19587000,17.4700
1623457968079000,1,57.21224000,17.4800
1623457968183000,1,0.00000104,17.4800
1623457968227000,1,46.60000000,17.4700
1623457974423000,0,29.32324383,17.4800
1623457974423000,0,47.00000000,17.4800
1623457974423000,0,73.35931617,17.4800
1623457978445000,0,29.30010000,17.4900
1623457979176000,1,57.18410000,17.4900
1623457984538000,1,143.07461000,17.4700
1623457984768000,1,57.22795743,17.4700
1623457986632000,1,57.22795743,17.4600
1623457994137000,1,57.29419000,17.4500
1623457996778000,1,57.33821000,17.4400
1623458002945000,0,85.75219147,17.4600
1623458002945000,0,33.29187214,17.4600
1623458002945000,0,71.99999639,17.4600
1623458006352000,0,31.56059707,17.4600
1623458006352000,0,71.99999293,17.4600
1623458011966000,1,34.57940000,17.4500
1623458011969000,1,22.70757087,17.4500
1623458022865000,1,143.14998683,17.4600
1623458022865000,1,57.24563317,17.4600
1623458023302000,1,0.00001552,17.4600
1623458036743000,0,36.53698453,17.4600
1623458044592000,1,57.26859809,17.4600
1623458044592000,1,117.73140191,17.4600
1623458044667000,1,25.43661000,17.4600
1623458049409000,0,39.51503000,17.4600
1623458060056000,0,38.80429000,17.4600
1623458063206000,1,57.28040000,17.4600
1623458070886000,0,39.10522877,17.4600
1623458074714000,0,39.12270000,17.4700
1623458075038000,0,0.00000409,17.4700
1623458077162000,0,38.42608000,17.4800
1623458080786000,1,57.20569000,17.4800
1623458094561000,0,38.06289000,17.4900
1623458099164000,0,37.35245479,17.5100
1623458099164000,0,93.37259521,17.5100
1623458103387000,1,57.11159925,17.5000
1623458103387000,1,142.78370075,17.5000
1623458115108000,1,57.15795501,17.4900
1623458115108000,1,142.93064499,17.4900
1623458117651000,0,41.43834000,17.4900
1623458117816000,0,0.00000015,17.4900
1623458118692000,1,57.17429000,17.4900
1623458121439000,0,45.32409000,17.4900
1623458136160000,0,44.51184000,17.4900
1623458137217000,0,45.22073792,17.5000
1623458141766000,0,40.79240000,17.5100
1623458150265000,1,57.10181000,17.5100
1623458154359000,0,40.06797457,17.5200
1623458154359000,0,100.13045201,17.5200
1623458157408000,0,41.97412843,17.5300
1623458158697000,0,39.43720607,17.5400
1623458165167000,1,56.97168000,17.5500
1623458169610000,1,56.97168364,17.5400
1623458169610000,1,142.50047636,17.5400
1623458171641000,0,89.62837515,17.5500
1623458171641000,0,39.44501485,17.5500
1623458178750000,0,37.85243000,17.5500
1623458188691000,0,37.16211000,17.5700
1623458196079000,0,37.12998000,17.5800
1623458201965000,1,56.86994000,17.5800
1623458208622000,1,56.86024000,17.5900
1623458211192000,1,56.86024000,17.5700
1623458216189000,1,56.86024000,17.5600
1623458225849000,0,44.58348698,17.5800
1623458249817000,1,56.79952465,17.5900
1623458249817000,1,142.08096535,17.5900
1623458251679000,0,43.82799000,17.6000
1623458259549000,0,47.36831672,17.6100
1623458263141000,1,56.73829000,17.6200
1623458264012000,1,56.77437000,17.6100
1623458264471000,1,0.00000071,17.6100
1623458281883000,1,56.79436000,17.6100
1623458282201000,1,0.00000305,17.6100
1623458288373000,0,53.22378000,17.6000
1623458294692000,1,56.83051395,17.5900
1623458299491000,0,53.29116000,17.5900
1623458302137000,0,53.26512000,17.6000
1623458307382000,1,56.82728000,17.6000
1623458310553000,0,50.41987080,17.6000
1623458310553000,0,128.53701920,17.6000
1623458316099000,0,48.22073677,17.6000
1623458316099000,0,117.41017323,17.6000
1623458323519000,1,56.82534000,17.5900
1623458323666000,1,0.00000672,17.5900
1623458332786000,0,48.29459356,17.5900
1623458332786000,0,110.43186644,17.5900
1623458332867000,0,12.84862963,17.5900
1623458337339000,0,0.00001011,17.6000
1623458357311000,0,46.23533000,17.6100
1623458362545000,1,56.80404000,17.6000
1623458367285000,0,47.47511000,17.6000
1623458373811000,1,56.81372000,17.6000
1623458384579000,1,142.02447366,17.5800
1623458384579000,1,56.86219634,17.5800
1623458401105000,0,51.98310000,17.6100
1623458404997000,0,2.00000000,17.6200
1623458406226000,1,56.79049246,17.6100
1623458406226000,1,124.24724754,17.6100
1623458406297000,1,17.69658000,17.6100
1623458410189000,0,55.42457000,17.6100
1623458412337000,1,141.95511000,17.6100
1623458425766000,0,105.58220819,17.6200
1623458425766000,0,53.43700506,17.6200
1623458426558000,0,56.74268093,17.6300
1623458437635000,0,51.48948000,17.6200
1623458440393000,1,56.77823000,17.6100
1623458443708000,1,56.77823910,17.6000
1623458444155000,1,142.08097000,17.5900
1623458447379000,0,56.69778000,17.5800
1623458460261000,0,56.95208259,17.5600
1623458460261000,0,142.38036741,17.5600
1623458469747000,1,56.99831230,17.5400
1623458469747000,1,142.50047770,17.5400
1623458474550000,1,57.05294000,17.5300
1623458480685000,1,87.79000000,17.5100
1623458484125000,0,57.11471733,17.5100
1623458484302000,1,71.99999267,17.5100
1623458484326000,0,55.97242298,17.5100
1623458491534000,0,57.14866212,17.5000
1623458491534000,0,142.86692788,17.5000
1623458497439000,0,57.11429142,17.5100
1623458497439000,0,142.80164858,17.5100
1623458498423000,0,57.07755492,17.5200
1623458503217000,0,51.61184000,17.5200
1623458510624000,0,31.29548000,17.5300
1623458518067000,1,57.05099000,17.5200
1623458522171000,0,40.95038000,17.5200
1623458523296000,0,102.30285207,17.5300
1623458523296000,0,41.94145506,17.5300
1623458527329000,0,41.94145000,17.5400
1623458537081000,0,36.85468000,17.5200
1623458538733000,1,57.07834000,17.5200
1623458549506000,1,57.07834000,17.5100
1623458551228000,1,0.00000783,17.5100
1623458561174000,1,57.13117000,17.5000
1623458576998000,0,38.24074623,17.4900
1623458576998000,0,95.61773377,17.4900
1623458582418000,1,57.23188000,17.4700
1623458609558000,1,57.29156000,17.4500
1623458615004000,1,57.32572000,17.4400
1623458620172000,0,45.62568000,17.4300
1623458622312000,1,57.37967000,17.4300
1623458627665000,0,45.84473441,17.4300
1623458631661000,1,57.35005000,17.4400
1623458636665000,0,45.02253000,17.4400
1623458641849000,0,48.25804000,17.4400
1623458642710000,0,48.25804091,17.4500
1623458666408000,0,48.59001000,17.4300
1623458669632000,1,57.37835000,17.4300
1623458680355000,0,49.46120000,17.4200
1623458701914000,1,57.41657000,17.4100
1623458722548000,0,49.80436000,17.3800
1623458740446000,0,48.89092000,17.3600
1623458740726000,0,48.84645900,17.3700
1623458755580000,1,57.57127000,17.3700
1623458770983000,0,48.17151000,17.3600
1623458781712000,0,47.30073000,17.3600
1623458781972000,0,0.00000114,17.3600
1623458787752000,0,46.41848000,17.3900
1623458796154000,0,116.06787374,17.4000
1623458796154000,0,45.58472169,17.4000
1623458799947000,0,45.57948000,17.4100
1623458808074000,0,41.88605000,17.4100
1623458809105000,0,41.84278000,17.4200
1623458810733000,0,41.09346000,17.4300
1623458830337000,0,42.40440000,17.4100
1623458835304000,0,42.40440000,17.4200
1623458840583000,0,40.16030512,17.4200
1623458840583000,0,100.35172488,17.4200
1623458843485000,0,40.16030000,17.4300
1623458848150000,0,39.01335000,17.4400
1623458853998000,0,38.29864000,17.4400
1623458863854000,0,37.53122000,17.4500
1623458876128000,0,36.87476000,17.4500
1623458876357000,0,0.00000680,17.4500
1623458880397000,0,36.83593000,17.4600
1623458883214000,0,36.16643000,17.4700
1623458883515000,0,0.00000058,17.4700
1623458884442000,0,35.49135379,17.4800
1623458897812000,0,31.97897000,17.5300
1623458905462000,0,78.55018061,17.5400
1623458905462000,0,33.33618939,17.5400
1623458911815000,1,57.01911294,17.5400
1623458911815000,1,142.50047706,17.5400
1623458914832000,0,31.35247033,17.5500
1623458914832000,0,78.37929967,17.5500
1623458915072000,0,0.00000423,17.5500
1623458920142000,1,56.98726000,17.5500
1623458920455000,1,0.00000813,17.5500
1623458920456000,1,142.46313054,17.5400
1623458920456000,1,370.47046946,17.5400
1623458921591000,0,2.49999187,17.5500
1623458921591000,0,34.92192813,17.5500
1623458935713000,0,46.43915151,17.5700
1623458941230000,1,56.93275000,17.5600
1623458942817000,1,56.96129000,17.5500
1623458945383000,1,142.34146008,17.5400
1623458945383000,1,117.64288694,17.5400
1623458945383000,1,56.96128298,17.5400
1623458948908000,1,57.04448000,17.5300
1623458952905000,1,57.04448000,17.5200
1623458964088000,0,52.35730000,17.5200
1623458969357000,1,57.04969000,17.5300
1623458972122000,0,51.42090000,17.5400
1623458972310000,0,0.00000706,17.5400
1623458974756000,1,57.00676000,17.5400
1623459004300000,0,52.50643000,17.5400
1623459004591000,0,0.00000777,17.5400
1623459009143000,0,52.50824749,17.5600
1623459009143000,0,131.26620251,17.5600
1623459016392000,1,56.94962000,17.5600
1623459022651000,0,120.74887140,17.5700
1623459022651000,0,48.29953860,17.5700
1623459025925000,1,142.31715092,17.5600
1623459025925000,1,56.92497908,17.5600
1623459032832000,0,46.27194489,17.5900
1623459040809000,1,56.82728000,17.5900
1623459046583000,1,142.12944012,17.5800
1623459046583000,1,56.86670988,17.5800
1623459048229000,1,0.00000103,17.5800
1623459048604000,1,306.60721000,17.5700
1623459048762000,1,62.75576113,17.5700
1623459048762000,1,117.24423887,17.5700
1623459057410000,0,142.26046183,17.5800
1623459057410000,0,22.73953817,17.5800
1623459059287000,0,56.86591673,17.5900
1623459062543000,1,56.82980000,17.5800
1623459069235000,1,56.82980000,17.5700
1623459069445000,1,0.00000610,17.5700
1623459074279000,1,56.94702000,17.5600
1623459074836000,1,0.00000563,17.5600
1623459079904000,1,56.98077356,17.5500
1623459079904000,1,134.27851644,17.5500
1623459085411000,1,56.99376418,17.5400
1623459085411000,1,142.44526582,17.5400
1623459088865000,1,57.01716224,17.5300
1623459088865000,1,142.56548776,17.5300
1623459092260000,0,57.03912000,17.5300
1623459092946000,0,57.02964000,17.5400
1623459093419000,0,0.00000715,17.5400
1623459095955000,1,57.02301000,17.5400
1623459105724000,0,57.02287732,17.5400
1623459105724000,0,142.57850372,17.5400
1623459113833000,0,56.94689000,17.5600
1623459116336000,1,56.94507986,17.5600
1623459116336000,1,142.32363255,17.5600
1623459116369000,1,56.98258000,17.5500
1623459116369000,1,72.00000000,17.5500
1623459116369000,1,133.01625321,17.5500
1623459116606000,1,170.00000000,17.5500
1623459116966000,0,2.49999999,17.5500
1623459117001000,0,0.00000001,17.5500
1623459120617000,1,56.97298000,17.5500
1623459124722000,1,56.97298202,17.5400
1623459127745000,1,142.45338925,17.5300
1623459127745000,1,57.02820075,17.5300
1623459133635000,0,57.03458513,17.5400
1623459133635000,0,142.58174487,17.5400
1623459138339000,0,57.00012589,17.5500
1623459139331000,0,56.93846344,17.5600
1623459140057000,0,56.90606000,17.5700
1623459141618000,1,15.02710000,17.5700
1623459144877000,0,56.91189000,17.5700
1623459155550000,0,56.86568000,17.5900
1623459158630000,1,56.85377813,17.5900
1623459158630000,1,142.12135187,17.5900
1623459161132000,0,56.86529000,17.5900
1623459165316000,0,56.84460000,17.5900
1623459166541000,0,142.06815178,17.6000
1623459166541000,0,56.82600822,17.6000
1623459167832000,0,141.97827236,17.6100
1623459167832000,0,56.79624764,17.6100
1623459175405000,1,56.76663000,17.6000
1623459179123000,0,56.81360000,17.6000
1623459179367000,0,0.00000122,17.6000
1623459185751000,1,56.82663000,17.6000
1623459189261000,1,56.82663000,17.5900
1623459190210000,1,56.82663844,17.5800
1623459201759000,1,56.92822203,17.5600
1623459204289000,0,56.94754000,17.5600
1623459209482000,0,56.92368509,17.5700
1623459216399000,0,142.27341536,17.5800
1623459216399000,0,56.89712464,17.5800
1623459223203000,0,56.85429000,17.5900
1623459230299000,1,56.84666000,17.5900
1623459242528000,0,56.84458000,17.5900
1623459242699000,0,0.00000304,17.5900
1623459242916000,0,369.48435003,17.6000
1623459242916000,0,142.12458997,17.6000
1623459243108000,0,0.00000213,17.6000
1623459287441000,0,56.87820703,17.5800
1623459289195000,1,56.89132000,17.5800
1623459298193000,0,56.90807000,17.5700
1623459298287000,0,0.00000070,17.5700
1623459298287000,0,142.29445930,17.5700
1623459314229000,1,56.95935197,17.5300
1623459314229000,1,142.49397803,17.5300
1623459315861000,1,55.93486521,17.5200
1623459317975000,0,49.39022225,17.5300
1623459317975000,0,123.47151980,17.5300
1623459332390000,0,45.52642000,17.5100
1623459332521000,0,0.00000368,17.5100
1623459332561000,0,113.87614487,17.5200
1623459342933000,0,38.97562000,17.5100
1623459347112000,0,38.95915828,17.5200
1623459347147000,0,0.00000001,17.5200
1623459358759000,1,47.00000000,17.5100
1623459361344000,1,57.11681000,17.5100
1623459369072000,0,36.23478000,17.4900
1623459377941000,1,143.00259693,17.4700
1623459377941000,1,57.22008307,17.4700
1623459387727000,0,40.11507000,17.4700
1623459391851000,0,40.08203000,17.4800
1623459392177000,0,0.00000569,17.4800
1623459393802000,0,92.10798381,17.5000
1623459393802000,0,36.85809619,17.5000
1623459403192000,0,24.52585000,17.5100
1623459412579000,0,27.20412167,17.5000
1623459412579000,0,67.93516833,17.5000
1623459418362000,0,27.16654669,17.5100
1623459418362000,0,67.91498331,17.5100
1623459425461000,1,57.10768000,17.5000
1623459441458000,1,57.24237000,17.4600
1623459445492000,0,26.34714000,17.4600
1623459448617000,1,57.27712000,17.4600
1623459462292000,0,26.20897000,17.4600
1623459465744000,1,2.50000000,17.4600
1623459472192000,0,25.75027000,17.4600
1623459473896000,0,0.00000136,17.4600
1623459473896000,0,167.34032967,17.4700
1623459473896000,0,64.34569897,17.4700
1623459487257000,0,16.47667000,17.4500
1623459500466000,1,46.80000000,17.4400
1623459500466000,1,57.31783000,17.4400
1623459513048000,0,17.20112103,17.4400
1623459513048000,0,43.02727897,17.4400
1623459517388000,0,17.20664000,17.4300
1623459521445000,0,16.10778000,17.4400
1623459523721000,0,5.83814227,17.4500
1623459525167000,0,14.43467000,17.4400
1623459525295000,0,0.00000633,17.4400
1623459532592000,1,47.20000000,17.4300
1623459536261000,0,5.83810000,17.4300
1623459536322000,0,8.44520958,17.4300
1623459536322000,0,35.68779903,17.4300
1623459536322000,0,92.84914390,17.4300
1623459540202000,1,66.43513203,17.4200
1623459540202000,1,57.38492797,17.4200
1623459547258000,1,143.50496527,17.4000
1623459547258000,1,72.00000000,17.4000
1623459547258000,1,47.10000000,17.4000
1623459547258000,1,57.43634473,17.4000
1623459551641000,0,14.43148068,17.4000
1623459551641000,0,38.64696932,17.4000
1623459556462000,0,14.43148000,17.4100
1623459559080000,0,36.23997940,17.4200
1623459559080000,0,14.49132060,17.4200
1623459562243000,0,26.00000000,17.4400
1623459564452000,0,13.32086000,17.4500
1623459569770000,0,13.09194000,17.4600
1623459572213000,1,57.26460000,17.4600
1623459572240000,1,0.00006260,17.4600
1623459578916000,0,13.88512000,17.4600
1623459583661000,0,34.69492808,17.4700
1623459583661000,0,13.88257192,17.4700
1623459583860000,0,0.00000868,17.4700
1623459584516000,0,13.63758000,17.4800
1623459588772000,0,12.52005000,17.4900
1623459591021000,1,57.18410000,17.4900
1623459593526000,0,12.29141993,17.4900
1623459593526000,0,30.71414007,17.4900
1623459596971000,1,57.17226000,17.4900
1623459598022000,1,142.93065005,17.4800
1623459598022000,1,57.17225995,17.4800
1623459602155000,1,143.05169316,17.4700
1623459602155000,1,57.17225684,17.4700
1623459606058000,1,57.17226000,17.4500
1623459606456000,1,0.00000002,17.4500
1623459607245000,1,57.28959000,17.4400
1623459607515000,1,0.00000651,17.4400
1623459611169000,1,14.73540000,17.4300
1623459611413000,1,42.55419000,17.4300
1623459613477000,1,143.39795801,17.4200
1623459613477000,1,57.38953199,17.4200
1623459614134000,1,0.00001768,17.4200
1623459614952000,0,2.49998232,17.4200
1623459625700000,0,26.80074000,17.4000
1623459641245000,0,21.48724685,17.3900
1623459641245000,0,53.70383315,17.3900
1623459644718000,0,21.46724509,17.4000
1623459644718000,0,50.31968491,17.4000
1623459649899000,1,57.48192000,17.3900
1623459663204000,0,19.87855493,17.3800
1623459663204000,0,49.70617507,17.3800
1623459669773000,0,18.61969142,17.4000
1623459669773000,0,46.58097858,17.4000
1623459673120000,0,18.60664133,17.4100
1623459673125000,0,0.00000001,17.4100
1623459673944000,0,17.42128852,17.4300
1623459673944000,0,43.55280148,17.4300
1623459682772000,1,57.44757000,17.4100
1623459682930000,1,0.00000686,17.4100
1623459692356000,0,18.08489000,17.3900
1623459696927000,0,17.76063000,17.3900
1623459700145000,0,16.70811000,17.4000
1623459703842000,0,16.10222000,17.4000
1623459705038000,0,16.09279415,17.4100
1623459709128000,0,40.24026351,17.4200
1623459709128000,0,15.51802649,17.4200
1623459717183000,0,14.50895000,17.4400
1623459719019000,1,57.36058000,17.4300
1623459719112000,1,0.00000001,17.4300
1623459729396000,1,57.40206000,17.4200
1623459734429000,1,57.40206834,17.4100
1623459743113000,1,57.46210000,17.3900
1623459745307000,0,17.36495000,17.3900
1623459748393000,0,18.08334000,17.3900
1623459748475000,0,0.00000789,17.3900
1623459748475000,0,45.18261211,17.3900
1623459756040000,0,15.81037000,17.3900
1623459758943000,0,39.49914113,17.4000
1623459758943000,0,15.78896887,17.4000
1623459768112000,0,39.13802808,17.4000
1623459768112000,0,15.66078192,17.4000
1623459772697000,0,36.65837589,17.4200
1623459772697000,0,14.66334411,17.4200
1623459779312000,1,47.00000000,17.4100
1623459782142000,0,13.75608612,17.4000
1623459782142000,0,34.39021529,17.4000
1623459789082000,1,57.49580000,17.3800
1623459791953000,0,13.92262000,17.3800
1623459793521000,0,83.71955355,17.3900
1623459793521000,0,13.90882704,17.3900
1623459793521000,0,34.77173007,17.3900
1623459800325000,0,11.28612000,17.3900
1623459801477000,0,28.19067085,17.4000
1623459801477000,0,11.27406445,17.4000
1623459812852000,0,10.37040000,17.4000
1623459816709000,0,10.35956000,17.4100
1623459827174000,0,25.00326069,17.4100
1623459827174000,0,9.99612931,17.4100
1623459830100000,1,57.44625000,17.4100
1623459838500000,0,10.39977000,17.4000
1623459838842000,0,0.00000364,17.4000
1623459840874000,0,10.39511000,17.4100
1623459853007000,0,25.98778629,17.4200
1623459853007000,0,10.01612371,17.4200
1623459854828000,0,25.04399866,17.4300
1623459854828000,0,10.01758134,17.4300
1623459862800000,1,57.36518686,17.4300
1623459862800000,1,46.79999314,17.4300
1623459867493000,0,12.74897199,17.4300
1623459870663000,0,31.87169847,17.4400
1623459870663000,0,12.74896153,17.4400
1623459905077000,1,57.44823000,17.4100
1623459908249000,0,11.72832000,17.4200
1623459914593000,0,31.87157765,17.4300
1623459914593000,0,12.53493820,17.4300
1623459917322000,0,12.53493000,17.4400
1623459917669000,0,0.00000820,17.4400
1623459922626000,0,11.51077273,17.4700
1623459930735000,1,57.22009815,17.4700
1623459930735000,1,143.00096097,17.4700
1623459934479000,1,57.20896000,17.4800
1623459942956000,1,57.20765000,17.4800
1623459951087000,1,57.21289000,17.4800
1623459957650000,1,57.21813000,17.4800
1623459958207000,0,18.08078000,17.4800
1623459963347000,0,45.19494740,17.4900
1623459963347000,0,4.80912012,17.4900
1623459973378000,0,16.66936000,17.5200
1623459977749000,0,16.65315734,17.5300
1623459977749000,0,41.65228266,17.5300
1623459978374000,0,0.00001627,17.5300
1623459978954000,0,16.36576000,17.5400
1623459980078000,1,46.80000000,17.5400
1623459984843000,1,57.02821800,17.5200
1623459984843000,1,57.03731200,17.5200
1623459989503000,0,46.60000000,17.5400
1623459989503000,0,97.63893065,17.5400
1623459989503000,0,15.02168247,17.5400
1623459989503000,0,43.53166121,17.5400
1623459990258000,1,57.01651000,17.5400
1623459995316000,1,56.97687000,17.5500
1623459999068000,0,15.61416000,17.5600
1623460001064000,0,16.65053000,17.5700
1623460003653000,1,56.91007000,17.5700
1623460010594000,0,18.26637000,17.5700
1623460013682000,1,56.91202000,17.5700
1623460015261000,1,56.91202000,17.5600
1623460030239000,1,56.95805000,17.5500
1623460030828000,1,0.00000421,17.5500
1623460035122000,1,57.00026000,17.5400
1623460035437000,1,0.00000171,17.5400
1623460038992000,1,57.00026171,17.5300
1623460038992000,1,142.58012829,17.5300
1623460042967000,1,57.00026000,17.5100
1623460047017000,0,75.12613459,17.5300
1623460047017000,0,31.06883541,17.5300
1623460047259000,0,0.00000603,17.5300
1623460047294000,0,195.38370632,17.5400
1623460047294000,0,77.69678368,17.5400
1623460051412000,0,18.84899000,17.5500
1623460054593000,0,18.84899000,17.5600
1623460065513000,1,56.95935197,17.5500
1623460065513000,1,142.40307803,17.5500
1623460074488000,1,57.02106000,17.5400
1623460079534000,1,142.56224268,17.5300
1623460079534000,1,57.02105732,17.5300
1623460083369000,0,26.38496000,17.5300
1623460087167000,0,26.36421000,17.5400
1623460088683000,0,168.34862724,17.5500
1623460095461000,1,56.98986000,17.5500
1623460095854000,1,0.00000637,17.5500
1623460100822000,0,23.43000000,17.5400
1623460109904000,0,22.98554000,17.5600
1623460111328000,1,56.93794000,17.5600
1623460112345000,1,142.36577754,17.5500
1623460112345000,1,56.93794648,17.5500
1623460114343000,0,23.62164000,17.5500
1623460119990000,1,56.98467000,17.5500
1623460124480000,1,57.00221000,17.5400
1623460124589000,1,0.00000126,17.5400
1623460127884000,0,27.37867738,17.5400
1623460127884000,0,71.05301262,17.5400
1623460136836000,0,27.37867000,17.5500
1623460140310000,1,142.52810654,17.5400
1623460140310000,1,56.99050346,17.5400
1623460144833000,0,30.16835000,17.5400
1623460151993000,0,29.62701460,17.5400
1623460151993000,0,74.06332540,17.5400
1623460156971000,0,29.59899000,17.5500
1623460170527000,0,27.21808000,17.5500
1623460198410000,0,26.72858000,17.5600
1623460201658000,0,25.74953000,17.5800
1623460206039000,1,56.87512000,17.5800
1623460217573000,0,25.30474000,17.5800
1623460226767000,0,26.35117000,17.5900
1623460229826000,1,56.84343615,17.5900
1623460229826000,1,142.09227385,17.5900
1623460231883000,1,56.84343000,17.5800
1623460251945000,0,31.69818001,17.5800
1623460251945000,0,79.32884999,17.5800
1623460277431000,1,56.93275000,17.5500
1623460282413000,1,57.01001000,17.5300
1623460284752000,0,31.77370000,17.5300
1623460295608000,0,77.99346319,17.5300
1623460295608000,0,31.19812709,17.5300
1623460295608000,0,202.69994972,17.5300
1623460315217000,1,142.68103370,17.5100
1623460315217000,1,57.09267630,17.5100
1623460320918000,0,29.17898063,17.5100
1623460323125000,0,47.00000000,17.5200
1623460323125000,0,72.88755062,17.5200
1623460323125000,0,28.11078583,17.5200
1623460341244000,0,26.82650000,17.5000
1623460346337000,0,26.34372000,17.5000
1623460346574000,0,0.00000650,17.5000
1623460347355000,0,47.00000000,17.5100
1623460351391000,0,25.87140000,17.5100
1623460351873000,0,171.19705355,17.5200
1623460351873000,0,65.78810705,17.5200
1623460351873000,0,25.85131955,17.5200
1623460361829000,1,57.06401000,17.5200
1623460386527000,0,21.70268000,17.5200
1623460392253000,1,57.08486000,17.5100
1623460406785000,0,22.33692000,17.5000
1623460418038000,0,118.03340833,17.5100
1623460418038000,0,55.81663584,17.5100
1623460418038000,0,21.91812033,17.5100
1623460418144000,1,71.99998550,17.5100
1623460431170000,0,54.82532597,17.5200
1623460431170000,0,117.97359029,17.5200
1623460431170000,0,133.45306182,17.5200
1623460431170000,0,20.52042101,17.5200
1623460433536000,0,17.13343000,17.5300
1623460442514000,0,16.47170000,17.5400
1623460447896000,0,16.16942000,17.5400
1623460459351000,1,56.93794648,17.5600
1623460459351000,1,142.34631352,17.5600
1623460465379000,0,19.45454000,17.5600
1623460470129000,1,56.94702563,17.5600
1623460470129000,1,142.36090437,17.5600
1623460472180000,0,22.69346000,17.5700
1623460474936000,0,147.00000000,17.5800
1623460477922000,1,56.89129000,17.5800
1623460487012000,1,56.93016000,17.5600
1623460501534000,1,142.33011478,17.5500
1623460501534000,1,56.95739522,17.5500
1623460508540000,1,461.13864000,17.5300
1623460508636000,1,130.00000000,17.5300
1623460508718000,1,165.00000000,17.5300
1623460508871000,1,455.00000000,17.5300
1623460508988000,1,2.50000000,17.5300
1623460509050000,1,345.00000000,17.5300
1623460516540000,0,27.93925480,17.5200
1623460522525000,1,57.11420000,17.5100
1623460523953000,1,57.11420000,17.5000
1623460525541000,0,29.49883000,17.5000
1623460528483000,0,29.49883200,17.5100
1623460528483000,0,72.29148800,17.5100
1623460531459000,0,28.15746000,17.5000
1623460538218000,0,26.63231179,17.4800
1623460538218000,0,72.00000000,17.4800
1623460544546000,0,26.14137015,17.4800
1623460544546000,0,65.32353346,17.4800
1623460549132000,0,47.00000000,17.4900
1623460549132000,0,65.32353346,17.4900
1623460549132000,0,24.48869857,17.4900
1623460553243000,1,56.03273171,17.4900
1623460553253000,1,1.14352514,17.4900
1623460560198000,0,23.90458417,17.4800
1623460560198000,0,59.73382703,17.4800
1623460560198000,0,155.34959880,17.4800
1623460568097000,0,19.59987983,17.4600
1623460568097000,0,49.02482922,17.4600
1623460574363000,0,19.59314180,17.4700
1623460574363000,0,48.98225820,17.4700
1623460587513000,0,17.12925000,17.4500
1623460590260000,0,42.80629412,17.4600
1623460590260000,0,17.11552353,17.4600
1623460590298000,1,60.26932235,17.4600
1623460602717000,0,15.74019000,17.4700
1623460609944000,0,15.45940215,17.4700
1623460619471000,0,15.17315000,17.4800
1623460633424000,0,14.89473964,17.5100
1623460645627000,0,39.60416266,17.5000
1623460645627000,0,15.83170734,17.5000
1623460649081000,0,15.83044000,17.5100
1623460681118000,0,15.74256564,17.4900
1623460681118000,0,39.34560436,17.4900
1623460699711000,0,14.75183413,17.4800
1623460699711000,0,36.86186587,17.4800
1623460705372000,1,57.21485000,17.4700
1623460728903000,0,14.84473000,17.4700
1623460734633000,0,0.00000274,17.4700
1623460734633000,0,36.44877726,17.4700
1623460754284000,0,13.92904651,17.4700
1623460754284000,0,118.32576349,17.4700
1623460759517000,0,13.67832814,17.4700
1623460759517000,0,34.17703186,17.4700
1623460780917000,1,57.23319000,17.4600
1623460791029000,1,143.08771849,17.4400
1623460791029000,1,57.32702151,17.4400
1623460791514000,0,15.01076179,17.4500
1623460791514000,0,37.51057004,17.4500
1623460791514000,0,71.99999817,17.4500
1623460792601000,0,14.99786752,17.4600
1623460796372000,0,17.40006949,17.4700
1623460814226000,0,17.09010000,17.4200
1623460823684000,0,16.78429440,17.4200
1623460823684000,0,41.94422560,17.4200
1623460837789000,0,15.72400000,17.4100
1623460850815000,1,57.43767000,17.4000
1623460851048000,1,0.00000756,17.4000
1623460851385000,0,15.44392000,17.4000
1623460866664000,0,118.74201850,17.4100
1623460866664000,0,46.90000000,17.4100
1623460866664000,0,15.42653150,17.4100
1623460874113000,0,15.90816000,17.4300
1623460886399000,1,57.38098740,17.4300
1623460886399000,1,143.42098260,17.4300
1623460899098000,0,46.90000000,17.4300
1623460914547000,0,19.39555000,17.4100
1623460914664000,0,0.00000963,17.4100
1623460914789000,0,15.31028639,17.4100
1623460914968000,0,33.18875245,17.4100
1623460926194000,1,57.44823000,17.4100
1623460959847000,1,57.43371000,17.4100
1623460960103000,1,0.00000880,17.4100
1623460984198000,1,57.46267000,17.4000
1623460999170000,1,57.45747956,17.4000
1623460999170000,1,107.54252044,17.4000
1623460999247000,1,36.10591000,17.4000
1623461017941000,0,24.81528000,17.4000
1623461052124000,0,24.36920000,17.3900
1623461052282000,0,0.00007895,17.3900
1623461060475000,0,47.20000000,17.4000
1623461060475000,0,24.36143000,17.4000
1623461075713000,0,18.24130000,17.4100
1623461121470000,0,46.80000000,17.4200
1623461121470000,0,29.29710000,17.4200
1623461134078000,1,57.33952000,17.4400
1623461166725000,1,57.37516000,17.4200
1623461170924000,0,35.55919861,17.4100
1623461170924000,0,88.91295139,17.4100
1623461204583000,0,33.32099846,17.4000
1623461204583000,0,83.25731137,17.4000
1623461204583000,0,46.80000000,17.4000
1623461216464000,1,57.44229000,17.4100
1623461236227000,0,32.25144070,17.4000
1623461236227000,0,72.00000000,17.4100
1623461236227000,0,47.10000000,17.4100
1623461236227000,0,118.77663916,17.4100
1623461236227000,0,91.35890008,17.4100
1623461241256000,1,57.47927000,17.4000
1623461241369000,1,0.00000754,17.4000
1623461255790000,0,31.06550554,17.4000
1623461255790000,0,47.00000000,17.4000
1623461255790000,0,118.84267400,17.4000
1623461255790000,0,77.61551046,17.4000
1623461281252000,0,118.81702630,17.4100
1623461281252000,0,46.80000000,17.4100
1623461281252000,0,29.10229370,17.4100
1623461281350000,0,0.00000722,17.4100
1623461285605000,1,57.42901000,17.4100
1623461299785000,1,57.44691000,17.4100
1623461309932000,1,57.43305000,17.4100
1623461310146000,1,0.00000906,17.4100
1623461318633000,0,31.67970000,17.4000
1623461329216000,0,31.87348469,17.3900
1623461329216000,0,79.63504531,17.3900
1623461332455000,1,57.51630000,17.3800
1623461332550000,1,0.00000591,17.3800
1623461334896000,1,57.56796000,17.3700
1623461334922000,1,0.00000072,17.3700
1623461348199000,0,31.80454584,17.3600
1623461348199000,0,8.51575416,17.3600
1623461348310000,0,70.95796000,17.3600
1623461354273000,0,30.39046000,17.3400
1623461356261000,1,57.68467151,17.3300
1623461358745000,1,19.80367651,17.3100
1623461358762000,1,37.92776616,17.3100
1623461358870000,1,24.21502890,17.3000
1623461358870000,1,43.77129459,17.3000
1623461362108000,0,34.71997814,17.3100
1623461362108000,0,86.79762186,17.3100
1623461362895000,1,55.10413130,17.3000
1623461363123000,1,1.12457411,17.3000
1623461369280000,1,29.40000000,17.2500
1623461369484000,1,0.60000000,17.2500
1623461372925000,1,80.59760541,17.2100
1623461372925000,1,81.14537502,17.2100
1623461375494000,1,3.30087715,17.2100
1623461375673000,1,3.30087715,17.2100
1623461376633000,1,58.13953488,17.2000
1623461376633000,1,20.00000000,17.2000
1623461378435000,1,2.49999999,17.1700
1623461379251000,0,5.75000000,17.1800
1623461379644000,0,5.75000000,17.1800
1623461379741000,0,6.44436409,17.1800
1623461380328000,0,5.75000000,17.1800
1623461381724000,0,2.50000000,17.1800
1623461382032000,0,69.50000000,17.1800
1623461383431000,0,72.00000000,17.2000
1623461383637000,0,120.00000000,17.2100
1623461385316000,1,2.50000000,17.2000
1623461385316000,1,3.32000000,17.2000
1623461389441000,0,35.31574774,17.2300
1623461389441000,0,88.42141994,17.2300
1623461389441000,0,20.26293232,17.2300
1623461389676000,1,2.50000000,17.2200
1623461390185000,1,2.50000000,17.2100
1623461390185000,1,72.00000000,17.2100
1623461390274000,1,70.00000000,17.2200
1623461390525000,0,2.40000000,17.2300
1623461390705000,1,2.50000000,17.1900
1623461390705000,1,72.00000000,17.1900
1623461390708000,0,70.00000000,17.2200
1623461391252000,1,0.00000001,17.1700
1623461391806000,0,33.11000391,17.1800
1623461391806000,0,36.88999609,17.1900
1623461392676000,0,72.00000000,17.1800
1623461392676000,0,215.07955274,17.1800
1623461393554000,0,22.22469545,17.1700
1623461393597000,0,49.77530455,17.1700
1623461394540000,0,35.36244000,17.1900
1623461398504000,1,58.14031997,17.1800
1623461398504000,1,70.00000000,17.1800
1623461398796000,0,395.25781003,17.1800
1623461401639000,0,10.50990000,17.2000
1623461401751000,0,19.30182117,17.2000
1623461401751000,0,2.50000000,17.2000
1623461401751000,0,5.39997883,17.2000
1623461402041000,1,2.50000000,17.1800
1623461404546000,0,16.19633000,17.1800
1623461405153000,0,7.44340000,17.1800
1623461405537000,0,23.86027000,17.1800
1623461405537000,0,2.50000000,17.1800
1623461405537000,0,29.52352722,17.1800
1623461405537000,0,2.40000000,17.1900
1623461405537000,0,30.05899325,17.1900
1623461405537000,0,1.65720953,17.1900
1623461405542000,1,2.50000000,17.1600
1623461405864000,0,50.24587000,17.1700
1623461405952000,0,72.00000000,17.1800
1623461405952000,0,68.00000000,17.1800
1623461406448000,0,14.28830000,17.1800
1623461407378000,0,15.30578881,17.1800
1623461407378000,0,70.00000000,17.1800
1623461407378000,0,29.52352722,17.1900
1623461407378000,0,192.29413507,17.1900
1623461407378000,0,2.50000000,17.1900
1623461407458000,1,145.37654890,17.1900
1623461410673000,1,1784.38628571,17.1500
1623461410850000,1,36.41604665,17.1500
1623461411647000,1,58.31221449,17.1400
1623461411794000,1,2.50000000,17.1300
1623461411794000,1,16.71120218,17.1200
1623461412199000,1,14.05865763,17.1200
1623461412199000,1,70.00000000,17.1200
1623461414565000,0,1.47743758,17.1300
1623461416260000,0,58.27202842,17.1300
1623461417450000,1,145.78148851,17.1200
1623461417450000,1,58.24491512,17.1200
1623461417450000,1,141.14795344,17.1200
1623461418560000,1,4.54437463,17.1200
1623461418560000,1,2.50000000,17.1200
1623461419122000,1,145.78148851,17.1100
1623461419122000,1,58.24491512,17.1100
1623461419122000,1,145.69232807,17.1100
1623461419365000,0,2.40000000,17.1200
1623461419365000,0,72.00000000,17.1200
1623461419454000,1,2.50000000,17.1200
1623461419633000,1,88.10000000,17.1200
1623461419954000,0,110.00000000,17.1300
1623461420298000,0,12.50000000,17.1300
1623461420413000,0,40.00000000,17.1300
1623461420491000,0,253.50000000,17.1300
1623461420491000,0,2.40000000,17.1300
1623461420491000,0,40.00000000,17.1300
1623461420491000,0,72.00000000,17.1300
1623461420589000,1,102.10000000,17.1300
1623461420963000,0,24.37849921,17.1100
1623461421344000,1,25.00000000,17.1000
1623461421344000,1,5.00000000,17.1000
1623461421391000,0,72.00000000,17.1000
1623461427677000,0,1.48269102,17.0800
1623461427742000,1,2.50000000,17.0600
1623461427742000,1,2.50000000,17.0600
1623461428691000,1,50.00000000,17.0500
1623461428691000,1,2.40000000,17.0500
1623461430433000,1,5.48150322,17.0300
1623461432138000,0,2.40000000,17.0500
1623461433146000,0,2.50000000,17.0600
1623461434062000,0,1.48631955,17.0600
1623461434182000,0,232.75000000,17.0600
1623461434215000,0,3.26368045,17.0600
1623461435017000,0,2.50000000,17.0800
1623461436404000,0,2.50000000,17.1000
1623461438119000,0,2.50000000,17.1100
1623461438125000,0,285.50000000,17.1100
1623461440691000,1,2.50000000,17.1400
1623461449491000,0,72.00000000,17.1400
1623461449491000,0,2.40000000,17.1500
1623461450398000,0,2.40000000,17.1400
1623461450912000,0,2.50000000,17.1500
1623461451758000,0,2.60000000,17.1600
1623461452982000,1,71.99999000,17.1500
1623461454077000,1,72.00000000,17.1600
1623461454077000,1,2.60000000,17.1600
1623461454077000,1,0.95800000,17.1600
1623461462243000,1,2.40000000,17.1300
1623461462243000,1,72.00000000,17.1300
1623461462321000,0,47.60000000,17.1500
1623461465006000,1,72.00000000,17.1300
1623461465180000,0,2.50000000,17.1300
1623461473815000,0,47.70000000,17.1100
1623461481211000,1,72.00000000,17.0800
1623461481873000,1,2.50000000,17.0700
1623461486111000,1,72.00000000,17.0500
1623461493410000,0,270.00000000,17.0700
1623461493501000,0,88.00000000,17.0700
1623461493501000,0,48.00000000,17.0700
1623461507327000,0,48.10000000,17.1100
1623461530371000,1,48.20000000,17.0900
1623461531033000,0,396.00000000,17.1000
1623461531033000,0,47.90000000,17.1000
1623461540933000,0,428.00000000,17.0900
1623461558066000,0,48.10000000,17.0800
1623461575579000,0,47.70000000,17.0900
1623461598237000,1,8.55675984,17.0700
1623461608480000,1,2.50000000,17.1000
1623461645544000,0,34.77027697,17.0600
1623461645544000,0,35.22972303,17.0600
1623461650702000,1,2.40000000,17.0700
1623461650702000,1,58.53781000,17.0700
1623461652741000,0,33.50786000,17.0800
1623461653531000,0,0.00000528,17.0800
1623461653696000,0,33.51608691,17.0900
1623461653696000,0,83.81647309,17.0900
1623461659669000,1,58.54402000,17.0800
1623461660830000,1,58.54402019,17.0700
1623461660830000,1,71.45597981,17.0700
1623461660848000,1,74.98606429,17.0700
1623461662091000,1,58.54402000,17.0600
1623461662305000,1,0.00000019,17.0600
1623461664748000,1,23.10580000,17.0500
1623461668747000,1,58.58924000,17.0600
1623461675294000,1,58.58924000,17.0500
1623461682992000,1,58.68540000,17.0400
1623461687581000,1,58.68833069,17.0400
1623461687581000,1,146.67056931,17.0400
1623461691722000,0,41.90158000,17.0300
1623461693719000,0,1.78635946,17.0400
1623461693820000,1,58.68833000,17.0200
1623461694180000,1,0.00000069,17.0200
1623461699391000,0,2.50000000,17.0300
1623461703477000,1,146.94127051,17.0100
1623461703477000,1,58.75867949,17.0100
1623461704515000,1,58.80000000,17.0000
1623461704515000,1,17.60000000,17.0000
1623461704515000,1,50.00000000,17.0000
1623461704515000,1,103.60000000,17.0000
1623461704584000,1,46.40000000,17.0000
1623461704584000,1,241.17647058,17.0000
1623461704584000,1,15.99000000,17.0000
1623461704584000,1,35.96742942,17.0000
1623461706357000,1,5.24629535,17.0000
1623461706399000,1,50.00000000,17.0000
1623461706459000,1,8.78627523,17.0000
1623461706459000,1,10.00000000,17.0000
1623461706459000,1,8.11142597,17.0000
1623461706499000,1,8.93854748,17.0000
1623461706548000,1,7.95002655,17.0000
1623461706548000,1,100.00000000,17.0000
1623461706548000,1,28.04997345,17.0000
1623461709339000,0,70.00000000,17.0100
1623461716096000,0,51.22186870,17.0200
1623461716096000,0,127.99916130,17.0200
1623461717392000,1,58.78216909,17.0100
1623461717852000,1,71.95002655,17.0000
1623461717852000,1,358.58235294,17.0000
1623461717852000,1,5.16944284,17.0000
1623461720892000,1,58.78216000,16.9900
1623461721328000,1,0.00000909,16.9900
1623461721328000,1,147.09653889,16.9900
1623461723353000,1,2.50000000,16.9800
1623461724007000,1,58.83792512,16.9700
1623461724007000,1,147.09481280,16.9700
1623461724007000,1,64.06726208,16.9700
1623461724071000,1,318.41687516,16.9700
1623461724817000,1,1.90000000,16.9600
1623461724817000,1,37.66957306,16.9600
1623461724855000,1,21.16835206,16.9600
1623461724855000,1,147.09481280,16.9600
1623461724855000,1,382.48413724,16.9600
1623461725582000,1,2.40205549,16.9500
1623461729146000,1,58.83792512,16.9400
1623461729146000,1,142.49681345,16.9400
1623461729203000,1,4.59799935,16.9400
1623461729203000,1,382.48413724,16.9400
1623461729346000,0,58.85555290,16.9400
1623461729364000,0,382.83186565,16.9400
1623461731571000,1,30.00000000,16.9200
1623461731571000,1,147.13888225,16.9200
1623461731571000,1,246.34897830,16.9200
1623461761572000,0,48.30000000,16.9500
1623461764237000,0,118.40000000,16.9700
1623461765209000,1,2.45000000,16.9500
1623461769070000,0,59.02964422,16.9500
1623461774675000,0,147.31879788,16.9800
1623461774675000,0,54.78748846,16.9800
1623461776477000,0,2.30000000,17.0000
1623461780849000,0,58.79947047,17.0100
1623461783499000,0,147.05005000,17.0100
1623461784284000,0,58.78515688,17.0200
1623461784284000,0,146.95550123,17.0200
1623461787296000,0,58.79634000,17.0200
1623461788903000,0,0.00000565,17.0200
1623461788903000,0,147.00055232,17.0200
1623461788903000,0,382.15865203,17.0200
1623461797805000,1,72.00000000,17.0300
1623461814391000,1,58.79461000,17.0000
1623461814504000,1,0.00000137,17.0000
1623461819674000,1,72.00000000,16.9800
1623461823743000,1,58.85482000,16.9700
1623461823982000,1,0.00000339,16.9700
1623461823982000,1,147.31705661,16.9700
1623461824022000,1,0.00000506,16.9700
1623461825163000,0,2.49999000,16.9700
1623461827196000,0,58.91071837,16.9800
1623461827196000,0,116.08928163,16.9800
1623461827288000,0,31.15141000,16.9800
1623461829597000,0,48.50000000,16.9900
1623461829597000,0,286.50000000,16.9900
1623461829689000,0,61.50000000,16.9900
1623461829689000,0,58.86776271,16.9900
1623461829689000,0,59.63223729,16.9900
1623461831273000,0,70.00000000,17.0000
1623461831638000,1,58.83183508,16.9900
1623461836197000,0,48.60000000,17.0000
1623461836197000,0,58.84070046,17.0000
1623461842071000,1,58.79461137,17.0000
1623461842071000,1,146.99137863,17.0000
1623461844044000,0,2.50000000,17.0000
1623461849738000,1,58.80009000,17.0100
1623461858274000,1,58.75660000,17.0200
1623461871758000,1,58.70551000,17.0300
1623461882745000,1,58.69246000,17.0400
1623461884205000,1,146.77563290,17.0300
1623461884205000,1,38.88024710,17.0300
1623461884291000,1,19.81221000,17.0300
1623461885856000,1,58.69246430,17.0200
1623461888697000,1,58.73107278,17.0200
1623461889563000,1,58.73107278,17.0100
1623461894123000,0,146.86013041,17.0300
1623461894123000,0,58.73287959,17.0300
1623461898463000,0,48.40000000,17.0400
1623461898463000,0,58.70004000,17.0400
1623461908189000,1,58.62364670,17.0500
1623461908189000,1,121.37635330,17.0500
1623461908286000,1,25.19447559,17.0500
1623461908286000,1,381.13521441,17.0500
1623461909163000,1,108.27256703,17.0400
1623461909195000,1,38.29826186,17.0400
1623461909195000,1,381.13523410,17.0400
1623461909216000,1,2.50000000,17.0300
1623461909216000,1,47.80000000,17.0300
1623461909252000,0,58.62364670,17.0400
1623461909431000,1,2.50000000,17.0200
1623461909431000,1,6.73038318,17.0100
1623461913312000,1,58.69302000,17.0400
1623461920513000,1,58.63873022,17.0500
1623461920513000,1,146.58456978,17.0500
1623461920985000,1,0.00000952,17.0500
1623461920985000,1,381.14857043,17.0500
1623461924710000,1,146.57942259,17.0300
1623461924710000,1,58.62982741,17.0300
1623461924973000,1,0.00000627,17.0300
1623461926627000,0,2.49999000,17.0300
1623461928914000,1,146.74978575,17.0200
1623461928914000,1,58.69796425,17.0200
1623461932465000,1,58.83196000,17.0000
1623461933457000,0,58.82547000,17.0000
1623461943963000,1,58.83400175,16.9800
1623461943963000,1,147.03805825,16.9800
1623461952343000,1,58.88948000,16.9700
1623461955024000,1,58.88948000,16.9600
1623461955562000,0,58.93502000,16.9700
1623461955731000,0,0.00000090,16.9700
1623461958967000,0,58.89966109,16.9800
1623461959729000,0,58.87544000,16.9900
1623461966270000,0,58.89961000,16.9800
1623461966856000,0,0.00000532,16.9800
1623461967569000,0,58.85009112,16.9900
1623461973802000,0,48.40000000,17.0000
1623461973802000,0,121.74702208,17.0000
1623461973802000,0,147.11593913,17.0000
1623461973802000,0,58.84622879,17.0000
1623461980653000,0,146.96372935,17.0200
1623461980653000,0,58.77222065,17.0200
1623461990142000,1,58.79668560,16.9900
1623461995004000,0,1.52941176,17.0000
1623462000745000,0,58.84000804,17.0000
1623462000745000,0,147.09515196,17.0000
1623462002649000,0,58.79646000,17.0100
1623462008662000,0,146.97261822,17.0200
1623462008662000,0,58.76600178,17.0200
1623462010009000,0,58.70047362,17.0400
1623462013778000,0,58.66397000,17.0500
1623462017319000,1,146.73428182,17.0300
1623462017319000,1,58.68349818,17.0300
1623462021208000,1,58.68350888,17.0200
1623462024596000,1,58.75868137,17.0200
1623462024596000,1,146.84631863,17.0200
1623462030329000,1,58.76075000,17.0200
1623462044689000,1,58.74711998,17.0200
1623462044689000,1,146.87392002,17.0200
1623462059060000,1,58.70762000,17.0300
1623462059160000,1,0.00000586,17.0300
1623462061870000,0,58.72253000,17.0300
1623462066215000,0,58.70792489,17.0400
1623462067145000,0,146.70328381,17.0500
1623462067145000,0,58.65571456,17.0500
1623462070514000,0,58.64058000,17.0500
1623462070536000,0,0.00000080,17.0500
1623462077021000,1,58.52483000,17.0800
1623462082082000,1,58.54196376,17.0800
1623462082082000,1,146.35973624,17.0800
1623462086373000,1,58.53922000,17.0800
1623462086553000,1,0.00000206,17.0800
1623462087056000,1,146.44375974,17.0700
1623462087056000,1,58.53921026,17.0700
1623462089921000,1,0.00001180,17.0700
1623462089921000,1,146.44031820,17.0700
1623462092621000,1,58.55636000,17.0800
1623462096241000,0,58.54240000,17.0800
1623462097810000,1,58.54059000,17.0800
1623462099564000,0,58.51362000,17.0900
1623462103819000,1,58.52140000,17.0900
1623462103825000,1,0.00000733,17.0900
1623462103911000,1,146.35974053,17.0800
1623462103911000,1,380.41229119,17.0800
1623462104416000,1,58.52140000,17.0800
1623462112830000,1,58.55567000,17.0800
1623462113076000,1,0.00000607,17.0800
1623462115221000,1,146.39402244,17.0700
1623462115221000,1,58.55155756,17.0700
1623462116422000,1,146.48666385,17.0600
1623462116422000,1,58.59601615,17.0600
1623462120925000,1,58.61608000,17.0600
1623462121134000,1,0.00000662,17.0600
1623462126162000,1,58.65390656,17.0500
1623462134816000,0,58.65640265,17.0500
1623462134816000,0,146.66884735,17.0500
1623462135436000,1,58.65377848,17.0500
1623462145078000,0,58.62687196,17.0600
1623462145078000,0,73.35301804,17.0600
1623462152346000,0,58.57097000,17.0800
1623462154768000,1,58.54813000,17.0800
1623462154856000,1,0.00000350,17.0800
1623462155387000,1,146.42832041,17.0700
1623462155387000,1,63.59451959,17.0700
1623462155461000,1,120.00000000,17.0700
1623462155538000,1,110.00000000,17.0700
1623462155620000,1,87.02578000,17.0700
1623462156375000,1,58.54813350,17.0600
1623462159869000,1,58.65665900,17.0500
1623462170769000,0,58.63924790,17.0600
1623462170769000,0,48.00000000,17.0600
1623462170963000,1,13.93466210,17.0600
1623462174678000,0,58.57737867,17.0700
1623462181293000,1,58.60440669,17.0500
1623462181293000,1,111.39559331,17.0500
1623462181364000,1,35.07561000,17.0500
1623462181440000,1,0.00001217,17.0500
1623462181440000,1,174.99998783,17.0500
1623462181509000,1,206.14858260,17.0500
1623462184990000,1,58.67593000,17.0300
1623462199820000,1,58.73659242,17.0200
1623462199820000,1,56.26340758,17.0200
1623462201597000,0,58.73232157,17.0300
1623462201597000,0,146.80148915,17.0300
1623462207758000,0,58.80402000,17.0100
1623462208975000,1,58.79737704,17.0100
1623462212977000,1,58.82504802,17.0000
1623462215153000,0,58.79503602,17.0100
1623462215153000,0,117.04130398,17.0100
1623462215243000,0,29.94142000,17.0100
1623462219461000,0,58.77844000,17.0100
1623462225122000,0,58.81094134,17.0100
1623462225122000,0,48.40000000,17.0100
1623462225122000,0,19.06919866,17.0100
1623462229208000,0,58.81785000,17.0000
1623462235230000,0,58.81232000,17.0000
1623462246787000,1,58.86725109,16.9900
1623462247741000,0,47.90000000,17.0000
1623462247741000,0,58.84499053,17.0000
1623462247741000,0,147.13845140,17.0000
1623462249985000,0,147.04498400,17.0100
1623462249985000,0,58.79918441,17.0100
1623462253193000,0,48.30000000,17.0300
1623462253193000,0,58.74047000,17.0300
1623462255509000,1,58.70211000,17.0300
1623462255721000,1,0.00000166,17.0300
1623462261599000,1,58.70211166,17.0200
1623462265599000,1,58.74418362,17.0200
1623462272701000,0,58.79641000,17.0100
1623462278683000,0,48.50000000,17.0200
1623462278683000,0,58.76532000,17.0200
1623462280312000,0,146.86358136,17.0300
1623462280312000,0,58.72459864,17.0300
1623462281784000,0,58.69840127,17.0400
1623462282894000,0,58.64896000,17.0500
1623462285747000,0,58.64062000,17.0500
1623462287547000,1,58.64633000,17.0500
1623462287607000,1,0.00000866,17.0500
1623462288876000,1,146.61896663,17.0400
1623462288876000,1,58.64632337,17.0400
1623462292633000,1,58.64633000,17.0300
1623462292813000,1,0.00000866,17.0300
1623462297075000,1,58.72693000,17.0100
1623462297433000,1,0.00000372,17.0100
1623462299812000,1,58.78631593,17.0100
1623462304485000,1,58.78631000,17.0000
1623462307043000,0,58.81301000,17.0000
1623462308872000,0,48.30000000,17.0100
1623462308872000,0,58.78881000,17.0100
1623462311204000,0,146.96718517,17.0200
1623462311204000,0,58.76535483,17.0200
1623462312161000,0,48.60000000,17.0300
1623462312359000,1,58.72373000,17.0300
1623462315489000,1,58.71314000,17.0300
1623462315620000,1,0.00000110,17.0300
1623462317483000,0,58.71563000,17.0300
1623462322735000,1,58.67382000,17.0400
1623462322892000,1,0.00000469,17.0400
1623462324466000,0,58.69289000,17.0400
1623462328087000,1,58.68695000,17.0400
1623462334152000,0,58.68531676,17.0500
1623462345876000,1,58.55567607,17.0700
1623462345876000,1,146.40430393,17.0700
1623462346868000,1,58.62037917,17.0600
1623462351043000,1,58.62021006,17.0600
1623462358014000,1,58.62158000,17.0600
1623462359075000,1,0.00000467,17.0600
1623462364137000,1,58.62227200,17.0500
1623462364137000,1,146.57770377,17.0500
1623462366770000,0,58.65431000,17.0500
1623462369401000,1,58.64083000,17.0500
1623462385920000,0,2.50000000,17.0600
1623462385948000,0,10.00000000,17.0600
1623462386032000,0,46.11931146,17.0600
1623462399972000,1,58.52003741,17.0800
1623462399972000,1,146.30491259,17.0800
1623462400264000,1,0.00001028,17.0800
1623462404604000,1,58.54470000,17.0800
1623462405952000,1,0.00000570,17.0800
1623462414140000,1,58.59341806,17.0700
1623462416361000,1,58.59341000,17.0600
1623462416709000,1,0.00000806,17.0600
1623462427376000,0,240.79136000,17.0700
1623462427461000,0,230.00000000,17.0700
1623462427570000,0,3.20864000,17.0700
1623462433752000,0,386.79136000,17.0800
1623462437075000,1,58.55019000,17.0800
1623462474227000,0,1.52941176,17.1200
1623462479458000,1,58.31255343,17.1400
1623462479458000,1,145.78618657,17.1400
1623462480034000,1,58.31255343,17.1300
1623462480034000,1,13.68744657,17.1300
1623462480792000,1,58.31255343,17.1200
1623462480792000,1,145.78618657,17.1200
1623462488181000,1,145.93086000,17.1300
1623462488376000,1,58.37041000,17.1300
1623462488595000,1,0.00000872,17.1300
1623462488595000,1,145.93085128,17.1300
1623462491867000,1,58.35270656,17.1300
1623462495063000,1,379.42928925,17.1200
1623462495063000,1,5.57071075,17.1200
1623462495134000,1,140.36526422,17.1200
1623462495196000,0,58.40515345,17.1200
1623462500276000,1,58.40928000,17.1200
1623462502537000,0,58.40359000,17.1200
1623462504755000,1,58.40382000,17.1200
1623462505617000,1,0.00000857,17.1200
1623462512835000,1,58.45162333,17.1000
1623462513744000,1,58.50018085,17.0900
1623462517381000,0,236.01260000,17.1000
1623462517653000,0,97.98740000,17.1000
1623462524920000,0,58.46219601,17.1100
1623462525513000,1,58.43249000,17.1100
1623462525721000,1,0.00000604,17.1100
1623462525721000,1,146.08605396,17.1100
1623462547754000,1,146.28608878,17.0800
1623462547754000,1,58.52550122,17.0800
1623462549198000,1,146.28608878,17.0700
1623462549198000,1,58.52550122,17.0700
1623462549242000,1,0.00001624,17.0700
1623462557386000,0,58.61995000,17.0600
1623462558195000,0,48.10000000,17.0700
1623462558195000,0,146.54333580,17.0700
1623462558195000,0,17.89104420,17.0700
1623462561225000,0,58.56835000,17.0800
1623462564058000,1,58.55700000,17.0700
1623462564286000,1,0.00000616,17.0700
1623462572694000,0,48.10000000,17.0700
1623462572694000,0,58.60140000,17.0700
1623462576148000,1,58.59337612,17.0700
1623462582914000,0,58.58218274,17.0700
1623462582914000,0,48.19999726,17.0700
1623462591701000,0,58.57600000,17.0700
1623462597348000,1,58.57419000,17.0700
1623462597650000,1,0.00000788,17.0700
1623462600781000,0,48.30000000,17.0700
1623462600781000,0,58.60015000,17.0700
1623462600881000,0,0.00000939,17.0700
1623462604916000,0,58.55135000,17.0800
1623462605720000,1,58.55769197,17.0800
1623462608853000,0,58.53010756,17.0900
1623462614542000,0,58.48419000,17.1000
1623462614609000,0,0.00000860,17.1000
1623462618976000,1,58.46734000,17.1000
1623462624252000,1,0.00000440,17.1000
1623462627085000,0,13.53780000,17.1000
1623462631360000,1,58.48444000,17.1000
1623462631567000,1,0.00000212,17.1000
1623462632185000,1,58.48444000,17.0900
1623462633284000,1,58.48444000,17.0800
1623462633404000,1,0.00000212,17.0800
1623462645603000,1,58.59135815,17.0700
1623462651157000,0,58.62476748,17.0600
1623462655074000,1,58.61608662,17.0600
1623462662802000,1,58.65803000,17.0500
1623462663035000,1,0.00000532,17.0500
1623462663950000,1,146.63960677,17.0400
1623462663950000,1,58.65802323,17.0400
1623462668099000,1,18.00000000,17.0300
1623462669440000,1,58.72003000,17.0300
1623462669481000,1,0.00000660,17.0300
1623462672302000,1,146.80493734,17.0200
1623462672302000,1,58.72002266,17.0200
1623462672447000,1,0.00001394,17.0200
1623462675487000,0,58.74737000,17.0200
1623462677209000,1,58.76558758,17.0200
1623462682631000,0,58.77913000,17.0100
1623462683765000,0,146.91191162,17.0200
1623462683765000,0,48.00000000,17.0200
1623462683765000,0,2.09560838,17.0200
1623462686116000,1,57.63131122,17.0000
1623462687573000,1,58.80746043,16.9900
1623462692840000,0,58.85455000,16.9900
1623462694414000,1,58.84914610,16.9900
1623462694737000,0,889.15085000,16.9900
1623462698591000,0,58.84831809,17.0000
1623462705735000,1,58.82158000,17.0000
1623462710063000,0,58.81993000,17.0000
1623462712399000,0,48.00000000,17.0100
1623462712399000,0,146.98273835,17.0100
1623462712399000,0,58.79156165,17.0100
1623462717323000,0,58.80471649,17.0100
1623462717323000,0,147.00692351,17.0100
1623462721870000,0,147.01385459,17.0100
1623462721870000,0,47.99999541,17.0100
1623462726181000,0,0.00000459,17.0100
1623462728991000,1,58.79668560,17.0000
1623462728991000,1,146.99656616,17.0000
1623462730027000,0,400.00000000,17.0000
1623462730117000,0,215.00000000,17.0000
1623462730124000,0,2.50000000,17.0000
1623462730184000,0,1216.04303534,17.0000
1623462730201000,0,183.54815000,17.0000
1623462730269000,0,121.59728507,17.0000
1623462730292000,0,140.00000000,17.0000
1623462730371000,0,125.00000000,17.0000
1623462730689000,0,1215.74920332,17.0000
1623462730837000,0,15.00000000,17.0000
1623462731167000,0,1117.95369302,17.0000
1623462731203000,0,7.81538149,17.0000
1623462735983000,0,58.73564000,17.0300
1623462738874000,1,58.71038000,17.0300
1623462745508000,1,58.71783000,17.0300
1623462749748000,1,58.72693000,17.0300
1623462756264000,0,48.50000000,17.0400
1623462766969000,1,58.65730000,17.0500
1623462771353000,1,146.66369428,17.0400
1623462771353000,1,20.75950572,17.0400
1623462771519000,1,37.89779000,17.0400
1623462771595000,1,0.00000869,17.0400
1623462777838000,1,58.70693000,17.0200
1623462778082000,1,0.00000653,17.0200
1623462780038000,1,58.77802000,17.0100
1623462784270000,1,58.78105000,17.0100
1623462784373000,1,0.00000263,17.0100
1623462785820000,0,2.50000000,17.0100
1623462785820000,0,58.78604000,17.0100
1623462792683000,1,58.76558758,17.0100
1623462796531000,0,276.00000000,17.0100
1623462799127000,0,48.50000000,17.0200
1623462800273000,1,58.75730000,17.0200
1623462800477000,1,0.00000032,17.0200
1623462806609000,1,58.78700000,17.0100
1623462817569000,1,58.76420620,17.0100
1623462841883000,1,58.77940000,17.0100
1623462842152000,1,0.00000486,17.0100
1623462846193000,0,121.66567163,17.0100
1623462846193000,0,48.30000000,17.0100
1623462846193000,0,200.03432837,17.0100
1623462846386000,0,143.96567000,17.0100
1623462856958000,1,58.75039000,17.0200
1623462857130000,1,0.00000607,17.0200
1623462863810000,0,72.00000000,17.0200
1623462865206000,0,72.00000000,17.0300
1623462865206000,0,84.25037000,17.0300
1623462867993000,1,58.71383000,17.0300
1623462873088000,0,140.00000000,17.0400
1623462885937000,1,58.69108637,17.0400
1623462885937000,1,146.68089363,17.0400
1623462886195000,1,0.00001086,17.0400
1623462891872000,1,58.68833000,17.0400
1623462902742000,1,58.62639000,17.0600
1623462910587000,0,48.20000000,17.0700
1623462910587000,0,93.20053000,17.0700
1623462911361000,0,58.54920000,17.0800
1623462915497000,0,58.55400000,17.0800
1623462919052000,1,58.55430000,17.0800
1623462920958000,0,26.89680000,17.0800
1623462932635000,1,146.33061354,17.0800
1623462932635000,1,58.51798266,17.0800
1623462934658000,1,58.51798266,17.0700
1623462934658000,1,118.07912734,17.0700
1623462934724000,1,28.32860000,17.0700
1623462935679000,1,380.42125122,17.0600
1623462935679000,1,146.40773970,17.0600
1623462938580000,0,58.60621491,17.0700
1623462938580000,0,196.55137509,17.0700
1623462950022000,1,58.52072000,17.0900
1623462950086000,1,0.00000236,17.0900
1623462956431000,0,58.51294000,17.0900
1623462957450000,1,58.51524000,17.0900
1623462959541000,1,58.51318000,17.0800
1623462966906000,1,58.55430000,17.0600
1623462972750000,0,13.66246059,17.0700
1623462974384000,1,321.90000000,17.0700
1623462977312000,0,58.58012000,17.0700
1623462981005000,1,146.42145953,17.0600
1623462981005000,1,13.57854047,17.0600
1623462981007000,1,44.98811007,17.0600
1623462989878000,1,146.51585302,17.0600
1623462989878000,1,58.58860698,17.0600
1623462993182000,1,58.60784000,17.0600
1623462996153000,1,58.60784000,17.0500
1623462998822000,0,58.65984000,17.0500
1623463008649000,0,47.90000000,17.0600
1623463008649000,0,122.10000000,17.0600
1623463008744000,0,143.90000000,17.0600
1623463008744000,0,14.87068000,17.0600
1623463008821000,0,43.76577476,17.0600
1623463011634000,1,57.42823857,17.0600
1623463011635000,1,1.17200487,17.0600
1623463014397000,0,58.62820444,17.0600
1623463014397000,0,270.00000000,17.0600
1623463019803000,1,58.62777000,17.0600
1623463022635000,1,146.55192628,17.0500
1623463022635000,1,58.62776372,17.0500
1623463027083000,1,146.67746213,17.0400
1623463027083000,1,3.32253787,17.0400
1623463027153000,1,55.30523000,17.0400
1623463044351000,0,47.90000000,17.0400
1623463048822000,0,48.30000000,17.0500
1623463051275000,1,58.62089000,17.0500
1623463051608000,1,0.00000736,17.0500
1623463078194000,0,48.40000000,17.0400
1623463098372000,1,58.61192000,17.0600
1623463098564000,1,0.00000159,17.0600
1623463107612000,1,58.62570888,17.0600
1623463107612000,1,146.50553112,17.0600
1623463112792000,1,58.62364000,17.0600
1623463112994000,1,0.00000670,17.0600
1623463116668000,1,58.62364000,17.0500
1623463123982000,1,58.62089000,17.0500
1623463124154000,1,0.00000736,17.0500
1623463125435000,1,58.62089736,17.0400
1623463130553000,0,58.68256000,17.0400
1623463135002000,1,58.69659850,17.0400
1623463157810000,1,58.73728000,17.0100
1623463159347000,1,58.81393000,17.0000
1623463159582000,1,0.00000181,17.0000
1623463164224000,1,2.40000000,16.9600
1623463164224000,1,58.81393181,16.9600
1623463166189000,0,2.50000000,16.9600
1623463169521000,0,255.34048000,16.9500
1623463169612000,0,440.00000000,16.9500
1623463169717000,0,252.65952000,16.9500
1623463170365000,0,48.70000000,16.9600
1623463170444000,0,58.99899000,16.9600
1623463172339000,0,0.00000756,16.9600
1623463172339000,0,147.46999244,16.9600
1623463184431000,0,48.30000000,16.9300
1623463184431000,0,147.87999243,16.9300
1623463184431000,0,59.07432602,16.9300
1623463184645000,0,72.00000000,16.9400
1623463184645000,0,179.66588102,16.9400
1623463187607000,0,426.91718000,16.9400
1623463188365000,0,3.08282000,16.9400
1623463189671000,1,59.03829299,16.9300
1623463193635000,0,59.07637193,16.9400
1623463193635000,0,48.30000000,16.9400
1623463195150000,0,103.57910000,16.9500
1623463195346000,0,58.99621308,16.9500
1623463201761000,1,59.00902817,16.9400
1623463201761000,1,65.99097183,16.9400
1623463201901000,1,81.52254041,16.9400
1623463212339000,1,200.00000000,16.9000
1623463212339000,1,6.97896000,16.9000
1623463216668000,1,59.19201000,16.8800
1623463216853000,1,0.00000093,16.8800
1623463218157000,1,120.00000000,16.8700
1623463222642000,0,59.29710789,16.8700
1623463222642000,0,2.40000000,16.8700
1623463225646000,0,59.24015000,16.8800
1623463225646000,0,0.00451433,16.8800
1623463237759000,0,59.33364633,16.8600
1623463237759000,0,48.89999367,16.8600
1623463238579000,0,10.30290000,16.8700
1623463243583000,0,59.16744867,16.9000
1623463244734000,1,59.17264000,16.9000
1623463245170000,1,59.16614000,16.8900
1623463250809000,1,59.16194290,16.9000
1623463250809000,1,40.83805710,16.9000
1623463250878000,1,107.07167000,16.9000
1623463251034000,1,0.00001246,16.9000
1623463251568000,0,48.90000000,16.9000
1623463252462000,1,59.16194290,16.8800
1623463252462000,1,107.81377710,16.8800
1623463252535000,1,40.09596246,16.8800
1623463252535000,1,70.00000000,16.8800
1623463252915000,0,2.50000000,16.8800
1623463256712000,1,59.23203000,16.8800
1623463257004000,1,0.00000085,16.8800
1623463261942000,1,59.23203000,16.8700
1623463262157000,1,0.00000085,16.8700
1623463262242000,0,148.16746480,16.8700
1623463265045000,1,59.30228507,16.8600
1623463268365000,0,48.60000000,16.8600
1623463268365000,0,59.33153419,16.8600
1623463268365000,0,57.06846581,16.8600
1623463274968000,0,48.90000000,16.8700
1623463274968000,0,59.28440000,16.8700
1623463279650000,0,48.50000000,16.9000
1623463283059000,1,59.15844286,16.9000
1623463283306000,1,72.00000000,16.8900
1623463283446000,1,75.90098000,16.8900
1623463283446000,1,0.00000916,16.8900
1623463284427000,0,59.22962000,16.8900
1623463288044000,1,59.17664761,16.8900
1623463294009000,0,48.60000000,16.8900
1623463294009000,0,59.21073000,16.8900
1623463295574000,1,59.18085030,16.9000
1623463298536000,0,48.90000000,16.9100
1623463298536000,0,57.17133000,16.9100
1623463303297000,0,48.80000000,16.9300
1623463303297000,0,59.09801725,16.9300
1623463312000000,0,48.00000000,16.9700
1623463315864000,0,2.50000000,16.9900
1623463320865000,1,58.81120927,17.0000
1623463320865000,1,147.03287655,17.0000
1623463328868000,0,58.79088822,17.0100
1623463328868000,0,48.29999178,17.0100
1623463329907000,1,58.76278000,17.0200
1623463332617000,1,0.00000085,17.0200
1623463332629000,0,71.99999915,17.0200
1623463334384000,1,74.86013126,17.0200
1623463334384000,1,72.00000000,17.0200
1623463334384000,1,381.82335874,17.0200
1623463340646000,0,58.74461000,17.0200
1623463340896000,0,0.00000087,17.0200
1623463349104000,1,58.64427000,17.0500
1623463349602000,1,0.00000503,17.0500
1623463350655000,1,146.68262574,17.0400
1623463350655000,1,58.64426426,17.0400
1623463357661000,1,58.58037442,17.0600
1623463357661000,1,146.45576558,17.0600
1623463359128000,1,146.45577036,17.0500
1623463359128000,1,58.58037442,17.0500
1623463361033000,1,290.00000000,17.0400
1623463361102000,1,90.96389000,17.0400
1623463366356000,0,47.90000000,17.0400
1623463369530000,0,48.40000000,17.0600
1623463372317000,0,48.20000000,17.0700
1623463376278000,1,58.57760000,17.0700
1623463376293000,1,0.00002913,17.0700
1623463376858000,1,58.57762913,17.0600
1623463387712000,1,58.58449283,17.0600
1623463387712000,1,146.46605717,17.0600
1623463388106000,1,0.00000957,17.0600
1623463390006000,1,58.62983368,17.0500
1623463391282000,1,146.57942259,17.0400
1623463391282000,1,58.62982741,17.0400
1623463391416000,1,0.00000627,17.0400
1623463393178000,1,13.42240000,17.0300
1623463396021000,1,58.68277706,17.0400
1623463396021000,1,146.71016294,17.0400
1623463400804000,0,48.50000000,17.0500
1623463411539000,0,2.50000000,17.0600
1623463415661000,1,58.57557033,17.0700
1623463415692000,0,146.44375974,17.0700
1623463419896000,1,58.58170536,17.0700
1623463419896000,1,146.41630464,17.0700
1623463425843000,0,48.20000000,17.0700
1623463425843000,0,58.57600000,17.0700
1623463427603000,0,48.10000000,17.0800
1623463435208000,1,58.52205125,17.0900
1623463435208000,1,146.27751875,17.0900
1623463435586000,1,0.00001068,17.0900
1623463439355000,0,146.21570656,17.1000
1623463439355000,0,47.60000000,17.1000
1623463439355000,0,21.18429344,17.1000
1623463439432000,0,37.32317238,17.1000
1623463441328000,1,58.48102000,17.1000
1623463441436000,1,0.00000177,17.1000
1623463443263000,1,146.20567044,17.0900
1623463443263000,1,58.48102177,17.0900
1623463448353000,1,58.51935248,17.0900
1623463448353000,1,146.27580752,17.0900
1623463448506000,1,0.00001016,17.0900
1623463458296000,0,322.00000000,17.0900
1623463459428000,1,2.50000000,17.0900
1623463461560000,1,146.26725000,17.0900
1623463461691000,1,58.50497258,17.0900
1623463465992000,0,364.00000000,17.1000
1623463465992000,0,47.90000000,17.1000
1623463471654000,1,58.47623397,17.1000
1623463472194000,1,380.12309614,17.0900
1623463472194000,1,146.17831415,17.0900
1623463475139000,1,58.51729000,17.0900
1623463475209000,1,0.00000778,17.0900
1623463476891000,1,146.27239430,17.0900
1623463490807000,0,121.02978776,17.1000
1623463505288000,0,241.30000000,17.1100
1623463562048000,1,58.64930000,17.0400
1623463563812000,1,368.00000000,17.0200
1623463573773000,0,58.74888000,17.0200
1623463573861000,0,0.00000377,17.0200
1623463577715000,0,242.40000000,17.0300
1623463578098000,0,58.70680647,17.0400
1623463578098000,0,146.76701617,17.0400
1623463584093000,1,58.65983000,17.0400
1623463592903000,1,58.66698297,17.0400
1623463592903000,1,381.29915703,17.0400
1623463593184000,1,2.50000000,17.0400
1623463593269000,1,144.13616000,17.0400
1623463593441000,1,0.00000634,17.0400
1623463593441000,1,381.29916734,17.0400
1623463597701000,1,58.66698000,17.0300
1623463598900000,1,146.63616634,17.0200
1623463598900000,1,58.73723871,17.0200
1623463602755000,0,242.90000000,17.0300
1623463602946000,1,58.73383247,17.0200
1623463603028000,0,33.49312347,17.0200
1623463603898000,1,146.82390000,17.0200
1623463608485000,1,2.50000000,17.0100
1623463608589000,1,144.32390528,17.0100
1623463608589000,1,47.22296472,17.0100
1623463608888000,1,11.54953000,17.0100
1623463619337000,1,147.00175226,17.0000
1623463619337000,1,58.79736774,17.0000
1623463634953000,1,58.68075000,17.0400
1623463635141000,1,0.00000391,17.0400
1623463637678000,0,58.67429000,17.0400
1623463639841000,1,146.70672738,17.0300
1623463639841000,1,58.68074262,17.0300
1623463642478000,1,58.73309884,17.0200
1623463648409000,1,58.76420000,17.0200
1623463648546000,1,0.00000620,17.0200
1623463655083000,1,58.77871384,17.0100
1623463658208000,0,121.66873482,17.0100
1623463658208000,0,48.59999518,17.0100
1623463666190000,0,0.00000482,17.0100
1623463666190000,0,58.77983029,17.0100
1623463666190000,0,121.67913489,17.0100
1623463666758000,0,0.00001301,17.0100
1623463670158000,1,58.78493359,17.0000
1623463670678000,1,1.53031195,16.9900
1623463670678000,1,2.40000000,16.9900
1623463670765000,1,58.78493359,16.9900
1623463675389000,1,147.29449472,16.9700
1623463680959000,0,48.40000000,16.9800
1623463680959000,0,121.90446000,16.9800
1623463690370000,0,0.00000724,16.9800
1623463691783000,1,58.86378586,16.9800
1623463695292000,1,58.86378586,16.9600
1623463695292000,1,147.23377189,16.9600
1623463696182000,1,59.00828460,16.9500
1623463702543000,0,59.04009000,16.9400
1623463704681000,1,59.02296018,16.9400
1623463707369000,0,59.04219000,16.9400
1623463711129000,0,59.00665624,16.9500
1623463715246000,0,58.97468896,16.9600
1623463717142000,0,48.00000000,16.9800
1623463717142000,0,58.90377848,16.9800
1623463717142000,0,147.25458551,16.9800
1623463721071000,0,58.89684000,16.9800
1623463723624000,1,58.93390882,16.9700
1623463723624000,1,147.25110118,16.9700
1623463727147000,0,58.92251996,16.9800
1623463732874000,0,58.94127000,16.9700
1623463737083000,0,346.00000000,16.9800
1623463739773000,0,58.90660000,16.9800
1623463741714000,0,121.81606939,16.9900
1623463741714000,0,48.70000000,16.9900
1623463741714000,0,58.87880837,16.9900
1623463744709000,0,58.83457051,17.0000
1623463748611000,0,58.76808579,17.0200
1623463753437000,0,58.73702006,17.0300
1623463753437000,0,47.90000000,17.0300
1623463753437000,0,121.53833540,17.0300
1623463756994000,0,58.73426000,17.0300
1623463758662000,0,58.68118000,17.0400
1623463761878000,1,58.68557000,17.0400
1623463762039000,1,0.00000527,17.0400
1623463763638000,1,58.68557000,17.0300
1623463763827000,1,0.00000527,17.0300
1623463768052000,0,58.73154436,17.0300
1623463770251000,1,58.75799000,17.0200
1623463770387000,1,0.00000084,17.0200
1623463772108000,1,58.75799084,17.0100
1623463774698000,1,58.75799000,17.0000
1623463774921000,1,0.00000084,17.0000
1623463778135000,0,58.82685000,17.0000
1623463779979000,1,58.83473902,17.0000
1623463780916000,1,147.08651040,16.9900
1623463780916000,1,58.83473902,16.9900
1623463786748000,1,58.90331000,16.9800
1623463786915000,1,0.00000363,16.9800
1623463790093000,0,58.93779000,16.9700
1623463792837000,0,48.20000000,16.9800
1623463792837000,0,131.80000000,16.9800
1623463792924000,0,15.49449472,16.9800
1623463792924000,0,58.89892152,16.9800
1623463794897000,1,58.88670000,16.9800
1623463796480000,0,58.88227000,16.9800
1623463798894000,1,58.87418000,16.9800
1623463807060000,1,58.88254000,16.9800
1623463808051000,1,147.22163334,16.9700
1623463808051000,1,58.90890666,16.9700
1623463808331000,1,0.00000486,16.9700
1623463812371000,1,58.90891152,16.9600
1623463818088000,0,147.40044574,16.9700
1623463818088000,0,121.96350646,16.9700
1623463818088000,0,58.94474753,16.9700
1623463822513000,0,58.90447000,16.9800
1623463822672000,0,0.00000239,16.9800
1623463824249000,1,58.85551000,16.9900
1623463824378000,1,0.00000620,16.9900
1623463831405000,0,58.85316000,16.9900
1623463841482000,0,121.75622374,17.0000
1623463841482000,0,48.50000000,17.0000
1623463841482000,0,58.83100814,17.0000
1623463844997000,1,58.82435000,17.0000
1623463847169000,0,58.79711014,17.0100
1623463850392000,1,58.78769000,17.0100
1623463851430000,1,130.00000000,17.0000
1623463851579000,1,16.98446668,17.0000
1623463851579000,1,58.78768332,17.0000
1623463853896000,0,58.81647000,17.0000
1623463863404000,1,147.01039658,17.0000
1623463863404000,1,58.79806850,17.0000
1623463870487000,1,58.82989000,17.0000
1623463870633000,1,0.00000312,17.0000
1623463876423000,0,58.80264184,17.0100
1623463883820000,0,58.69982777,17.0400
1623463888731000,1,58.65803000,17.0500
1623463888881000,1,0.00000532,17.0500
1623463889251000,1,146.65681000,17.0400
1623463889619000,1,58.65803532,17.0400
1623463895149000,0,58.67498000,17.0400
1623463896696000,1,58.69095690,17.0400
1623463896696000,1,146.70843310,17.0400
1623463907821000,1,58.65803000,17.0400
1623463907889000,1,0.00000532,17.0400
1623463908587000,1,58.72241041,17.0300
1623463909875000,1,58.72241000,17.0200
1623463910264000,1,0.00000041,17.0200
1623463918554000,1,58.75730032,17.0200
1623463918554000,1,146.85494968,17.0200
1623463924703000,1,58.75730000,17.0100
1623463924822000,1,0.00000032,17.0100
1623463925838000,1,58.81558000,17.0000
1623463925986000,1,0.00000378,17.0000
1623463936922000,0,58.76877652,17.0200
1623463936922000,0,121.62463348,17.0200
1623463943465000,1,58.70349011,17.0300
1623463943465000,1,146.75323151,17.0300
1623463950199000,1,58.76904129,17.0100
1623463950199000,1,146.86702871,17.0100
1623463957419000,1,58.76282000,17.0200
1623463961176000,1,146.92054537,17.0100
1623463961176000,1,58.76281463,17.0100
1623463961504000,1,0.00001027,17.0100
1623463965403000,1,58.81673000,17.0000
1623463965564000,1,0.00000711,17.0000
1623463966867000,1,146.98965193,16.9900
1623463966867000,1,58.85549807,16.9900
1623463971078000,0,58.82828436,17.0000
1623463973788000,0,58.79987000,17.0100
1623463975914000,1,58.79668000,16.9900
1623463979190000,1,58.86452420,16.9900
1623463980081000,0,58.86355000,16.9900
1623463984337000,1,58.85205000,16.9900
1623463984482000,1,0.00000232,16.9900
1623463984977000,1,147.13498752,16.9800
1623463984977000,1,58.85204248,16.9800
1623463985067000,1,0.00000984,16.9800
1623463990648000,0,58.88921000,16.9800
1623463994734000,1,58.89364000,16.9700
1623464002754000,0,58.96217000,16.9600
1623464005481000,0,121.99084948,16.9700
1623464015577000,0,58.89267804,16.9800
1623464015577000,0,147.23897475,16.9800
1623464015577000,0,121.87849721,16.9800
1623464019619000,1,147.27019958,16.9700
1623464019619000,1,58.90123190,16.9700
1623464021969000,1,147.35005658,16.9600
1623464021969000,1,58.94363572,16.9600
1623464023633000,1,58.94363572,16.9500
1623464027229000,1,147.46130615,16.9500
1623464028441000,1,59.01668996,16.9400
1623464029255000,0,58.98925303,16.9500
1623464029255000,0,122.08554697,16.9500
1623464037876000,0,0.00000886,16.9500
1623464037876000,0,122.00738897,16.9600
1623464037876000,0,58.96629649,16.9600
1623464037876000,0,147.40736568,16.9600
1623464047516000,1,58.96031788,16.9500
1623464051026000,0,58.98786000,16.9500
1623464051114000,0,0.00000121,16.9500
1623464051114000,0,122.06318879,16.9500
1623464052096000,1,59.01524953,16.9400
1623464052096000,1,147.48392425,16.9400
1623464056771000,1,59.06688904,16.9300
1623464060546000,1,59.06688904,16.9200
1623464063077000,0,59.09731000,16.9200
1623464064361000,0,122.21446471,16.9300
1623464064361000,0,59.09730529,16.9300
1623464064751000,0,122.21446000,16.9300
1623464069932000,1,59.05707000,16.9300
1623464070029000,1,0.00000367,16.9300
1623464070029000,1,147.61105633,16.9300
1623464070058000,1,0.00000623,16.9300
1623464073568000,1,59.07247199,16.9300
1623464087993000,1,59.07665989,16.9200
1623464087993000,1,147.71047011,16.9200
1623464091329000,0,122.23579111,16.9300
1623464091329000,0,56.25596889,16.9300
1623464091631000,0,2.82808182,16.9300
1623464095669000,1,59.04526000,16.9300
1623464095671000,1,0.00000508,16.9300
1623464102625000,1,59.08573572,16.9200
1623464102625000,1,147.70698428,16.9200
1623464102684000,1,0.00001231,16.9200
1623464108465000,0,122.22717000,16.9300
1623464110345000,1,59.07735793,16.9200
1623464116054000,0,0.00000795,16.9300
1623464118742000,0,0.00000976,16.9500
1623464124019000,1,58.97422690,16.9500
1623464126398000,0,58.99899000,16.9500
1623464129329000,1,58.98744654,16.9500
1623464138737000,1,58.91321000,16.9700
1623464141567000,1,58.91321000,16.9600
1623464145321000,1,58.94155000,16.9600
1623464145429000,1,0.00000112,16.9600
1623464149600000,1,147.41782930,16.9500
1623464149600000,1,58.94155112,16.9500
1623464152338000,1,59.01107038,16.9400
1623464153639000,1,59.05851000,16.9300
1623464161510000,1,59.06968000,16.9200
1623464162332000,1,0.00000038,16.9200
1623464163828000,1,2.50000000,16.9100
1623464163876000,1,56.62766032,16.9100
1623464165919000,1,59.16469000,16.9000
1623464165923000,1,0.00000412,16.9000
1623464168370000,0,59.14830261,16.9100
1623464170823000,0,59.11548471,16.9200
1623464174493000,1,59.10179000,16.9200
1623464174725000,1,0.00000979,16.9200
1623464176710000,0,59.10640034,16.9200
1623464176710000,0,147.76112346,16.9200
1623464180816000,1,59.10179000,16.9100
1623464191022000,0,48.70000000,16.9400
1623464191022000,0,59.04288785,16.9400
1623464191022000,0,122.20915027,16.9400
1623464191022000,0,71.99999188,16.9400
1623464197574000,0,59.03661381,16.9400
1623464197574000,0,12.96328619,16.9400
1623464199062000,1,170.00000000,16.9400
1623464199062000,1,11.24324000,16.9400
1623464204748000,0,59.01292392,16.9500
1623464214608000,0,0.00002271,16.9800
1623464214608000,0,341.99999729,16.9800
1623464217859000,1,58.89295212,16.9800
1623464217859000,1,147.21642788,16.9800
1623464224797000,1,58.89017746,16.9800
1623464224797000,1,147.23029254,16.9800
1623464232316000,1,58.80982576,17.0000
1623464232316000,1,147.02941765,17.0000
1623464235215000,1,58.80982000,16.9900
1623464237107000,1,0.00000576,16.9900
1623464237107000,1,147.13844424,16.9900
1623464241920000,1,58.85343000,16.9900
1623464242518000,1,0.00000782,16.9900
1623464243324000,1,58.85343000,16.9800
1623464243643000,1,0.00000782,16.9800
1623464246056000,0,2.50000000,16.9800
1623464246056000,0,72.00000000,16.9800
1623464246056000,0,97.53802431,16.9800
1623464246056000,0,58.90174262,16.9800
1623464246056000,0,2.49999218,16.9900
1623464246056000,0,72.00000000,16.9900
1623464246056000,0,58.86910349,16.9900
1623464246056000,0,2.50000000,16.9900
1623464246056000,0,3.66260143,16.9900
1623464246056000,0,71.30000000,16.9900
1623464246056000,0,187.03379530,16.9900
1623464252760000,0,58.88643000,16.9800
1623464265387000,0,58.87950170,16.9900
1623464269715000,1,58.82366000,17.0000
1623464270204000,1,0.00000385,17.0000
1623464270937000,0,58.82339000,17.0000
1623464273856000,0,58.82400000,17.0000
1623464273874000,0,0.00008700,17.0000
1623464276860000,1,58.82569529,17.0000
1623464276860000,1,147.02594471,17.0000
1623464280501000,1,58.83266000,17.0000
1623464282864000,1,147.02595890,16.9900
1623464282864000,1,58.83266211,16.9900
1623464287727000,1,58.83266000,16.9800
1623464287852000,1,0.00000211,16.9800
1623464288430000,1,58.93460349,16.9700
1623464296131000,0,58.97186000,16.9600
1623464303211000,1,59.00624000,16.9500
1623464304508000,1,147.46130615,16.9400
1623464304508000,1,59.00623385,16.9400
1623464309385000,1,59.04038000,16.9400
1623464309616000,1,0.00000444,16.9400
1623464310272000,1,147.60409040,16.9300
1623464310272000,1,59.04038444,16.9300
1623464313927000,0,59.07204000,16.9300
1623464314043000,0,0.00000053,16.9300
1623464315874000,1,2.50000000,16.9300
1623464315874000,1,59.05084394,16.9300
1623464316840000,1,59.05084000,16.9200
1623464318744000,1,59.05084000,16.9100
1623464318964000,1,0.00000394,16.9100
1623464324171000,1,59.05084000,16.8900
1623464324298000,1,0.00000394,16.8900
1623464326852000,1,59.24957000,16.8800
1623464326938000,1,0.00000880,16.8800
1623464327109000,1,147.63198299,16.8700
1623464327109000,1,385.17850701,16.8700
1623464330837000,1,59.24957880,16.8500
1623464330837000,1,12.75042120,16.8500
1623464331851000,0,35.49905655,16.8600
1623464331870000,0,2.50000000,16.8600
1623464331893000,0,21.32684599,16.8600
1623464331971000,0,2.40000000,16.8700
1623464331971000,0,72.00000000,16.8700
1623464332552000,0,72.00000000,16.8800
1623464332552000,0,59.25840604,16.8800
1623464334931000,1,59.28420000,16.8700
1623464334958000,1,0.00000545,16.8700
1623464336097000,0,72.00000000,16.8700
1623464337565000,0,59.31323523,16.8700
1623464339428000,1,59.29876840,16.8600
1623464348435000,0,59.33017000,16.8600
1623464352180000,0,244.50000000,16.8900
1623464352180000,0,5.49390214,16.8900
1623464352180000,0,59.21698786,16.8900
1623464352379000,0,0.00001211,16.8900
1623464352955000,0,59.16514866,16.9000
1623464354789000,0,59.14975000,16.9100
