timestamp ms,type,amount,price
1626480071902000,1,6.25000000,12.8900
1626480071904000,1,26.67028091,12.8900
1626480071940000,1,44.59559736,12.8900
1626480139340000,1,77.69656515,12.8700
1626480180932000,0,15.82000000,12.8500
1626480180978000,0,62.01664652,12.8500
1626480185283000,0,76.25854567,12.8600
1626480376875000,0,76.80000000,13.0200
1626480376893000,0,0.00719410,13.0200
1626480434633000,1,571.31089000,13.0100
1626480434691000,1,40.68911000,13.0100
1626480481519000,0,76.82489000,13.0200
1626480508988000,0,77.05338000,12.9800
1626480509205000,0,0.00000618,12.9800
1626480510643000,0,77.03201000,12.9900
1626480510924000,0,0.00000873,12.9900
1626480516703000,0,77.01896000,12.9900
1626480530882000,0,76.98457000,12.9900
1626480568361000,1,32.00000000,12.9900
1626480574136000,1,31.90000000,12.9800
1626480587582000,1,32.30000000,12.9700
1626480609732000,0,77.15921000,12.9700
1626480630364000,1,32.10000000,12.9100
1626480635565000,1,32.50000000,12.9000
1626480641499000,0,77.53610495,12.9000
1626480641499000,0,193.84652505,12.9000
1626480680295000,1,77.58203246,12.8800
1626480680295000,1,32.59999754,12.8800
1626480736652000,1,32.60000000,12.8700
1626480775349000,1,77.56518250,12.8900
1626480775349000,1,31.79999750,12.8900
1626480775398000,1,0.00000250,12.8900
1626480792857000,0,77.88757000,12.8400
1626480802169000,0,77.91669917,12.8400
1626480802169000,0,32.59999083,12.8400
1626480815799000,0,77.77248000,12.8600
1626480819837000,0,77.76159000,12.8600
1626480833316000,1,77.68000000,12.8500
1626480833419000,1,0.00932151,12.8500
1626480835589000,0,77.77248080,12.8600
1626480835589000,0,164.82999920,12.8600
1626480841302000,0,0.00000108,12.8600
1626480869221000,0,1.54743390,12.8600
1626480872228000,0,163.27417415,12.8600
1626480880873000,0,164.88712000,12.8600
1626480934758000,0,77.90213000,12.8400
1626480968416000,0,32.60000000,12.8500
1626480968416000,0,165.02484000,12.8500
1626481052066000,1,29.21313264,12.8300
1626481149783000,0,0.00000839,12.8500
1626481149783000,0,164.92275161,12.8500
1626481171305000,1,10.94677745,12.8700
1626481171414000,1,21.05322255,12.8700
1626481190785000,0,77.76044180,12.8700
1626481190785000,0,164.78027582,12.8700
1626481190785000,0,194.35590453,12.8700
1626481191795000,0,77.65290000,12.8800
1626481428933000,0,77.72774000,12.8700
1626481527573000,0,392.75158000,12.9300
1626481527593000,0,346.41000000,12.9300
1626481527618000,0,23.99000000,12.9300
1626481527621000,0,160.47000000,12.9300
1626481527725000,0,91.47842000,12.9300
1626481527725000,0,193.50144739,12.9300
1626481527725000,0,15.02013261,12.9300
1626481538592000,0,193.32487859,12.9400
1626481538592000,0,77.35497665,12.9400
1626481546751000,0,77.26652000,12.9500
1626481638880000,0,6.25000000,12.9100
1626481638918000,0,24.59626075,12.9100
1626481638921000,0,29.25200711,12.9100
1626481639008000,0,16.39481711,12.9100
1626481639026000,0,0.96734687,12.9100
1626481639732000,0,391.22000000,12.9200
1626481640005000,0,60.78000000,12.9200
1626481668993000,1,57.19000000,12.9100
1626481898891000,0,6.25000000,12.9700
1626481898956000,0,70.90563892,12.9700
1626481899834000,0,502.00000000,12.9800
1626481901239000,0,77.03557915,12.9900
1626481903441000,0,76.96613000,13.0000
1626481928129000,1,75.29202850,13.0000
1626481928142000,1,1.53657201,13.0000
1626481932059000,1,32.50000000,12.9900
1626481932059000,1,76.93381000,12.9900
1626481936105000,1,76.96223000,12.9900
1626481973062000,1,192.44980909,12.9800
1626481973062000,1,76.98019091,12.9800
1626482027263000,0,32.40000000,12.9900
1626482054764000,1,76.84000000,13.0100
1626482054865000,1,0.00040795,13.0100
1626482068680000,1,76.90304798,13.0000
1626482134414000,1,162.70000000,13.0000
1626482194933000,0,19.33898807,13.0300
1626482194957000,0,57.41161572,13.0300
1626482227020000,1,76.65302243,13.0400
1626482295950000,0,76.62123000,13.0600
1626482384702000,1,27.10000000,13.0700
1626482384737000,1,49.38658637,13.0700
1626482400517000,1,76.38025000,13.0900
1626482435926000,0,31.60000000,13.0600
1626482437570000,1,76.56506000,13.0600
1626482437575000,1,0.00000178,13.0600
1626482473978000,1,6.25000000,13.0500
1626482473992000,1,665.75000000,13.0500
1626482473992000,1,44.25000000,13.0500
1626482474049000,1,453.19724017,13.0500
1626482474049000,1,191.38316441,13.0500
1626482474049000,1,76.56623427,13.0500
1626482497489000,0,31.90000000,13.0500
1626482497489000,0,76.64589000,13.0500
1626482499087000,0,31.80000000,13.0600
1626482499087000,0,76.61653000,13.0600
1626482509923000,1,76.56388000,13.0500
1626482565655000,0,31.90000000,13.0600
1626482722504000,0,76.57195000,13.0600
1626482722542000,0,0.00000001,13.0600
1626482919971000,0,76.63180027,13.0500
1626482919971000,0,153.36819973,13.0500
1626482957661000,0,33.50000000,13.0500
1626483016202000,0,32.00000000,13.0500
1626483227990000,0,31.50000000,13.1400
1626483231983000,1,76.08503000,13.1400
1626483236842000,0,70.00000000,13.1300
1626483237745000,1,76.15807000,13.1200
1626483255608000,1,76.40476000,13.0800
1626483265650000,1,76.38492000,13.0900
1626483294419000,0,76.32905630,13.1100
1626483309811000,0,76.20434864,13.1300
1626483399893000,0,31.90000000,13.1600
1626483402182000,1,70.00000000,13.1600
1626483404526000,1,75.99251000,13.1500
1626483414255000,1,76.10008000,13.1400
1626483416635000,0,76.07102291,13.1500
1626483416635000,0,190.22979760,13.1500
1626483417797000,0,6.25000000,13.1800
1626483417897000,0,487.40135150,13.1800
1626483429440000,0,70.00000000,13.1800
1626483435224000,1,75.86337000,13.1800
1626483450986000,0,31.80000000,13.2200
1626483450986000,0,75.68721000,13.2200
1626483451023000,0,0.00000352,13.2200
1626483451141000,0,345.35298000,13.2300
1626483451173000,0,6.25000000,13.2300
1626483451298000,0,75.59418760,13.2300
1626483452374000,0,75.50671247,13.2600
1626483452374000,0,97.52328753,13.2700
1626483453142000,1,6.25000000,13.2700
1626483453219000,1,125.08127748,13.2700
1626483453411000,1,4.60822883,13.2700
1626483460820000,1,70.00000000,13.2600
1626483461287000,1,482.00000000,13.2500
1626483465147000,1,75.32846693,13.2700
1626483465147000,1,188.32675445,13.2700
1626483465147000,1,369.61483862,13.2700
1626483465485000,1,299.61485000,13.2600
1626483473421000,1,75.46034000,13.2500
1626483473601000,1,0.00000689,13.2500
1626483511590000,1,75.45009830,13.2500
1626483511590000,1,188.55117279,13.2500
1626483511590000,1,70.00000000,13.2500
1626483511590000,1,63.59698891,13.2500
1626483532199000,1,75.46376000,13.2500
1626483532272000,1,0.00000370,13.2500
1626483533727000,1,75.46376000,13.2400
1626483549237000,1,75.50707000,13.2400
1626483598573000,0,75.53322000,13.2400
1626483605606000,1,75.44212000,13.2500
1626483673346000,1,75.58469000,13.2200
1626483675655000,1,390.00000000,13.2100
1626483697519000,1,75.67964000,13.2100
1626483723311000,0,32.00000000,13.2300
1626483738526000,1,189.21332667,13.2000
1626483738526000,1,75.70485834,13.2000
1626483767594000,1,75.74958964,13.2000
1626483802533000,1,75.69568922,13.2100
1626483802533000,1,189.20186078,13.2100
1626483831436000,1,75.73352000,13.2000
1626483937551000,1,75.76910000,13.1900
1626483937629000,1,0.00000445,13.1900
1626483967969000,1,75.81276000,13.1900
1626483967998000,1,0.00000216,13.1900
1626483988053000,0,160.64571000,13.1900
1626484046814000,1,331.49695000,13.1600
1626484046865000,1,310.50305000,13.1600
1626484055090000,1,76.03758000,13.1500
1626484055158000,1,0.00000899,13.1500
1626484309117000,1,31.70000000,13.1200
1626484469181000,0,32.00000000,13.1400
1626484495010000,0,31.90000000,13.1400
1626484604429000,0,76.28573000,13.1100
1626484604503000,0,0.00000249,13.1100
1626484673659000,0,76.34746000,13.1000
1626484703025000,1,6.25000000,13.0800
1626484703034000,1,184.70339210,13.0800
1626484703034000,1,76.38842626,13.0800
1626484765160000,0,161.50000000,13.0800
1626485063105000,0,76.39064724,13.1000
1626485063105000,0,174.90860276,13.1000
1626485067957000,1,76.29051000,13.1000
1626485067992000,1,0.00000779,13.1000
1626485272187000,0,31.70000000,13.1400
1626485280289000,0,2.63631418,13.1500
1626485379814000,1,31.90000000,13.1200
1626485430378000,1,32.20000000,13.1100
1626485724536000,0,31.60000000,13.0800
1626485730089000,1,31.70000000,13.0800
1626485837017000,0,76.51921854,13.0700
1626485953610000,0,76.82843000,13.0200
1626485988642000,0,162.69361554,13.0300
1626486001984000,0,76.75060000,13.0300
1626486037295000,1,41.00000000,13.0100
1626486042027000,1,76.81207000,13.0000
1626486120789000,0,77.16992832,12.9600
1626486124403000,0,60.40000000,12.9700
1626486191262000,0,77.22356000,12.9500
1626486200173000,0,36.00000000,12.9600
1626486216735000,0,31.90000000,12.9600
1626486216735000,0,77.18779752,12.9600
1626486249268000,1,32.60000000,12.9400
1626486280774000,0,32.40000000,12.9600
1626486308443000,0,32.30000000,12.9600
1626486354575000,1,77.03931000,12.9700
1626486446439000,1,76.91724481,13.0000
1626486446439000,1,192.23275519,13.0000
1626486470374000,0,31.80000000,12.9900
1626486644937000,1,76.91606000,12.9900
1626486670595000,0,77.13064000,12.9700
1626486684998000,0,77.10447000,12.9700
1626486756685000,1,19.82000000,12.9600
1626486766673000,1,77.15820000,12.9600
1626486780129000,1,77.15463000,12.9600
1626486792390000,0,77.16516000,12.9600
1626486941535000,1,77.39000000,12.9200
1626486941535000,1,0.00468846,12.9200
1626486964891000,0,32.10000000,12.9200
1626486964891000,0,77.45203000,12.9200
1626487015883000,1,31.80000000,12.9000
1626487017578000,1,193.77441558,12.8900
1626487017578000,1,77.52307442,12.8900
1626487025235000,1,32.70000000,12.8600
1626487026335000,1,120.00000000,12.8500
1626487031961000,1,120.00000000,12.8300
1626487031961000,1,77.91329000,12.8300
1626487039314000,0,120.00000000,12.8500
1626487041743000,0,120.00000000,12.8700
1626487044524000,0,120.00000000,12.8900
1626487045411000,0,120.00000000,12.9000
1626487046996000,1,6.25000000,12.8900
1626487047168000,0,77.63964373,12.9000
1626487047206000,1,42.36035627,12.9000
1626487047470000,1,163.75000000,12.8900
1626487072330000,1,32.10000000,12.8800
1626487083590000,1,77.56397000,12.8900
1626487101904000,1,77.49000000,12.9000
1626487101959000,1,0.00785579,12.9000
1626487103681000,0,503.77012521,12.9100
1626487103681000,0,77.51927593,12.9100
1626487113806000,1,77.38000000,12.9200
1626487113868000,1,70.00000000,12.9200
1626487124185000,1,65.50000000,12.9100
1626487124185000,1,77.39349046,12.9100
1626487124185000,1,62.94969076,12.9100
1626487124255000,1,130.53977567,12.9100
1626487124255000,1,441.56551433,12.9100
1626487125421000,0,70.00000000,12.9100
1626487125542000,1,6.25000000,12.9100
1626487125553000,0,71.24404609,12.9100
1626487139352000,0,77.46883000,12.9100
1626487140842000,1,77.46000000,12.9000
1626487140886000,1,0.00183597,12.9000
1626487144409000,0,31.80000000,12.9000
1626487144409000,0,77.54210000,12.9000
1626487244211000,1,77.59166430,12.8800
1626487253711000,0,77.82695000,12.8500
1626487256937000,0,77.79426000,12.8600
1626487269924000,1,77.81000000,12.8500
1626487270026000,1,0.00870294,12.8500
1626487288527000,0,77.88757000,12.8400
1626487289636000,0,77.88150000,12.8500
1626487310946000,0,340.00000000,12.8600
1626487311018000,0,234.00000000,12.8600
1626487329800000,1,77.79000000,12.8500
1626487329852000,1,0.00085563,12.8500
1626487361439000,1,77.75214000,12.8600
1626487361590000,1,0.00000469,12.8600
1626487376276000,1,76.19710180,12.8500
1626487376292000,1,1.55504289,12.8500
1626487419885000,1,77.81749178,12.8500
1626487485753000,1,77.69000000,12.8700
1626487485839000,1,0.00777256,12.8700
1626487532187000,1,77.81022557,12.8500
1626487573671000,1,77.97000000,12.8200
1626487578196000,0,60.65790000,12.8200
1626487615763000,0,77.94706000,12.8300
1626487630464000,0,2.63474843,12.8400
1626487632678000,1,77.87000000,12.8400
1626487698786000,1,1.96000000,12.8100
1626487698803000,1,0.04000000,12.8100
1626487703047000,1,78.05072924,12.8100
1626487703047000,1,95.69999076,12.8100
1626487711148000,1,77.98000000,12.8200
1626487711149000,1,0.00012484,12.8200
1626487778279000,0,32.59999999,12.8300
1626487778301000,0,0.00000001,12.8300
1626487959978000,1,6.25000000,12.8000
1626487960163000,1,9.75000000,12.8000
1626487960163000,1,54.91000000,12.8000
1626487960177000,1,273.34000000,12.8000
1626487960196000,1,519.16000000,12.8000
1626487960237000,1,3.88000000,12.8000
1626487960457000,1,148.71000000,12.8000
1626487960457000,1,100.00000000,12.8000
1626487968560000,0,78.08217649,12.8100
1626487979178000,0,78.06510961,12.8100
1626487979178000,0,32.79999039,12.8100
1626488054289000,0,32.70000000,12.8200
1626488071543000,0,5.02023225,12.8300
1626488076913000,1,77.87081000,12.8400
1626488082917000,0,32.70000000,12.8400
1626488092527000,1,7.02000000,12.8300
1626488092595000,1,70.88115086,12.8300
1626488100459000,1,77.93000000,12.8300
1626488100556000,1,0.00879541,12.8300
1626488119197000,0,438.51000000,12.8400
1626488119319000,0,217.49000000,12.8400
1626488120592000,0,554.00000000,12.8500
1626488123098000,1,77.80000000,12.8500
1626488123143000,1,0.00780380,12.8500
1626488150187000,0,32.30000000,12.8600
1626488217650000,0,77.94828000,12.8300
1626488303241000,0,32.10000000,12.8200
1626488303241000,0,78.06389083,12.8200
1626488303443000,0,0.00000001,12.8200
1626488321934000,0,32.50000000,12.8300
1626488409349000,0,77.99205028,12.8300
1626488409349000,0,194.92264972,12.8300
1626488539758000,1,78.11535000,12.8000
1626488539765000,1,0.00000894,12.8000
1626488652635000,0,78.13342000,12.8000
1626488652702000,0,0.00000192,12.8000
1626488658928000,0,78.10047000,12.8100
1626488695505000,1,77.99958000,12.8200
1626488695612000,1,0.00000915,12.8200
1626488708214000,1,77.99000000,12.8100
1626488985448000,0,32.30000000,12.8300
1626489019403000,0,32.30000000,12.8400
1626489035303000,0,32.50000000,12.8900
1626489047463000,1,77.59412000,12.8800
1626489067434000,0,31.90000000,12.8800
1626489081583000,1,77.41386000,12.9100
1626489222013000,1,77.57000000,12.8900
1626489222061000,1,0.00240302,12.8900
1626489264488000,1,77.54000000,12.8900
1626489264493000,1,0.00713710,12.8900
1626489306376000,0,77.58061000,12.8900
1626489688307000,0,19.00000000,12.9200
1626489716189000,1,32.00000000,12.9000
1626489807574000,1,77.09400485,12.9700
1626489807574000,1,192.69306515,12.9700
1626489830212000,1,77.14868000,12.9600
1626490137970000,1,77.33961000,12.9200
1626490189431000,0,30.00000000,12.9300
1626490189558000,0,77.34774779,12.9300
1626490229288000,1,49.38000000,12.8900
1626490396668000,0,77.82210000,12.8500
1626490478725000,1,77.73280000,12.8600
1626490484259000,0,76.21342002,12.8600
1626490870888000,1,6.25000000,12.8300
1626490886128000,0,77.90091820,12.8400
1626491040641000,1,32.20000000,12.8200
1626491273531000,1,32.10000000,12.8500
1626491314664000,1,32.70000000,12.8500
1626491409834000,1,77.81991415,12.8400
1626491409834000,1,32.09999585,12.8400
1626491419101000,1,506.43765345,12.8200
1626491419101000,1,194.67069505,12.8200
1626491419101000,1,77.94165150,12.8200
1626491430411000,1,78.06413415,12.7900
1626491430411000,1,21.30586585,12.7900
1626491432892000,0,195.44686972,12.8000
1626491432892000,0,78.18228967,12.8000
1626491432892000,0,86.37084061,12.8000
1626491451567000,0,32.40000000,12.7800
1626491452035000,1,2.40000000,12.7700
1626491485596000,0,32.20000000,12.7800
1626491576269000,0,78.13952000,12.8000
1626491576323000,0,0.00000705,12.8000
1626491576323000,0,51.50011295,12.8000
1626491638015000,0,78.18717000,12.7900
1626491707230000,0,6.25000000,12.8100
1626491709264000,0,6.25000000,12.8200
1626491713263000,0,6.25000000,12.8400
1626491726514000,1,77.86000000,12.8400
1626491726618000,1,0.00960603,12.8400
1626491760229000,1,2.94294959,12.8600
1626491985979000,1,32.70000000,12.8900
1626492036395000,1,77.36834093,12.9200
1626492065820000,1,32.40000000,12.9100
1626492104358000,1,23.70580000,12.9000
1626492125851000,1,32.50000000,12.8900
1626492132999000,0,77.60705000,12.8900
1626492133066000,0,0.00000422,12.8900
1626492209350000,1,32.40000000,12.9100
1626492438032000,1,32.50000000,12.9000
1626492558805000,0,48.55249371,12.9100
1626492558913000,0,28.91164039,12.9100
1626492603728000,1,77.25243000,12.9400
1626492617716000,1,77.28940000,12.9300
1626492667751000,0,130.00000000,12.9200
1626492757856000,0,60.00000000,12.9200
1626492779994000,1,77.33009000,12.9300
1626492964983000,0,77.52768000,12.9000
1626493021474000,0,31.90000000,12.9100
1626493199838000,1,77.51000000,12.9000
1626493199861000,1,0.00708007,12.9000
1626493313552000,0,32.60000000,12.8900
1626493321093000,0,32.20000000,12.9000
1626493365662000,0,32.50000000,12.9100
1626493526999000,1,193.47149778,12.9000
1626493526999000,1,77.34081495,12.9000
1626493551821000,1,32.60000000,12.9000
1626493600136000,1,193.92472618,12.8700
1626493600136000,1,32.30000000,12.8700
1626493600136000,1,77.63864382,12.8700
1626493687028000,0,32.60000000,12.8800
1626493705491000,0,32.60000000,12.8900
1626493720891000,1,6.25000000,12.8800
1626493720990000,1,105.95000000,12.8800
1626493721054000,1,81.83008242,12.8800
1626493721054000,1,77.57967782,12.8800
1626493739546000,0,32.30000000,12.8900
1626493786347000,0,32.60000000,12.8900
1626493792200000,0,32.70000000,12.9000
1626493808119000,0,31.80000000,12.9100
1626493818555000,0,31.90000000,12.9200
1626493981755000,0,77.53009000,12.9000
1626493985548000,0,32.50000000,12.9100
1626493985548000,0,193.74438141,12.9100
1626493985548000,0,77.50360381,12.9100
1626494055425000,0,77.74466000,12.8700
1626494067699000,0,32.20000000,12.8800
1626494067699000,0,77.69030000,12.8800
1626494148394000,0,77.65290000,12.8800
1626494403644000,1,6.25000000,12.8600
1626494403672000,1,71.45018748,12.8600
1626494412844000,1,77.81000000,12.8500
1626494419215000,0,77.81968680,12.8600
1626494419215000,0,32.40000000,12.8600
1626494419215000,0,139.78031320,12.8600
1626494484802000,0,77.39808000,12.9300
1626494484939000,0,0.00000269,12.9300
1626494501085000,1,32.00000000,12.9300
1626494540010000,1,77.32048225,12.9200
1626494540010000,1,32.29999775,12.9200
1626494563255000,1,77.38750099,12.9200
1626494563255000,1,31.99999901,12.9200
1626494568122000,1,32.60000000,12.9100
1626494616271000,1,32.00000000,12.8800
1626494764730000,1,12.70000000,12.8500
1626494764832000,1,181.63173204,12.8500
1626494764832000,1,77.75826796,12.8500
1626494764908000,1,0.00355085,12.8500
1626494782357000,1,32.70000000,12.8400
1626494784569000,0,77.88393000,12.8400
1626494806560000,1,32.00000000,12.8300
1626495157641000,0,32.00000000,12.8700
1626495233161000,1,77.62901000,12.8800
1626495246012000,1,77.69173591,12.8700
1626495272811000,1,77.69173591,12.8700
1626495275130000,1,77.71588815,12.8600
1626495275130000,1,194.14459890,12.8600
1626495296404000,1,77.81991000,12.8500
1626495380367000,1,77.57847000,12.8900
1626495567874000,1,32.40000000,12.8800
1626495681433000,1,32.00000000,12.9000
1626495681433000,1,77.51828000,12.9000
1626495681442000,1,0.00000190,12.9000
1626495759400000,1,32.50000000,12.8900
1626495812063000,1,77.70139000,12.8600
1626495819976000,1,77.77754000,12.8500
1626495901289000,1,32.60000000,12.8400
1626496085200000,1,77.68811436,12.8700
1626496212199000,0,32.30000000,12.8800
1626496284218000,1,77.39229000,12.9100
1626496503604000,1,77.46303000,12.9000
1626496701700000,1,32.00000000,12.9300
1626496759462000,0,32.20000000,12.9600
1626496854972000,1,32.20000000,12.9400
1626497113986000,1,31.70000000,12.9600
1626497249338000,0,32.40000000,12.9200
1626497481123000,0,32.10000000,12.9000
1626497494380000,1,77.33842231,12.9300
1626497494380000,1,32.59999769,12.9300
1626497553335000,0,32.40000000,12.9700
1626497555878000,0,77.11042000,12.9700
1626497639723000,0,32.00000000,12.9600
1626497644277000,0,32.40000000,12.9700
1626497657396000,0,31.90000000,12.9700
1626497686083000,1,77.15106108,12.9500
1626497686083000,1,192.99355892,12.9500
1626497712453000,1,77.21778000,12.9500
1626497762253000,1,77.21301000,12.9500
1626497825775000,0,31.90000000,12.9500
1626497875533000,1,77.20228000,12.9500
1626497918929000,0,77.22117000,12.9500
1626498016658000,1,77.20347000,12.9500
1626498062979000,0,31.90000000,12.9700
1626498118602000,1,77.14629000,12.9600
1626498118657000,1,0.00000940,12.9600
1626498332221000,0,6.25000000,12.9900
1626498332263000,0,70.79270097,12.9900
1626498369355000,0,77.04000000,12.9800
1626498420479000,0,77.05576107,12.9800
1626498420479000,0,163.37438893,12.9800
1626498475758000,1,76.97645000,12.9900
1626498783865000,0,163.26268000,12.9900
1626498874573000,0,0.00000991,12.9900
1626498981284000,0,32.40000000,13.0000
1626499003407000,0,32.50000000,13.0100
1626499011018000,1,76.79437000,13.0200
1626499032682000,0,31.70000000,13.0300
1626499072936000,0,31.90000000,13.0400
1626499072936000,0,8.10000000,13.0400
1626499092602000,1,31.80000000,13.0300
1626499092602000,1,76.68484148,13.0300
1626499278840000,0,75.15445114,13.0500
1626499278849000,0,1.53376431,13.0500
1626499611066000,0,31.90000000,13.0600
1626499618957000,1,76.55802000,13.0600
1626499640931000,0,32.20000000,13.0400
1626499640931000,0,76.71174000,13.0400
1626499761014000,1,31.80000000,13.0500
1626499852166000,0,31.70000000,13.0700
1626499852166000,0,108.63817903,13.0700
1626500054004000,1,76.62020000,13.0500
1626500247152000,0,76.45720000,13.0800
1626500880541000,1,30.93000000,13.0300
1626500880559000,1,45.81133817,13.0300
1626500948362000,0,11.43934968,13.0300
1626500961685000,0,20.16065032,13.0300
1626501019381000,0,32.20000000,13.0300
1626501048544000,1,76.69000000,13.0300
1626501048563000,1,0.00307539,13.0300
1626501206165000,1,76.72000000,13.0300
1626501206181000,1,0.00367401,13.0300
1626501354596000,1,31.60000000,13.0700
1626501645351000,0,31.70000000,13.0700
1626501879834000,1,76.63000000,13.0400
1626501879852000,1,0.00782441,13.0400
1626502027065000,0,31.90000000,13.0700
1626502317876000,1,68.04000000,13.0700
1626502495866000,0,32.20000000,13.0800
1626502940447000,0,146.14517625,13.0600
1626502940447000,0,32.30000000,13.0600
1626502940447000,0,76.57428375,13.0600
1626502940648000,0,0.00001157,13.0600
1626503000849000,0,15.21406727,13.0800
1626503105618000,1,2.51084690,13.0500
1626503105618000,1,284.48135886,13.0500
1626503118745000,1,76.56000000,13.0600
1626503303507000,1,6.25000000,13.0500
1626503306615000,0,10.98822222,13.0700
1626503412384000,0,31.60000000,13.0800
1626503541444000,0,76.45369850,13.0900
1626503541444000,0,191.03802421,13.0900
1626503738683000,0,36.16143840,13.0700
1626503865702000,1,76.66367000,13.0400
1626504014662000,0,146.26845025,13.0500
1626504014662000,0,32.19999975,13.0500
1626504057223000,0,15.23736600,13.0600
1626504166685000,0,7.18810000,13.0700
1626504289205000,0,76.51804000,13.0700
1626504289216000,0,0.00000756,13.0700
1626504329367000,0,32.30000000,13.0900
1626504398265000,1,75.69261000,13.0700
1626504502961000,0,162.30000000,13.0600
1626505023091000,0,31.80000000,13.0500
1626505198894000,1,120.00000000,13.0700
1626505235156000,0,3.80934150,13.0600
1626505447991000,0,19.09647779,13.0600
1626505480924000,1,76.63664000,13.0400
1626505751836000,1,192.00638997,13.0100
1626505751836000,1,76.80361003,13.0100
1626505794927000,1,76.86285000,13.0000
1626505794999000,1,0.00000207,13.0000
1626505798178000,1,76.94091000,12.9900
1626505798257000,1,0.00000784,12.9900
1626505828496000,1,76.98712000,12.9800
1626505828621000,1,0.00000220,12.9800
1626505854484000,1,192.70793186,12.9700
1626505854484000,1,47.29206814,12.9700
1626505854525000,1,75.42000000,12.9700
1626505854533000,1,378.07762262,12.9700
1626505854533000,1,77.03456897,12.9700
1626505854878000,0,370.53218000,12.9700
1626505860899000,0,32.30000000,12.9800
1626505860899000,0,147.10697000,12.9800
1626505915257000,1,30.26000000,12.9600
1626505915299000,1,43.99237754,12.9600
1626506090726000,1,73.87445644,12.9600
1626506097460000,1,73.61995000,12.9400
1626506097745000,1,0.00000495,12.9400
1626506101933000,1,73.69051000,12.9300
1626506101976000,1,0.00000684,12.9300
1626506106707000,1,73.01715000,12.9100
1626506128800000,0,70.00000000,12.8900
1626506178931000,1,71.63000000,12.9100
1626506178945000,1,0.00160708,12.9100
1626506205676000,1,71.27000000,12.9000
1626506225309000,1,70.97000000,12.9000
1626506241038000,1,70.61512852,12.9000
1626506241038000,1,3.89487148,12.9000
1626506282421000,1,31.35000000,12.9100
1626506282442000,1,38.82181620,12.9100
1626506374291000,0,32.00000000,12.9200
1626506398947000,1,174.44967217,12.9100
1626506398947000,1,35.55032783,12.9100
1626506399001000,1,34.24039775,12.9100
1626506400114000,1,69.85000000,12.9000
1626506400219000,1,0.00759520,12.9000
1626506402964000,1,69.88000000,12.9000
1626506403070000,1,0.00376401,12.9000
1626506423474000,1,66.86000000,12.9100
1626506484105000,0,32.70000000,12.9200
1626506520292000,0,3.82598345,12.9400
1626506530293000,0,32.20000000,12.9400
1626506821940000,1,67.57110000,12.9000
1626506821994000,1,0.00004029,12.9000
1626506824781000,1,67.61828000,12.8900
1626506824906000,1,0.00000295,12.8900
1626506858579000,1,65.44125789,12.8900
1626506858579000,1,163.61808211,12.8900
1626506858720000,1,0.00001684,12.8900
1626506959193000,1,63.28390000,12.8700
1626506989305000,0,38.62655279,12.8800
1626507026664000,0,32.60000000,12.8800
1626507070784000,1,62.91704000,12.8800
1626507070917000,1,0.00000708,12.8800
1626507363927000,0,32.60000000,12.9000
1626507900271000,0,40.20000000,12.9000
1626508250708000,0,2.67248062,12.9000
1626508584331000,1,62.00584000,12.9000
1626508680357000,0,30.47018571,12.9100
1626508798111000,1,60.32672000,12.9000
1626508798154000,1,0.00000454,12.9000
1626508900820000,1,61.66866656,12.8800
1626508900820000,1,149.85485975,12.8800
1626508901601000,1,61.66172131,12.8700
1626508901601000,1,154.15430328,12.8700
1626508920300000,0,4.21861529,12.8900
1626508929195000,1,59.29201252,12.8800
1626509321110000,1,58.52640000,12.8500
1626509346414000,1,58.36648000,12.8200
1626509346479000,1,0.00000223,12.8200
1626509503268000,1,58.06456000,12.8200
1626509740374000,0,32.50000000,12.8300
1626509746467000,1,58.46123000,12.8400
1626509913050000,1,56.00584000,12.9000
1626509970695000,0,77.59867676,12.8900
1626509970695000,0,162.40132324,12.8900
1626509970757000,0,31.58960000,12.8900
1626509970929000,0,0.00001350,12.8900
1626509984640000,0,2.31574864,12.8900
1626510258814000,1,52.42890000,12.8700
1626510258840000,1,85.11825206,12.8700
1626510258840000,1,54.99945274,12.8700
1626510260468000,1,137.61982180,12.8600
1626510260468000,1,55.07126820,12.8600
1626510313366000,0,77.74466821,12.8700
1626510435402000,0,32.90000000,12.8600
1626510435402000,0,77.76280000,12.8600
1626510435744000,0,0.00000460,12.8600
1626510492660000,0,77.69000000,12.8800
1626510492663000,0,0.00996792,12.8800
1626510529112000,0,194.32266891,12.8700
1626510529112000,0,77.75733109,12.8700
1626510529130000,0,0.00063631,12.8700
1626510529324000,0,6.25000000,12.8800
1626510564772000,0,77.70962849,12.8700
1626510564772000,0,99.10935324,12.8800
1626510603547000,0,77.70117536,12.8700
1626510603547000,0,194.29245464,12.8700
1626510603613000,0,0.00000992,12.8700
1626510627253000,0,8.96118012,12.8800
1626510690514000,0,132.85508935,12.8700
1626510691245000,0,3.00000000,12.8600
1626510705329000,1,5.00000000,12.8500
1626510705329000,1,26.96827235,12.8500
1626510705346000,1,39.00233831,12.8500
1626510705413000,0,120.00000000,12.8500
1626510810675000,0,20.00000000,12.8800
1626510814638000,0,57.65290000,12.8800
1626510814676000,0,0.00000702,12.8800
1626510817996000,0,77.62276974,12.8900
1626510828016000,0,77.56000000,12.9000
1626510851838000,1,32.20000000,12.9100
1626510854267000,0,70.00000000,12.9100
1626510854268000,0,7.48203765,12.9100
1626510854303000,0,12.82036000,12.9100
1626510865025000,0,70.00000000,12.9200
1626510941779000,1,67.38201000,12.8900
1626511062835000,0,31.90000000,12.9300
1626511068000000,0,77.21759792,12.9600
1626511072939000,1,171.47147406,12.9600
1626511072939000,1,68.59711594,12.9600
1626511138312000,0,31.80000000,13.0400
1626511139352000,0,76.68253533,13.0500
1626511139352000,0,31.59999467,13.0500
1626511145596000,0,40.00000000,13.0600
1626511157028000,1,68.00274000,13.0700
1626511161274000,1,169.24199277,13.0600
1626511161274000,1,67.69479723,13.0600
1626511168603000,1,65.46115000,13.0300
1626511175925000,0,32.30000000,13.0300
1626511176613000,1,65.22202487,13.0200
1626511179907000,0,458.64000000,13.0400
1626511179997000,0,9.36000000,13.0400
1626511183961000,1,20.89070000,13.0500
1626511194768000,0,33.70000000,13.0500
1626511203239000,1,65.76000000,13.0700
1626511203241000,1,0.00549573,13.0700
1626511207622000,1,65.47284000,13.0700
1626511213646000,0,76.49000000,13.0800
1626511213771000,0,0.00814629,13.0800
1626511218493000,0,652.00000000,13.1100
1626511221892000,0,31.70000000,13.1000
1626511232944000,0,36.00000000,13.1400
1626511232944000,0,190.43556422,13.1400
1626511232944000,0,76.15328189,13.1400
1626511232944000,0,32.10000000,13.1400
1626511232944000,0,2.47665296,13.1400
1626511232944000,0,6.00000000,13.1400
1626511235508000,0,60.00000000,13.1500
1626511235593000,0,434.85810034,13.1500
1626511235593000,0,190.29930274,13.1500
1626511235593000,0,76.09533452,13.1500
1626511257824000,1,70.00000000,13.2000
1626511262166000,1,120.00000000,13.1700
1626511345116000,0,31.70000000,13.1900
1626511392867000,1,522.95024000,13.1300
1626511392926000,1,25.04976000,13.1300
1626511396637000,0,31.50000000,13.1400
1626511396637000,0,76.17532000,13.1400
1626511413560000,0,76.11618541,13.1400
1626511413560000,0,190.30508459,13.1400
1626511415755000,0,31.90000000,13.1500
1626511415755000,0,76.10112000,13.1500
1626511416665000,1,68.67000000,13.1400
1626511447096000,0,76.11039000,13.1400
1626511473532000,0,75.88860000,13.1800
1626511485107000,1,68.84741000,13.1800
1626511485188000,1,0.00000779,13.1800
1626511531029000,1,67.66540000,13.2100
1626511539157000,1,68.60035000,13.2200
1626511548587000,0,70.00000000,13.2400
1626511559457000,1,68.29000000,13.2100
1626511559510000,1,0.00430610,13.2100
1626511579390000,1,6.20000000,13.1800
1626511579446000,1,53.15000000,13.1800
1626511579459000,1,11.97446817,13.1800
1626511586926000,0,75.89205000,13.1800
1626511611860000,0,15.11515151,13.2000
1626511620548000,1,15.56000000,13.1900
1626511631118000,1,71.41000000,13.1800
1626511657650000,0,148.10000000,13.1800
1626511660466000,0,138.60000000,13.1900
1626511663965000,1,71.38000000,13.1900
1626511663965000,1,0.00166313,13.1900
1626511680445000,0,116.00000000,13.1900
1626511680918000,0,189.56914724,13.2000
1626511680918000,0,14.07085276,13.2000
1626511695863000,1,71.93102886,13.2000
1626511712671000,1,71.64000000,13.1900
1626511712680000,1,0.00872158,13.1900
1626511728429000,1,70.95559000,13.1900
1626511752648000,1,70.24000000,13.1900
1626511782225000,1,69.03000000,13.1800
1626511807965000,1,171.76998143,13.1700
1626511807965000,1,68.68511857,13.1700
1626511829586000,1,167.83830887,13.1800
1626511829586000,1,67.13169113,13.1800
1626511829601000,1,0.00168089,13.1800
1626511835845000,1,65.96862000,13.1800
1626511838393000,1,64.64140851,13.1800
1626511838719000,1,1.31921242,13.1800
1626511846231000,1,69.70000000,13.1700
1626511846236000,1,93.57752445,13.1700
1626511846236000,1,64.99213096,13.1700
1626511849724000,1,155.20880000,13.1700
1626511849749000,1,0.00000086,13.1700
1626511855343000,1,28.63000000,13.1700
1626511855401000,1,28.63000000,13.1700
1626511855560000,1,4.04586575,13.1700
1626511857694000,1,60.97000000,13.1700
1626511883351000,1,61.54000000,13.1600
1626511883440000,1,0.00039339,13.1600
1626511897124000,1,61.58000000,13.1500
1626511897156000,1,0.00546528,13.1500
1626511910049000,1,61.35000000,13.1400
1626511910077000,1,0.00417840,13.1400
1626511914758000,1,61.06000000,13.1400
1626511914805000,1,0.00323200,13.1400
1626511937542000,1,60.71000000,13.1400
1626511937593000,1,0.00011385,13.1400
1626511956592000,0,31.60000000,13.1300
1626511993072000,0,31.40000000,13.1400
1626511995803000,0,32.00000000,13.1500
1626512000780000,0,31.90000000,13.1600
1626512006881000,1,28.55000000,13.1500
1626512012112000,0,31.30000000,13.1600
1626512018171000,0,32.10000000,13.1800
1626512021247000,1,59.19091000,13.1800
1626512021391000,1,0.00000302,13.1800
1626512021750000,1,58.00709476,13.1800
1626512027377000,1,59.19091000,13.1700
1626512030717000,1,58.67087000,13.1600
1626512047515000,0,190.15166497,13.1600
1626512047515000,0,32.00000000,13.1600
1626512047515000,0,76.04672683,13.1600
1626512052533000,1,58.20018216,13.1700
1626512052766000,1,1.18775882,13.1700
1626512089500000,0,32.00000000,13.1900
1626512095778000,1,59.01222000,13.1800
1626512095793000,1,0.00000637,13.1800
1626512097335000,1,59.07000000,13.1700
1626512097370000,1,0.00401927,13.1700
1626512107386000,1,58.52184000,13.1700
1626512112065000,1,58.52000000,13.1600
1626512112139000,1,0.00184064,13.1600
1626512115353000,1,146.38860116,13.1500
1626512115353000,1,51.98139884,13.1500
1626512115353000,1,6.30177281,13.1500
1626512122152000,1,57.74000000,13.1400
1626512122197000,1,0.00339661,13.1400
1626512143033000,1,56.80000000,13.1200
1626512143190000,1,0.00002970,13.1200
1626512151447000,1,56.84000000,13.1100
1626512151513000,1,0.00678796,13.1100
1626512163136000,0,31.70000000,13.1200
1626512175595000,1,140.62956802,13.1100
1626512175595000,1,56.27948732,13.1100
1626512182729000,1,55.33000000,13.1100
1626512185429000,1,140.80550195,13.1000
1626512185429000,1,55.33170805,13.1000
1626512185477000,1,0.00000206,13.1000
1626512203557000,0,32.20000000,13.1100
1626512216837000,1,21.47000000,13.1000
1626512240496000,1,52.33460000,13.0900
1626512240531000,1,1.78573192,13.0900
1626512254956000,0,31.90000000,13.0900
1626512291612000,1,53.77000000,13.0800
1626512291700000,1,0.00780536,13.0800
1626512291700000,1,53.76219464,13.0800
1626512291741000,1,53.77000000,13.0800
1626512291777000,1,26.77223595,13.0800
1626512296750000,1,53.75000000,13.0700
1626512306525000,1,52.60000000,13.0600
1626512310320000,1,52.34000000,13.0600
1626512318629000,1,52.12000000,13.0500
1626512321423000,1,51.86673000,13.0500
1626512321442000,1,0.00000383,13.0500
1626512326422000,0,33.50000000,13.0600
1626512336236000,1,51.44731656,13.0900
1626512336236000,1,128.60383344,13.0900
1626512338201000,1,51.44731000,13.0800
1626512339563000,1,128.60384402,13.0700
1626512339563000,1,50.59335238,13.0700
1626512365032000,1,49.47230000,13.0700
1626512365167000,1,0.00000510,13.0700
1626512374511000,1,49.22416000,13.0700
1626512379660000,1,48.96527000,13.0700
1626512379807000,1,0.00000618,13.0700
1626512393552000,0,145.95175684,13.0800
1626512393552000,0,32.29999316,13.0800
1626512414467000,1,121.53086956,13.0800
1626512414467000,1,48.60597044,13.0800
1626512419903000,1,121.53086956,13.0700
1626512419903000,1,48.59913044,13.0700
1626512419941000,1,0.00685259,13.0700
1626512420592000,1,311.06000000,13.0600
1626512432148000,1,41.08366000,13.0500
1626512450858000,1,44.25000000,13.0300
1626512450890000,1,0.00767236,13.0300
1626512456193000,0,76.80955000,13.0200
1626512467455000,0,32.00000000,13.0300
1626512475006000,0,130.21277000,13.0300
1626512481761000,0,0.00000013,13.0300
1626512482214000,0,32.00000000,13.0400
1626512484474000,1,43.95002000,13.0400
1626512489866000,1,43.75000000,13.0300
1626512535534000,0,32.40000000,13.0300
1626512554123000,0,32.30000000,13.0300
1626512561463000,0,31.60000000,13.0500
1626512647237000,0,32.40000000,13.0400
1626512683370000,0,31.60000000,13.0300
1626512687590000,0,70.00000000,13.0300
1626512718890000,1,43.05622699,13.0300
1626512775449000,1,42.76825000,13.0600
1626512779003000,1,42.76825879,13.0400
1626512805197000,0,76.79539757,13.0300
1626512805197000,0,32.10000000,13.0300
1626512805197000,0,130.25711243,13.0300
1626512841242000,0,76.81073000,13.0200
1626512951590000,0,31.90000000,13.0400
1626512976516000,0,32.20000000,13.0400
1626513010195000,1,42.62745000,13.0300
1626513072358000,0,32.20000000,13.0600
1626513084599000,1,43.20822966,13.0600
1626513102618000,1,41.80599000,13.0600
1626513121642000,1,41.60207000,13.0600
1626513227995000,1,41.42894000,13.0500
1626513266762000,1,40.89952000,13.1200
1626513285461000,1,40.35401150,13.1100
1626513285461000,1,32.09999850,13.1100
1626513291629000,1,40.34164449,13.1000
1626513300504000,1,39.94726000,13.1000
1626513316969000,1,39.68840569,13.1100
1626513316969000,1,99.20159431,13.1100
1626513316979000,1,0.00020947,13.1100
1626513367630000,1,38.48581000,13.0800
1626513421091000,0,31.90000000,13.0700
1626513424441000,0,260.00000000,13.0800
1626513424516000,0,204.00000000,13.0800
1626513424516000,0,26.00000000,13.0800
1626513429658000,0,32.00000000,13.0900
1626513457368000,1,36.71931000,13.0900
1626513477618000,1,36.56306000,13.0800
1626513477697000,1,0.00000189,13.0800
1626513507645000,0,32.20000000,13.1000
1626513509659000,1,36.32579000,13.1000
1626513524478000,1,36.23405000,13.1000
1626513524624000,1,0.00000084,13.1000
1626513524624000,1,90.56999916,13.1000
1626513524739000,1,0.00152555,13.1000
1626513528859000,1,35.14863000,13.1000
1626513540133000,1,34.38780000,13.0900
1626513611777000,1,34.63683544,13.1000
1626513611777000,1,86.57237456,13.1000
1626513611959000,1,0.00000661,13.1000
1626513615716000,1,34.65270000,13.0900
1626513845246000,0,10.00000000,13.0800
1626513920345000,1,33.30774000,13.1000
1626513940343000,1,32.93326000,13.1200
1626513941752000,0,15.15613099,13.1300
1626513957415000,0,31.80000000,13.1100
1626513961459000,1,33.24130859,13.1100
1626513961459000,1,83.10074141,13.1100
1626513981958000,0,31.70000000,13.1100
1626513998906000,1,32.67471000,13.1100
1626514194775000,1,29.26367549,13.0800
1626514243159000,1,29.14452000,13.0600
1626514477022000,1,29.08000000,13.0300
1626514477022000,1,0.00567526,13.0300
1626514523058000,1,28.81000000,13.0100
1626514567230000,1,28.13298000,13.0200
1626514598748000,1,27.85327000,13.0200
1626514624854000,0,76.80000000,13.0200
1626514624887000,0,0.00955384,13.0200
1626514627104000,1,220.00000000,13.0200
1626514627104000,1,19.22000000,13.0200
1626514674804000,1,28.33929751,13.0200
1626514674804000,1,70.84138249,13.0200
1626514708908000,1,27.84594000,13.0200
1626514730993000,0,1.90867229,13.0300
1626514740354000,1,27.15381793,13.0200
1626514740437000,1,0.55415955,13.0200
1626514795530000,1,27.54000000,13.0300
1626514920999000,1,27.41053000,13.0200
1626515023953000,1,27.31044817,13.0100
1626515037055000,1,27.04000000,13.0100
1626515037082000,1,0.00158084,13.0100
1626515064675000,1,10.00000000,13.0000
1626515064675000,1,60.67000000,13.0000
1626515064705000,1,0.00769230,13.0000
1626515098771000,0,46.90000000,13.0000
1626515127149000,1,26.94000000,12.9800
1626515127186000,1,0.00941843,12.9800
1626515212967000,1,3.31000000,12.9700
1626515212980000,1,23.75771837,12.9700
1626515212980000,1,67.67723224,12.9700
1626515344066000,1,26.58000000,12.9700
1626515344094000,1,0.00591427,12.9700
1626515394009000,0,1.53508095,12.9700
1626515400639000,0,1.90860000,12.9700
1626515400734000,0,28.55631905,12.9700
1626515451707000,1,64.20944323,12.9700
1626515451707000,1,25.68238677,12.9700
1626515490702000,1,25.12546000,12.9600
1626515917877000,1,32.00000000,12.9400
1626515941138000,1,19.62000000,12.9300
1626515941147000,1,0.00675338,12.9300
1626516025643000,1,19.51292000,12.9400
1626516025694000,1,0.00000244,12.9400
1626516263668000,1,18.80000000,12.9300
1626516340890000,1,5.00000000,12.9200
1626516423088000,1,18.36000000,12.9100
1626516423099000,1,0.00627496,12.9100
1626516428642000,1,18.36000000,12.9000
1626516434886000,1,45.71865114,12.8900
1626516434886000,1,18.28134886,12.8900
1626516461522000,1,17.61000000,12.8900
1626516461563000,1,0.00774106,12.8900
1626516485055000,0,32.40000000,12.9000
1626516487518000,1,17.51279000,12.9000
1626516508502000,1,16.54424000,12.8800
1626516594879000,0,340.86049000,12.8900
1626516620902000,1,16.41318000,12.8900
1626516660692000,1,16.32782000,12.8900
1626516684616000,1,15.70000000,12.9000
1626516684635000,1,0.00228703,12.9000
1626516727229000,1,15.66383972,12.8700
1626516727229000,1,39.14985028,12.8700
1626516727307000,1,0.00001495,12.8700
1626516753693000,0,2.88302079,12.8600
1626516774184000,0,33.70000000,12.8700
1626516794626000,0,32.90000000,12.8700
1626516798151000,1,9.80000000,12.8700
1626516798165000,1,4.87790389,12.8700
1626516798165000,1,9.79209611,12.8700
1626516805812000,1,11.46000000,12.8600
1626516805833000,1,3.10596337,12.8600
1626516805833000,1,36.41434224,12.8600
1626516815905000,1,14.18248000,12.8400
1626516818910000,0,32.60000000,12.8500
1626516834908000,1,13.77374128,12.8500
1626516834908000,1,34.42625872,12.8500
1626516834921000,1,0.00005334,12.8500
1626516908655000,0,77.84196000,12.8500
1626516910304000,0,100.00000000,12.8600
1626516912537000,0,77.80320973,12.8600
1626516930639000,0,77.67999000,12.8800
1626516944638000,1,15.10235000,12.8700
1626517079694000,0,3.86858475,12.8600
1626517317547000,1,120.00000000,12.8500
1626517317547000,1,73.15280464,12.8500
1626517584933000,1,79.35484567,12.8400
1626517584933000,1,30.17379395,12.8400
1626517584933000,1,12.07136038,12.8400
1626517585076000,1,0.00059932,12.8400
1626517589026000,1,10.89484456,12.8400
1626517589026000,1,27.23711139,12.8400
1626517589026000,1,16.40804405,12.8400
1626517589126000,1,54.40898705,12.8400
1626517596729000,1,9.82587856,12.8400
1626517596729000,1,24.56469640,12.8400
1626517596729000,1,63.85942504,12.8400
1626517603706000,1,0.00916067,12.8400
1626517604312000,1,58.54000000,12.8300
1626517627881000,1,13.06470000,12.8400
1626517628065000,1,5.22580000,12.8400
1626517628222000,1,0.00008226,12.8400
1626517628222000,1,33.97481774,12.8400
1626517628356000,0,13.06901700,12.8400
1626517628371000,0,20.90586300,12.8400
1626517634248000,1,3.90584037,12.8300
1626517634248000,1,25.39025199,12.8300
1626517634248000,1,9.76390764,12.8300
1626517634315000,1,0.00157390,12.8300
1626517634531000,1,6.25000000,12.8400
1626517634598000,1,19.14025199,12.8400
1626517637212000,1,3.47439066,12.8300
1626517637212000,1,8.68560934,12.8300
1626517637222000,1,0.00036731,12.8300
1626517637922000,1,22.58000000,12.8300
1626517659821000,1,5.53000000,12.8400
1626517659834000,1,0.00222415,12.8400
1626517661829000,1,14.38000000,12.8400
1626517662711000,1,5.46000000,12.8400
1626517664297000,1,2.14183685,12.8400
1626517664495000,1,0.04371096,12.8400
1626517666685000,1,14.03415225,12.8400
1626517666685000,1,36.48584775,12.8400
1626517666735000,1,0.00294810,12.8400
1626517685030000,0,32.60000000,12.8500
1626517685030000,0,77.87070000,12.8500
1626517685071000,0,0.00000348,12.8500
1626517706604000,0,6.25000000,12.8600
1626517889636000,0,6.25000000,12.9000
1626517889651000,0,129.24000000,12.9000
1626517889666000,0,368.95343399,12.9000
1626517889666000,0,193.98191480,12.9000
1626517889666000,0,77.57951901,12.9000
1626517908634000,1,36.17547897,12.9000
1626517908634000,1,12.41902103,12.9000
1626517955852000,1,15.53793000,12.9000
1626518020899000,1,15.45999000,12.9000
1626518129754000,1,32.30000000,12.9000
1626518144677000,1,15.31000000,12.8900
1626518144699000,1,0.00936170,12.8900
1626518978551000,1,32.30000000,12.8500
1626519309795000,1,6.17479102,12.8300
1626519309798000,1,7.31804765,12.8300
1626519309798000,1,33.74471173,12.8300
1626519325442000,1,120.00000000,12.7900
1626519325442000,1,13.06203465,12.7900
1626519325442000,1,32.60000000,12.7900
1626519325442000,1,32.09997535,12.7900
1626519326617000,1,4.46505988,12.7800
1626519326632000,1,78.97430784,12.7800
1626519326632000,1,32.69687671,12.7800
1626519327197000,1,32.57994194,12.7700
1626519327201000,0,13.03197677,12.7700
1626519328067000,0,6.25000000,12.7800
1626519360332000,1,4.41327721,12.8000
1626519386484000,1,32.50000000,12.7900
1626519427991000,1,32.40000000,12.7800
1626519444465000,0,32.40000000,12.7800
1626519575095000,1,11.88907015,12.7800
1626519602997000,1,11.83906142,12.7600
1626519605708000,1,3.00000000,12.7500
1626519610526000,0,32.90000000,12.7600
1626519627503000,1,12.92499000,12.7700
1626519632647000,0,32.90000000,12.7800
1626519643981000,1,12.93272000,12.8000
1626519661272000,1,12.81408000,12.8000
1626519707609000,0,2.31200544,12.8500
1626519707609000,0,8.72223580,12.8500
1626519715183000,1,12.65660000,12.8300
1626519734810000,1,12.59050000,12.8200
1626519763107000,1,12.53860000,12.8100
1626519945989000,1,13.54867000,12.7900
1626519945994000,1,0.00000730,12.7900
1626519946062000,0,6.25000000,12.7900
1626519946067000,1,8.30707449,12.7900
1626519946077000,1,8.31289781,12.7900
1626519946081000,1,2.57840730,12.7900
1626519946096000,1,6.74844147,12.7900
1626519946159000,1,65.66580000,12.7800
1626519946250000,1,18.03967419,12.7800
1626519946307000,1,32.19682107,12.7800
1626519946751000,1,12.88170000,12.7700
1626519946966000,1,0.00004910,12.7700
1626519946966000,1,83.73296155,12.7700
1626519946966000,1,32.19680935,12.7700
1626519946969000,1,0.00001172,12.7700
1626519987108000,1,11.45791000,12.7600
1626520053376000,0,32.30000000,12.7700
1626520078456000,0,166.03985341,12.7800
1626520078456000,0,32.19999659,12.7800
1626520078572000,0,0.00000341,12.7800
1626520159333000,0,20.14933541,12.7900
1626520341148000,1,10.93267000,12.8100
1626520341162000,1,0.00000985,12.8100
1626520347974000,0,33.10000000,12.8100
1626520409943000,0,32.80000000,12.8100
1626520409943000,0,120.00000000,12.8200
1626520409943000,0,165.47482125,12.8200
1626520409943000,0,81.72517875,12.8200
1626520442931000,0,32.90000000,12.7900
1626520492654000,0,32.40000000,12.7900
1626521094578000,1,13.59478377,12.7500
1626521094578000,1,33.97949762,12.7500
1626521094578000,1,16.75855443,12.7500
1626521518397000,0,19.44927435,12.7800
1626521616057000,1,12.60864000,12.7800
1626521638908000,0,70.17460000,12.7900
1626521640289000,0,5.90406081,12.8000
1626521794784000,1,10.82062000,12.8200
1626521794878000,1,0.00000045,12.8200
1626521867603000,0,11.06006240,12.8200
1626521876615000,0,21.53993000,12.8200
1626521911521000,0,2.40000000,12.8300
1626521918277000,0,1.93886375,12.8300
1626522026046000,1,8.54479292,12.8400
1626522154208000,0,6.25000000,12.8300
1626522154309000,0,71.69718149,12.8300
1626522310133000,1,7.37764000,12.8500
1626522310181000,1,0.00000683,12.8500
1626522480316000,1,5.03015521,12.8300
1626522774753000,1,6.25000000,12.8500
1626522774797000,1,0.43047947,12.8500
1626522869603000,0,194.90137990,12.8300
1626522870476000,0,6.25000000,12.8400
1626522938695000,1,4.40517725,12.8700
1626522938695000,1,32.29999275,12.8700
1626522969775000,1,4.36092607,12.8700
1626523105153000,0,77.94353000,12.8300
1626523252144000,0,1.54623154,12.8700
1626523294911000,1,32.70000000,12.8500
1626523355365000,1,32.80000000,12.8400
1626523389339000,1,32.20000000,12.8300
1626523622804000,1,4.55000000,12.8400
1626523767642000,1,4.45000000,12.8700
1626523767644000,1,0.00867650,12.8700
1626523947526000,1,3.78000000,12.8600
1626523947733000,1,0.00965694,12.8600
1626523973136000,0,5.14063714,12.8700
1626524084309000,1,3.40000000,12.8700
1626524596113000,0,77.64095716,12.8800
1626524605538000,0,38.59658650,12.8900
1626524706957000,0,77.56989047,12.9000
1626524708878000,0,32.30000000,12.9100
1626524933740000,1,2.05138078,12.9000
1626524933759000,1,0.04186491,12.9000
1626524936936000,0,32.30000000,12.9100
1626525175045000,0,77.03329379,12.9900
1626525175045000,0,192.57732720,12.9900
1626525186778000,1,3.40000000,12.9900
1626525219695000,1,3.39000000,12.9700
1626525219710000,1,0.00394477,12.9700
1626525265251000,1,3.37000000,12.9800
1626525265263000,1,0.00369832,12.9800
1626525352872000,0,6.29650000,13.0600
1626525352921000,0,25.30350000,13.0600
1626525364024000,1,3.32000000,13.0600
1626525364042000,1,0.00498086,13.0600
1626525367679000,1,8.31207034,13.0500
1626525367679000,1,3.32625412,13.0500
1626525368029000,1,3.31301992,13.0400
1626525368029000,1,8.27698008,13.0400
1626525368045000,1,0.00556971,13.0400
1626525379391000,1,2.97129010,13.0200
1626525379391000,1,7.26877534,13.0200
1626525391990000,1,2.97271000,13.0100
1626525468138000,1,2.96089000,12.9900
1626525468201000,1,0.00000723,12.9900
1626525718639000,1,6.96734292,12.9500
1626525718639000,1,2.78265708,12.9500
1626525718640000,1,0.00449512,12.9500
1626526268657000,0,2.28185328,12.9300
1626526291490000,0,77.40000000,12.9200
1626526291531000,0,0.00177714,12.9200
1626526654484000,0,77.10000000,12.9700
1626526738719000,1,3.47000000,12.9500
1626526738878000,1,0.00505868,12.9500
1626526831141000,1,3.41000000,12.9500
1626527021573000,1,2.89198215,12.9500
1626527021614000,1,0.05902004,12.9500
1626527803491000,1,6.44412997,12.8600
1626527803491000,1,2.57732003,12.8600
1626527905761000,1,2.53268708,12.8600
1626527905761000,1,6.33309563,12.8600
1626527920859000,1,16.38000000,12.8400
1626527920963000,1,0.00400630,12.8400
1626527938927000,0,164.20000000,12.8500
1626527938927000,0,77.82222000,12.8500
1626528071257000,0,164.20000000,12.8800
1626528087438000,1,8.73443244,12.9000
1626528087438000,1,3.49392756,12.9000
1626528092840000,1,3.43000000,12.9000
1626528092900000,1,0.00348882,12.9000
1626528152334000,1,2.96633283,12.9000
1626528152400000,1,0.06053740,12.9000
1626528173860000,1,3.01380000,12.9000
1626528173871000,1,0.00000083,12.9000
1626528189429000,1,7.57163285,12.8900
1626528189429000,1,2.99836715,12.8900
1626528189429000,1,0.00068711,12.8900
1626528196638000,1,7.50403445,12.8700
1626528196638000,1,3.00160555,12.8700
1626528196650000,1,0.00000823,12.8700
1626528208453000,1,2.79044386,12.8700
1626528208472000,1,0.05694783,12.8700
1626528329760000,0,165.00000000,12.8500
1626528396198000,1,2.68423351,12.8200
1626528396517000,1,6.71498244,12.8100
1626528396525000,0,2.68423351,12.8100
1626528399559000,1,120.00000000,12.8000
1626528399559000,1,2.68423351,12.8000
1626528399559000,1,6.71497649,12.8000
1626528410927000,1,2.58116251,12.8000
1626528410927000,1,6.45230638,12.8000
1626528410927000,1,16.77258111,12.8000
1626528410962000,1,0.00000951,12.8000
1626528444832000,0,516.00000000,12.8100
1626528536394000,1,2.42180000,12.8200
1626528555432000,1,2.41200000,12.8000
1626528587062000,1,2.40330000,12.7900
1626528607785000,0,164.70000000,12.8000
1626528759462000,0,164.70000000,12.8000
1626528915394000,0,6.25000000,12.8300
1626528916290000,0,158.55000000,12.8300
1626529129112000,1,5.70216795,12.8200
1626529129112000,1,2.28123205,12.8200
1626529147629000,0,164.90000000,12.8300
1626529436717000,0,164.90000000,12.8500
1626529449635000,0,164.40000000,12.8800
1626529464421000,0,3.06000000,12.9200
1626529472675000,0,77.39458000,12.9300
1626529472690000,0,0.00000857,12.9300
1626529476130000,0,163.20000000,12.9500
1626529487902000,1,16.49287600,12.9400
1626529487902000,1,6.59714400,12.9400
1626529494329000,1,6.42619000,12.9300
1626529506266000,0,77.14263674,12.9700
1626529506266000,0,81.73948743,12.9700
1626529506268000,0,31.79800000,12.9700
1626529506289000,0,79.31317694,12.9700
1626529506309000,0,46.86488300,12.9800
1626529506537000,0,454.49000000,12.9800
1626529506694000,0,192.77631122,12.9900
1626529506694000,0,77.11289328,12.9900
1626529515604000,0,191.50930544,13.0600
1626529515604000,0,76.60720456,13.0600
1626529520997000,1,14.60363000,13.0600
1626529521131000,1,0.00000173,13.0600
1626529521131000,1,21.88811827,13.0600
1626529521193000,1,14.60363804,13.0600
1626529522957000,1,70.00000000,13.0600
1626529523679000,1,32.06231210,13.0500
1626529523679000,1,12.82492484,13.0500
1626529524717000,1,270.00000000,13.0400
1626529524773000,1,120.00000000,13.0400
1626529524824000,1,150.00000000,13.0400
1626529524873000,1,6.25000000,13.0400
1626529524876000,1,29.75000000,13.0400
1626529524876000,1,32.06231210,13.0400
1626529525430000,1,31.93548025,13.0300
1626529525430000,1,119.99999975,13.0300
1626529528526000,1,12.54890214,13.0300
1626529528526000,1,31.38187786,13.0300
1626529528825000,1,0.00000591,13.0300
1626529529838000,0,76.74950497,13.0300
1626529529838000,0,69.99999503,13.0300
1626529533539000,1,12.38651000,13.0400
1626529534134000,1,30.96629057,13.0300
1626529534134000,1,12.38650943,13.0300
1626529534281000,1,0.00000680,13.0300
1626529534380000,1,12.01209053,13.0200
1626529535736000,1,12.38651000,13.0200
1626529537021000,0,119.30000000,13.0400
1626529537021000,0,76.75303000,13.0400
1626529537043000,0,0.00000942,13.0400
1626529537617000,0,76.68829277,13.0500
1626529538044000,0,76.72241829,13.0600
1626529538044000,0,76.63758171,13.0600
1626529538049000,0,0.00016698,13.0600
1626529538718000,0,120.30000000,13.0700
1626529538718000,0,76.54527879,13.0700
1626529539425000,1,6.24983302,13.0600
1626529539425000,1,11.94416698,13.0600
1626529539466000,1,0.00001051,13.0600
1626529547812000,1,13.75320000,13.0500
1626529550212000,1,0.00007880,13.0500
1626529550339000,1,35.22120000,13.0500
1626529551927000,0,76.62000000,13.0600
1626529566607000,1,70.00000000,13.0700
1626529647274000,0,70.00000000,13.0400
1626529647274000,0,2.57088000,13.0400
1626529648028000,0,215.82259177,13.0700
1626529662409000,0,6.25000000,13.0800
1626529662421000,0,156.00754811,13.0800
1626529662816000,0,97.56118421,13.1000
1626529662816000,0,410.00000000,13.1000
1626529680255000,1,89.52229413,13.0600
1626529765170000,1,21.00123000,13.0200
1626529765180000,1,0.00000251,13.0200
1626529779657000,1,52.32010562,12.9900
1626529779657000,1,20.93286438,12.9900
1626529786276000,1,20.94930000,12.9800
1626529786278000,1,0.00001174,12.9800
1626529790712000,1,20.38015000,12.9800
1626529792953000,1,20.38010000,12.9700
1626529799569000,0,158.60000000,12.9700
1626529809819000,1,20.32627000,12.9800
1626529827365000,1,20.20580000,12.9800
1626529853977000,1,20.13301574,12.9500
1626529874721000,1,20.03180000,12.9600
1626529874759000,1,0.00000352,12.9600
1626529880978000,1,19.95010000,12.9500
1626529881003000,1,0.00001277,12.9500
1626529887247000,1,19.95010000,12.9400
1626529889937000,1,0.00001277,12.9400
1626529899328000,0,77.30842971,12.9400
1626529899328000,0,129.29999029,12.9400
1626529926686000,0,102.70000000,12.9500
1626529943443000,1,20.13401000,12.9400
1626529943468000,1,0.00000198,12.9400
1626530010492000,0,35.40000000,12.9600
1626530010492000,0,77.16406000,12.9600
1626530015501000,1,50.07889820,12.9500
1626530015501000,1,130.14862810,12.9500
1626530015501000,1,20.02043115,12.9500
1626530015501000,1,70.00000000,12.9500
1626530019732000,0,222.46169000,12.9700
1626530019807000,0,190.00000000,12.9700
1626530019901000,0,141.53831000,12.9700
1626530028957000,1,19.38071000,12.9700
1626530066652000,1,19.25980000,12.9900
1626530098825000,1,19.07635595,12.9800
1626530098825000,1,47.69528405,12.9800
1626530100342000,1,47.69529686,12.9700
1626530100342000,1,19.08928314,12.9700
1626530129093000,1,18.41615000,12.9800
1626530233212000,1,18.62967000,13.0100
1626530238022000,1,18.53338000,13.0100
1626530276970000,1,18.44355631,13.0000
1626530276974000,1,0.00000001,13.0000
1626530279044000,1,18.46370000,12.9900
1626530306744000,1,18.28816000,12.9900
1626530340572000,1,18.19615503,12.9900
1626530340572000,1,45.48267497,12.9900
1626530371564000,1,17.89259000,12.9800
1626530378473000,1,17.71291000,12.9700
1626530390792000,1,17.72329000,12.9700
1626530390930000,1,0.00000495,12.9700
1626530410993000,1,17.51480025,12.9900
1626530410993000,1,43.79777975,12.9900
1626530411118000,1,0.00000486,12.9900
1626530417481000,1,17.52558000,12.9800
1626530425066000,0,77.07604322,12.9800
1626530432768000,1,17.51989000,12.9800
1626530432870000,1,0.00000862,12.9800
1626530463693000,1,16.44730000,13.0000
1626530463796000,1,0.00000831,13.0000
1626530468299000,1,16.36633489,13.0000
1626530539665000,1,16.29727000,12.9900
1626530566838000,1,16.20456000,13.0000
1626530571679000,1,16.12328000,13.0000
1626530571843000,1,0.00000201,13.0000
1626530583039000,1,16.03821000,13.0000
1626530601538000,1,15.96024000,13.0000
1626530696954000,1,15.76762000,13.0500
1626530698448000,1,15.76931000,13.0500
1626530757106000,1,15.61306000,13.0500
1626530768254000,1,15.53166700,13.0500
1626530768254000,1,38.83034300,13.0500
1626530813034000,1,15.25008421,13.0600
1626530813034000,1,38.11527579,13.0600
1626530814150000,0,40.95000000,13.0600
1626530814185000,0,29.05000000,13.0600
1626530820260000,1,14.98578000,13.0600
1626530833686000,1,14.81731729,13.0700
1626530833686000,1,37.04328271,13.0700
1626530853667000,0,2.46677855,13.0800
1626530853667000,0,162.12477610,13.0800
1626530853667000,0,216.51250367,13.0800
1626530853667000,0,191.31876360,13.0800
1626530853667000,0,497.29365416,13.0800
1626530853667000,0,614.00000000,13.0800
1626530853667000,0,76.50758190,13.0800
1626530853863000,0,36.00000000,13.0900
1626530853897000,0,35.99999999,13.0900
1626530853897000,0,35.99999999,13.0900
1626530853953000,0,6.25000000,13.0900
1626530854125000,0,90.01000000,13.0900
1626530854145000,0,36.00000000,13.0900
1626530854317000,0,120.00000000,13.0900
1626530854321000,0,251.01456714,13.0900
1626530855706000,0,120.00000000,13.1300
1626530856232000,1,20.78390000,13.1200
1626530856345000,1,0.00000553,13.1200
1626530856345000,1,40.96299447,13.1100
1626530856524000,0,6.25000000,13.1100
1626530856585000,1,120.00000000,13.1200
1626530856618000,1,2.59868295,13.1200
1626530865278000,0,120.00000000,13.1600
1626530868602000,1,49.95587118,13.1600
1626530868602000,1,19.98233882,13.1600
1626530868728000,1,0.00000965,13.1600
1626530869012000,0,69.99000000,13.1600
1626530869026000,0,0.00999035,13.1600
1626530870320000,1,129.89082166,13.1500
1626530870320000,1,49.95587118,13.1500
1626530870625000,1,19.98690000,13.1500
1626530870700000,1,0.00000268,13.1500
1626530871054000,1,49.95587118,13.1400
1626530871054000,1,9.93494882,13.1400
1626530871105000,1,10.05195386,13.1400
1626530871702000,0,109.90391614,13.1400
1626530871702000,0,19.98608386,13.1400
1626530874159000,1,19.66650000,13.1400
1626530874300000,1,0.00000407,13.1400
1626530874300000,1,49.95586593,13.1300
1626530876025000,1,18.67715000,13.1300
1626530876902000,1,46.94874998,13.1200
1626530876902000,1,18.77949999,13.1200
1626530876902000,1,18.67715072,13.1200
1626530877545000,1,18.67715072,13.1100
1626530878171000,0,64.41366469,13.1100
1626530895915000,0,76.11270000,13.1400
1626530897996000,1,17.36649000,13.1300
1626530906065000,0,76.12551575,13.1400
1626530927070000,1,70.00000000,13.1200
1626530949079000,0,76.35560000,13.1000
1626530956741000,1,10.00000000,13.0900
1626530969851000,1,18.44021000,13.0900
1626530971208000,1,46.21574639,13.0800
1626530971208000,1,18.44546361,13.0800
1626530984332000,1,12.16973611,13.0700
1626530985144000,1,107.83026389,13.0700
1626530985144000,1,45.08640410,13.0700
1626530985144000,1,18.03739051,13.0700
1626530985144000,1,117.27277916,13.0700
1626530985144000,1,47.58454645,13.0700
1626530992838000,1,41.38513275,13.0700
1626530992838000,1,2.67059846,13.0600
1626530992838000,1,2120.93000000,13.0600
1626530992838000,1,224.39281577,13.0600
1626530992838000,1,161.97375027,13.0600
1626530992838000,1,120.00000000,13.0600
1626530992838000,1,107.61719238,13.0600
1626530992838000,1,13.02061021,13.0600
1626531007008000,1,16.31865000,13.0700
1626531012200000,0,70.00000000,13.0700
1626531027076000,1,16.20410000,13.1000
1626531029750000,0,212.10000000,13.1100
1626531029763000,0,0.00627273,13.1100
1626531029919000,0,54.00000000,13.1100
1626531033903000,1,16.10900000,13.1100
1626531038703000,1,15.94910000,13.1100
1626531038725000,1,0.00006319,13.1100
1626531043994000,1,15.86577000,13.1100
1626531044050000,1,0.00000725,13.1100
1626531045447000,0,160.00000000,13.1100
1626531048049000,1,15.78693000,13.1100
1626531056577000,1,15.77980000,13.1200
1626531064037000,1,15.77987000,13.1100
1626531065900000,1,102.61076045,13.1000
1626531065900000,1,39.27936903,13.1000
1626531065900000,1,15.68510052,13.1000
1626531069043000,1,38.96677315,13.0900
1626531069043000,1,15.58955685,13.0900
1626531079337000,1,14.26529639,13.0800
1626531079337000,1,35.66105361,13.0800
1626531083371000,1,14.02631000,13.0800
1626531083466000,1,0.00000246,13.0800
1626531089966000,1,14.23987000,13.0700
1626531092663000,1,35.59969867,13.0600
1626531092663000,1,14.23987947,13.0600
1626531122903000,1,13.92005000,13.0600
1626531133303000,1,13.85642000,13.0600
1626531154286000,1,34.64372315,13.0500
1626531154286000,1,13.86151685,13.0500
1626531188030000,1,13.55502000,13.0500
1626531210204000,1,13.49119000,13.0500
1626531274753000,1,13.42496000,13.0400
1626531283945000,1,13.23220000,13.0400
1626531294828000,1,13.23430000,13.0400
1626531294841000,1,0.00009082,13.0400
1626531360544000,1,13.00698656,13.0600
1626531360544000,1,32.50452510,13.0600
1626531399438000,1,12.95108188,13.0500
1626531399438000,1,32.37322812,13.0500
1626531438689000,1,12.72500000,13.0400
1626531438725000,1,0.00002452,13.0400
1626531552357000,1,12.50070000,13.0100
1626531560754000,0,76.80845507,13.0200
1626531573213000,0,204.76259052,13.0300
1626531573213000,0,76.79901697,13.0300
1626531625488000,1,12.57393000,13.0200
1626531633063000,1,12.50933000,13.0200
1626531721138000,1,12.84160000,13.0100
1626531982573000,1,12.51414000,13.0200
1626531998884000,1,12.37626000,13.0300
1626532011256000,1,12.38127000,13.0300
1626532121574000,1,12.30972000,13.0300
1626532197159000,1,12.24727415,13.0400
1626532197159000,1,30.60972585,13.0400
1626532295432000,0,161.60000000,13.0600
1626532316977000,1,11.78708000,13.0800
1626532328129000,1,60.00000000,13.0700
1626532328143000,1,16.64422401,13.0700
1626532328143000,1,29.46365648,13.0700
1626532328143000,1,3.85841951,13.0700
1626532328191000,1,7.81024455,13.0700
1626532340369000,1,10.50284000,13.0700
1626532347857000,1,224.14952124,13.0600
1626532347857000,1,120.00000000,13.0600
1626532347857000,1,26.35919713,13.0600
1626532347857000,1,2.88261558,13.0600
1626532385868000,1,7.62023000,13.0600
1626532385886000,1,0.00000131,13.0600
1626532388139000,1,10.90452000,13.0500
1626532388157000,1,0.00000631,13.0500
1626532445995000,1,10.81803274,13.0400
1626532445995000,1,26.92351726,13.0400
1626532446023000,1,0.00000494,13.0400
1626532476697000,1,10.59077479,13.0300
1626532476697000,1,26.46962414,13.0300
1626532476697000,1,120.00000000,13.0300
1626532476697000,1,68.81343392,13.0300
1626532476697000,1,120.00000000,13.0200
1626532476697000,1,260.00000000,13.0200
1626532476697000,1,2.40030943,13.0200
1626532476697000,1,668.93589608,13.0200
1626532496735000,1,25.98210370,13.0400
1626532496735000,1,10.39284148,13.0400
1626532496735000,1,65.31909482,13.0400
1626532510646000,1,10.04944000,13.0300
1626532510710000,1,0.00000811,13.0300
1626532516720000,1,9.55487000,13.0200
1626532526941000,1,9.45970000,13.0200
1626532691023000,1,8.62530000,12.9900
1626532765735000,1,8.50110000,13.0200
1626532765882000,1,0.00006342,13.0200
1626532773619000,1,8.45960000,13.0200
1626532816723000,1,8.40422000,13.0300
1626532832081000,1,8.37500000,13.0200
1626532952966000,0,161.60000000,13.0700
1626532959085000,0,160.30000000,13.0800
1626532961148000,1,8.29350000,13.0800
1626532979486000,1,8.29357000,13.0700
1626532981381000,1,8.26056651,13.0600
1626533027598000,1,8.29587000,13.0700
1626533053210000,1,8.25426000,13.0700
1626533053393000,1,0.00000147,13.0700
1626533072788000,1,20.63123403,13.0600
1626533072788000,1,8.21234597,13.0600
1626533104454000,1,8.20030000,13.0500
1626533104460000,1,0.00007598,13.0500
1626533107304000,1,8.06192000,13.0400
1626533110121000,1,52.42030896,13.0300
1626533110121000,1,20.16779257,13.0300
1626533110121000,1,8.02741847,13.0300
1626533110209000,1,0.00001749,13.0300
1626533122510000,1,7.18000000,13.0300
1626533122551000,1,0.00478091,13.0300
1626533126114000,1,7.18764000,13.0200
1626533152327000,1,7.52320000,13.0200
1626533170377000,1,7.48486384,13.0200
1626533170377000,1,18.70181902,13.0200
1626533170377000,1,48.63516714,13.0200
1626533229155000,1,7.10560041,13.0300
1626533229155000,1,17.75853959,13.0300
1626533268059000,1,6.97000000,13.0400
1626533268101000,1,0.00612877,13.0400
1626533273905000,1,17.45049182,13.0300
1626533273905000,1,6.97611818,13.0300
1626533287401000,1,6.78369000,13.0400
1626533287539000,1,0.00000882,13.0400
1626533319133000,1,6.78369000,13.0300
1626533351065000,1,16.79873418,13.0200
1626533351065000,1,6.72237582,13.0200
1626533351065000,1,0.00000587,13.0200
1626533377282000,1,6.60412000,13.0300
1626533415678000,1,6.56596000,13.0300
1626533415762000,1,0.00000120,13.0300
1626533434126000,1,6.53776000,13.0300
1626533434316000,1,0.00000531,13.0300
1626533434316000,1,16.34240682,13.0300
1626533559210000,1,6.41860000,13.0400
1626533559210000,1,0.00002837,13.0400
1626533559210000,1,41.70381626,13.0300
1626533559210000,1,16.04927833,13.0300
1626533559210000,1,70.00000000,13.0300
1626533559210000,1,162.57733564,13.0200
1626533559210000,1,18.48903542,13.0200
1626533559212000,1,17.51096458,13.0200
1626533559212000,1,2.57069603,13.0200
1626533559361000,1,2.46486858,13.0300
1626533559614000,1,6.41862837,13.0200
1626533559614000,1,442.00000000,13.0100
1626533559614000,1,41.78516519,13.0100
1626533559614000,1,16.07121738,13.0100
1626533560257000,1,6.25000000,12.9900
1626533560275000,1,0.16862837,12.9900
1626533560275000,1,16.07121738,12.9900
1626533560275000,1,120.00000000,12.9900
1626533565972000,0,70.00000000,13.0000
1626533575465000,1,5.54890000,13.0200
1626533591944000,0,76.83324113,13.0200
1626533599544000,1,5.63802000,13.0100
1626533599658000,1,0.00000087,13.0100
1626533670305000,1,5.99440000,13.0100
1626533670343000,1,0.00003556,13.0100
1626533678891000,1,5.99738558,13.0000
1626533686537000,1,5.93930000,13.0000
1626533724252000,0,149.30000000,13.0000
1626533786063000,1,5.85610000,13.0100
1626533909570000,1,5.82750000,13.0100
1626533913765000,0,76.94083250,13.0000
1626533919156000,1,6.27754344,13.0000
1626533919156000,1,15.69384656,13.0000
1626533919177000,1,0.00001204,13.0000
1626533927965000,1,5.93000000,12.9900
1626534044420000,1,5.54704204,12.9900
1626534044420000,1,13.80295796,12.9900
1626534044484000,1,0.00256227,12.9900
1626534102684000,1,5.06820000,12.9500
1626534102962000,1,0.00000428,12.9500
1626534102962000,1,12.66992380,12.9500
1626534104832000,1,5.06820428,12.9400
1626534104832000,1,12.66989572,12.9400
1626534110486000,1,4.80480000,12.9400
1626534197533000,1,4.82717094,12.9400
1626534218130000,1,4.80741000,12.9200
1626534218192000,1,0.00000477,12.9200
1626534242930000,1,4.78265257,12.9300
1626534275946000,1,4.75530000,12.9400
1626534276079000,1,0.00005516,12.9400
1626534312618000,1,4.72813933,12.9500
1626534312618000,1,11.81716067,12.9500
1626534312723000,1,0.00008511,12.9500
1626534379241000,1,4.65222000,12.9300
1626534379342000,1,0.00000098,12.9300
1626534417740000,1,4.63200000,12.9200
1626534417912000,1,0.00003999,12.9200
1626534466779000,1,4.50928000,12.9100
1626534470251000,1,4.48680000,12.9100
1626534470578000,1,0.00007530,12.9100
1626534494749000,1,4.44291101,12.9100
1626534494749000,1,11.10761899,12.9100
1626534636134000,1,4.35250000,12.9500
1626534636284000,1,0.00000591,12.9500
1626534787779000,1,4.33060000,12.9800
1626534787926000,1,0.00001385,12.9800
1626534792498000,1,10.83087351,12.9700
1626534792498000,1,28.15332784,12.9700
1626534792498000,1,4.33059865,12.9700
1626534851438000,1,4.09845235,12.9500
1626534875547000,0,77.34000000,12.9300
1626534875627000,0,0.00191313,12.9300
1626534956855000,1,8.28400000,12.9600
1626534983748000,1,8.20920000,12.9500
1626534983761000,1,0.00000208,12.9500
1626535100246000,1,8.20859000,12.9600
1626535116378000,1,31.70000000,12.9400
1626535131563000,1,32.50000000,12.9400
1626535336007000,0,6.25000000,12.9400
1626535449761000,1,31.80000000,12.9100
1626535449761000,1,216.52231563,12.9100
1626535449761000,1,20.16205388,12.9100
1626535449761000,1,12.76283049,12.9100
1626535449783000,1,28.85315376,12.9100
1626535449797000,1,10.77867955,12.9100
1626535449797000,1,163.97799428,12.9100
1626535449797000,1,8.06631966,12.9100
1626535458855000,0,32.30000000,12.9100
1626535458855000,0,55.12491000,12.9100
1626535458855000,0,77.51216941,12.9100
1626535458855000,0,164.31968663,12.9100
1626535458855000,0,90.74323396,12.9100
1626535458924000,0,103.02818981,12.9100
1626535458924000,0,166.97181019,12.9100
1626535458984000,0,336.75456107,12.9100
1626535532837000,0,77.34000000,12.9300
1626535552951000,1,11.49468000,12.9200
1626535553153000,1,0.00000826,12.9200
1626535659172000,0,77.30006339,12.9400
1626535659664000,0,411.19838000,12.9500
1626535659722000,0,12.80162000,12.9500
1626535660335000,0,77.22007000,12.9600
1626535676290000,0,77.19504099,12.9600
1626535676565000,0,501.72036356,12.9700
1626535676565000,0,110.00000000,12.9700
1626535676565000,0,192.93996390,12.9700
1626535677468000,0,77.09505000,12.9800
1626535680009000,0,32.30000000,12.9900
1626535693595000,1,17.15322000,12.9900
1626535706571000,1,18.02134000,12.9900
1626535719147000,1,17.91633000,13.0000
1626535720334000,1,17.91633000,12.9900
1626535736517000,1,17.91633000,12.9800
1626535741309000,1,44.40797581,12.9700
1626535741309000,1,17.76838419,12.9700
1626535743177000,1,17.69269000,12.9600
1626535750920000,1,17.30424000,12.9600
1626535757682000,1,17.21664000,12.9600
1626535757741000,1,0.00000962,12.9600
1626535757741000,1,43.03696038,12.9600
1626535923253000,1,32.00000000,12.9400
1626535923253000,1,16.94254606,12.9400
1626535923253000,1,42.34457394,12.9400
1626535973277000,1,16.64632000,12.9400
1626535984457000,0,77.22246247,12.9500
1626536156590000,0,77.09862456,12.9800
1626536162964000,1,15.24756000,12.9800
1626536172243000,1,15.55927000,12.9800
1626536390524000,1,15.41574285,12.9700
1626536390524000,1,38.52425715,12.9700
1626536390631000,1,0.00559495,12.9700
1626536405952000,1,15.14646293,12.9700
1626536405952000,1,37.85353707,12.9700
1626536499275000,0,98.82848044,12.9700
1626536650676000,1,6.25000000,12.9600
1626536650824000,1,14.88189000,12.9600
1626536650837000,1,0.00000240,12.9600
1626536658792000,1,14.89820246,12.9500
1626536786033000,0,77.79000000,12.9700
1626536786053000,0,430.21000000,12.9700
1626536905095000,1,14.69941000,12.9700
1626536905152000,1,0.00000802,12.9700
1626536907636000,1,36.75024475,12.9600
1626536907636000,1,14.71053058,12.9600
1626536907636000,1,120.00000000,12.9600
1626536907636000,1,32.30000000,12.9600
1626536990795000,1,14.37000000,12.9600
1626536990813000,1,0.00170789,12.9600
1626537011812000,1,14.28887399,12.9800
1626537070213000,1,14.19969838,12.9900
1626537093219000,0,192.49429136,13.0000
1626537093219000,0,76.97044335,13.0000
1626537131725000,1,14.46630873,12.9900
1626537131725000,1,36.17801631,12.9900
1626537244279000,0,26.50000000,12.9700
1626537249635000,1,14.55769605,12.9700
1626537249635000,1,32.19999395,12.9700
1626537253265000,1,0.00000605,12.9700
1626537253265000,1,14.49610395,12.9700
1626537253305000,1,0.00001407,12.9700
1626537277928000,0,77.10000000,12.9700
1626537277962000,0,0.00456922,12.9700
1626537288539000,1,14.42000000,12.9700
1626537324998000,1,14.73536000,12.9700
1626537420848000,0,77.10000000,12.9700
1626537420893000,0,0.00219124,12.9700
1626537499705000,1,14.89000000,12.9700
1626537499774000,1,0.00766298,12.9700
1626537604576000,1,14.77398786,13.0100
1626537604576000,1,161.80000000,13.0100
1626537609204000,1,36.93723975,13.0000
1626537609204000,1,68.64286025,13.0000
1626537609362000,1,6.25000000,13.0100
1626537609934000,1,93.75713975,13.0000
1626537611178000,1,210.51374832,12.9900
1626537611178000,1,36.61751696,12.9900
1626537611178000,1,14.63327254,12.9900
1626537611178000,1,18.23546218,12.9900
1626537611239000,1,162.40000000,12.9900
1626537614185000,1,163.00000000,12.9800
1626537623384000,0,77.09505000,12.9800
1626537623437000,0,0.00000821,12.9800
1626537629422000,1,14.22319957,12.9800
1626537629422000,1,10.26230043,12.9800
1626537629741000,1,36.51901780,12.9800
1626537638204000,0,77.10100000,12.9800
1626537639793000,1,35.91522262,12.9700
1626537639793000,1,14.35723530,12.9700
1626537691598000,1,93.54353638,12.9700
1626537699773000,0,126.74000000,12.9700
1626537699787000,0,66.18507490,12.9700
1626537699787000,0,77.15811240,12.9700
1626537702594000,0,5.13000000,12.9800
1626537702624000,0,72.00906631,12.9800
1626537769652000,0,77.10338021,12.9700
1626537832919000,1,15.73280000,12.9600
1626537835668000,0,77.18312468,12.9600
1626537835668000,0,192.94687532,12.9600
1626537835711000,0,0.00500143,12.9600
1626537977570000,1,17.00000000,12.9600
1626537977707000,1,0.00088328,12.9600
1626537994471000,1,16.24726000,12.9600
1626537994490000,1,0.00000519,12.9600
1626538009025000,1,16.24720000,12.9500
1626538009280000,1,0.00006519,12.9500
1626538065779000,1,14.92497000,12.9500
1626538065976000,1,0.00000375,12.9500
1626538085995000,1,14.77570163,12.9500
1626538085995000,1,36.93069923,12.9500
1626538100906000,0,31.80000000,12.9500
1626538100906000,0,42.44421799,12.9600
1626538153373000,1,14.57980000,12.9600
1626538190217000,0,59.81000000,12.9600
1626538190260000,0,17.36002099,12.9600
1626538242001000,1,14.08032000,12.9700
1626538246521000,0,77.10456922,12.9700
1626538261237000,0,77.07000000,12.9800
1626538261250000,0,0.00010297,12.9800
1626538399690000,0,32.20000000,13.0200
1626538420917000,1,14.72454000,13.0200
1626538550249000,1,32.00000000,13.0200
1626538671495000,1,14.58000000,13.0400
1626538671588000,1,0.00597547,13.0400
1626538826301000,1,15.73099733,13.0500
1626538879880000,1,15.65161208,13.0500
1626538879921000,1,0.00000001,13.0500
1626538884074000,0,76.64000000,13.0500
1626538884078000,0,0.00479735,13.0500
1626538951979000,1,4.53960000,13.0600
1626538952080000,1,12.74585670,13.0600
1626539136754000,1,17.32136737,13.0700
1626539136754000,1,43.29678263,13.0700
1626539136887000,1,0.00001134,13.0700
1626539173875000,1,16.96740177,13.0800
1626539173875000,1,42.40747823,13.0800
1626539187999000,1,16.95533325,13.0700
1626539199242000,1,16.58204000,13.0700
1626539216357000,1,16.50166391,13.0700
1626539216357000,1,41.24279609,13.0700
1626539310198000,1,16.19854000,13.0800
1626539310333000,1,0.00000088,13.0800
1626539398905000,0,76.36269224,13.1000
1626539405610000,0,546.00000000,13.1400
1626539410983000,1,17.90585000,13.1700
1626539416211000,1,17.91374000,13.1600
1626539419519000,1,31.70000000,13.1500
1626539421208000,0,76.01000000,13.1600
1626539423037000,0,75.96475235,13.1700
1626539449023000,1,18.36811000,13.1700
1626539456434000,1,31.20000000,13.1600
1626539464316000,1,32.10000000,13.1500
1626539485070000,0,75.99246000,13.1600
1626539525083000,1,18.34647583,13.1600
1626539555567000,1,32.00000000,13.1300
1626539565970000,1,19.41891000,13.1200
1626539565980000,1,0.00000243,13.1200
1626539576609000,0,32.00000000,13.1300
1626539649749000,1,19.27391000,13.1500
1626539649830000,1,0.00000741,13.1500
1626539670973000,1,19.18193086,13.1500
1626539670973000,1,31.39999914,13.1500
1626539721878000,1,19.08629000,13.1400
1626539753017000,1,31.90000000,13.1400
1626539835017000,1,19.00161000,13.1400
1626539914817000,1,19.19466000,13.1300
1626539941595000,0,10.00000000,13.1300
1626539949470000,1,31.90000000,13.1200
1626539967130000,1,32.20000000,13.1100
1626539973567000,0,76.28114000,13.1100
1626540196466000,0,38.30000000,13.0900
1626540319060000,0,10.00000000,13.0900
1626540423685000,1,18.51000000,13.0800
1626540423718000,1,0.00744381,13.0800
1626540431789000,1,18.45621176,13.0600
1626540438155000,0,76.58140000,13.0600
1626540735179000,0,32.30000000,13.0400
1626540841351000,1,18.38938000,13.0600
1626540841409000,1,0.00000995,13.0600
1626541094125000,0,31.50000000,13.0400
1626541199061000,0,32.00000000,13.0400
1626541209711000,0,31.70000000,13.0500
1626541230368000,0,31.90000000,13.0600
1626541245115000,1,18.10429000,13.0600
1626541245140000,1,0.00000734,13.0600
1626541317816000,0,32.30000000,13.0400
1626541333478000,1,17.29250000,13.0400
1626541529042000,1,15.76973514,13.0200
1626541529045000,1,0.32183133,13.0200
1626541659210000,1,15.90000000,13.0500
1626541659256000,1,0.00423486,13.0500
1626541665014000,1,15.82000000,13.0500
1626541775575000,1,15.77242524,13.0200
1626541978973000,1,16.49226435,12.9900
1626541978973000,1,41.21773565,12.9900
1626541979027000,1,0.00911727,12.9900
1626542040237000,0,4.03161005,13.0000
1626542213131000,1,16.01074124,13.0100
1626542213131000,1,40.00925876,13.0100
1626542229171000,1,15.73204760,13.0000
1626542244355000,1,15.58000000,13.0000
1626542255834000,1,15.50665283,13.0000
1626542255834000,1,38.76185717,13.0000
1626542255961000,1,0.00000529,13.0000
1626542257869000,1,31.80000000,12.9900
1626542257869000,1,38.76186246,12.9900
1626542257869000,1,15.51165754,12.9900
1626542280984000,1,14.89000000,12.9900
1626542281010000,1,0.00921174,12.9900
1626542304292000,1,3.79000000,12.9700
1626542304371000,1,10.89824155,12.9700
1626542419429000,1,13.79000000,12.9900
1626542447013000,1,13.71000000,13.0000
1626542447042000,1,0.00726525,13.0000
1626542499238000,1,13.73386281,13.0100
1626542499251000,1,0.28028291,13.0100
1626542538231000,1,13.94106641,13.0100
1626542538231000,1,34.84893359,13.0100
1626542594974000,1,5.13000000,13.0100
1626542594982000,1,29.10390783,13.0100
1626542594982000,1,89.01498490,13.0100
1626542594982000,1,13.66396377,13.0100
1626542672811000,1,13.32000000,13.0400
1626542672858000,1,0.00798204,13.0400
1626543115045000,1,13.25000000,13.0500
1626543115097000,1,0.00995694,13.0500
1626543140109000,1,13.14000000,13.0500
1626543140130000,1,0.00974026,13.0500
1626543927746000,1,12.02757000,13.0400
1626543927776000,1,0.00000685,13.0400
1626544198093000,0,6.25000000,13.0500
1626544256143000,0,55.74808575,13.0600
1626544258033000,1,11.80000000,13.0500
1626544258116000,1,0.00837982,13.0500
1626544301521000,1,11.71259655,13.0400
1626544512789000,1,11.62537647,13.0800
1626544525856000,1,32.30000000,13.0800
1626544648049000,1,11.81515000,13.0900
1626544648090000,1,0.00000263,13.0900
1626544838451000,1,11.76000000,13.0700
1626545218727000,0,76.63422000,13.0500
1626545325830000,1,11.46000000,13.0700
1626545325941000,1,0.00867111,13.0700
1626545452668000,0,32.40000000,13.0500
1626545491018000,1,11.19000000,13.1000
1626545491068000,1,0.00485827,13.1000
1626545498432000,1,11.19485000,13.0900
1626545498542000,1,0.00000827,13.0900
1626545610881000,1,11.10000000,13.0700
1626545610921000,1,0.00209554,13.0700
1626545695548000,1,4.56000000,13.0500
1626545695661000,1,6.49503576,13.0500
1626545789469000,1,11.09710084,13.0800
1626545868174000,1,11.68000000,13.0900
1626545868201000,1,0.00366513,13.0900
1626545951430000,0,31.30000000,13.1000
1626545989439000,1,11.57000000,13.1000
1626546018611000,0,6.25000000,13.1200
1626546018642000,0,25.55000000,13.1200
1626546021797000,0,31.80000000,13.1300
1626546041719000,1,11.49000000,13.1200
1626546041743000,1,0.00416276,13.1200
1626546087515000,1,11.44370276,13.1200
1626546120277000,1,11.38000000,13.1200
1626546120346000,1,0.00007022,13.1200
1626546207235000,1,11.32268000,13.1300
1626546207264000,1,0.00000566,13.1300
1626546227451000,1,11.32268566,13.1200
1626546227451000,1,28.17417346,13.1200
1626546227451000,1,73.25314088,13.1200
1626546242660000,1,10.71000000,13.1100
1626546374104000,1,10.63231000,13.1400
1626546374168000,1,0.00000507,13.1400
1626546558272000,1,10.56098154,13.1600
1626546558272000,1,26.40084930,13.1600
1626546669650000,1,10.32000000,13.1500
1626546669651000,1,0.00512081,13.1500
1626546690723000,1,11.62000000,13.1300
1626546690758000,1,0.00669405,13.1300
1626546730848000,0,52.20000000,13.1000
1626546730915000,0,24.14520247,13.1000
1626546833482000,1,6.48000000,13.1100
1626546833486000,1,7.29898081,13.1100
1626546867053000,0,7.05917095,13.1200
1626546884136000,1,13.59000000,13.1100
1626546884222000,1,0.00724848,13.1100
1626546895239000,1,13.53000000,13.1100
1626546949630000,1,13.38175809,13.1300
1626546949630000,1,33.44824191,13.1300
1626546949642000,1,0.00411547,13.1300
1626547006027000,1,13.13417000,13.1400
1626547006059000,1,0.00000974,13.1400
1626547034046000,1,12.97535666,13.1400
1626547067867000,1,12.75001000,13.1400
1626547100804000,1,10.00000000,13.1400
1626547253560000,1,12.62625000,13.1500
1626547253632000,1,0.00000468,13.1500
1626547281235000,0,4.31254752,13.1500
1626547348155000,1,12.58524000,13.1400
1626547477660000,1,12.49569000,13.1300
1626547569501000,1,12.44970000,13.1100
1626547604885000,1,12.38972000,13.1100
1626547604940000,1,0.00000663,13.1100
1626547608986000,1,80.50024044,13.0900
1626547608986000,1,30.97006460,13.0900
1626547608986000,1,12.39690496,13.0900
1626547609016000,1,0.00000796,13.0900
1626547609937000,1,8.49000000,13.0800
1626547616475000,1,63.40000000,13.0700
1626547712438000,1,11.69296000,13.0700
1626547784302000,0,76.51000000,13.0700
1626547784355000,0,0.00343576,13.0700
1626547890412000,0,161.99695430,13.0900
1626547890412000,0,76.43623689,13.0900
1626547927567000,0,76.51000000,13.0700
1626547955626000,0,161.60000000,13.0800
1626547955626000,0,162.06449450,13.0800
1626547955626000,0,120.00000000,13.0800
1626547955626000,0,76.49353630,13.0800
1626547955626000,0,191.20458891,13.0800
1626547955626000,0,2.47138406,13.0800
1626547955684000,1,6.25000000,13.0800
1626547955724000,1,162.13107860,13.0800
1626547955734000,1,63.40000000,13.0800
1626547955798000,1,154.11962711,13.0800
1626547979433000,0,76.52000000,13.0700
1626547979440000,0,0.00397496,13.0700
1626548172200000,0,162.15613839,13.0700
1626548172200000,0,161.59999161,13.0700
1626548172222000,0,0.00000839,13.0700
1626548172527000,0,24.83000000,13.0800
1626548239685000,0,160.80000000,13.1000
1626548289118000,0,120.00000000,13.1100
1626548440579000,0,6.25000000,13.1700
1626548440603000,0,183.74853769,13.1700
1626548440603000,0,16.56146231,13.1700
1626548440610000,0,59.41842779,13.1700
1626548449360000,1,1229.27638000,13.1700
1626548449454000,1,0.00000572,13.1700
1626548449477000,1,90.67529303,13.1600
1626548449477000,1,38.11987573,13.1600
1626548449477000,1,15.25142373,13.1600
1626548449477000,1,70.00000000,13.1600
1626548450359000,1,15.25142373,13.1500
1626548450950000,1,6.25000000,13.1400
1626548451066000,1,9.00142000,13.1400
1626548461933000,0,76.10813444,13.1400
1626548461933000,0,69.99186556,13.1400
1626548833623000,0,76.16378260,13.1300
1626548833915000,0,6.25000000,13.1400
1626548833932000,0,488.99012602,13.1400
1626548833932000,0,190.43561671,13.1400
1626548833932000,0,76.15798212,13.1400
1626548873882000,1,19.15799827,13.1400
1626548873882000,1,30.84200173,13.1400
1626548873921000,1,16.45222960,13.1400
1626549421603000,0,4.00000000,13.1400
1626549471243000,1,120.12423780,13.1200
1626549596025000,1,4.09000000,13.1100
1626549596109000,1,15.09071572,13.1100
1626549778638000,1,16.95000000,13.1100
1626549951238000,0,37.34000000,13.1100
1626550007221000,0,8.65000000,13.1400
1626550007241000,0,67.46276868,13.1400
1626550135391000,0,75.94000000,13.1700
1626550135423000,0,0.00052338,13.1700
1626550196467000,0,14.17878787,13.2000
1626550199427000,1,12.67056581,13.1900
1626550199447000,1,5.34567559,13.1900
1626550208707000,0,75.81000000,13.2000
1626550208721000,0,0.00616097,13.2000
1626550216833000,1,18.08000000,13.1900
1626550263456000,0,10.00000000,13.1700
1626550956992000,0,1.96133434,13.1900
1626551074142000,1,40.00000000,13.1900
1626551467241000,0,75.75000000,13.2100
1626551702972000,1,20.98000000,13.2100
1626551702973000,1,0.00217854,13.2100
1626551729015000,1,20.99361000,13.2000
1626551729189000,1,0.00000625,13.2000
1626551836475000,1,20.80733000,13.1900
1626552080295000,1,20.74092268,13.2400
1626552080295000,1,120.00000000,13.2300
1626552080295000,1,51.87737998,13.2300
1626552080295000,1,49.21354933,13.2300
1626552084316000,1,20.37861000,13.2400
1626552098643000,1,20.37861933,13.2300
1626552098643000,1,69.99999067,13.2300
1626552115690000,0,75.52527831,13.2500
1626552150433000,1,20.53624000,13.2400
1626552157060000,1,0.00000736,13.2400
1626552223207000,1,20.44187602,13.2200
1626552223207000,1,51.13638168,13.2200
1626552223207000,1,49.33766830,13.2100
1626552257368000,1,20.10001000,13.2200
1626552400380000,1,120.00000000,13.2000
1626552400380000,1,0.91592600,13.2000
1626552448954000,1,20.01524000,13.2000
1626552607711000,0,70.58118361,13.1800
1626552961402000,1,18.37490000,13.1300
1626553044690000,1,18.26913126,13.1400
1626553044690000,1,45.66100874,13.1400
1626553099505000,1,17.77764741,13.1300
1626553133975000,1,17.68000000,13.1300
1626553134091000,1,0.00632334,13.1300
1626553166262000,0,160.40000000,13.1400
1626553309135000,1,17.18128627,13.1400
1626553309184000,1,0.35063850,13.1400
1626553338934000,1,17.44000000,13.1400
1626553368859000,1,17.35000000,13.1400
1626553446564000,1,17.26000000,13.1500
1626553446707000,1,0.00113654,13.1500
1626553612009000,1,16.54035208,13.1700
1626553927680000,1,16.40000000,13.1500
1626553927745000,1,0.00815745,13.1500
1626553978281000,1,16.32859000,13.1500
1626553978316000,1,0.00000837,13.1500
1626554043083000,0,18.91634980,13.1500
1626554451455000,1,16.55000000,13.1200
1626554451533000,1,0.00992028,13.1200
1626555457040000,1,44.70000000,13.0800
1626555801114000,1,162.10033545,13.0500
1626555801114000,1,187.89966455,13.0500
1626555819488000,1,17.43455708,13.0600
1626555819488000,1,53.14662653,13.0500
1626556560221000,1,3.78573205,13.0600
1626557301059000,1,16.85680000,13.1000
1626557301188000,1,0.00001575,13.1000
1626557301188000,1,42.13817999,13.1000
1626558247779000,1,16.56359000,13.1000
1626559300084000,0,32.00000000,13.0400
1626559485180000,1,20.03045079,13.0200
1626559505779000,0,32.00000000,13.0200
1626559616565000,0,31.60000000,13.0400
1626559616968000,0,52.12000000,13.0500
1626559617175000,0,24.56241212,13.0500
1626559621043000,1,17.39411243,13.0500
1626559621043000,1,113.06120942,13.0500
1626559621043000,1,43.48392815,13.0500
1626559621078000,1,0.00002107,13.0500
1626559622876000,1,11.82860389,13.0400
1626559622947000,1,5.56550854,13.0400
1626559681320000,1,7.61131594,13.0300
1626559681418000,1,8.52602735,13.0300
1626559695811000,0,76.80845000,13.0200
1626559809221000,0,32.30000000,13.0200
1626559893977000,0,76.81199000,13.0200
1626559894199000,0,0.00000496,13.0200
1626559902409000,0,76.80727519,13.0200
1626560280065000,1,17.36895000,13.0300
1626560740644000,0,76.75186000,13.0300
1626560911729000,0,32.50000000,13.0000
1626560918812000,1,19.70879668,12.9900
1626560918848000,1,0.00000001,12.9900
1626560951618000,0,6.25000000,13.0000
1626560968232000,0,26.05000000,13.0000
1626561026932000,0,32.10000000,13.0000
1626561045751000,0,32.10000000,13.0100
1626561066865000,0,32.10000000,13.0100
1626561148683000,0,31.80000000,13.0100
1626561328886000,0,31.70000000,13.0300
1626561555875000,1,2.50000000,13.0200
1626562087556000,0,54.45000000,13.0300
1626562087619000,0,22.30421764,13.0300
1626562294805000,0,76.65067223,13.0500
1626562294805000,0,134.10932777,13.0500
1626562676924000,1,32.30000000,13.0500
1626562718374000,1,31.70000000,13.0400
1626562718374000,1,21.41290000,13.0400
1626562851108000,0,76.71064744,13.0400
1626562851108000,0,103.28935256,13.0400
1626563015930000,0,31.70000000,13.0400
1626563015930000,0,76.69064528,13.0400
1626563241076000,0,32.10000000,13.0500
1626563348325000,1,21.92222111,13.0300
1626563348325000,1,54.82397889,13.0300
1626563348387000,1,0.00007622,13.0300
1626563522420000,0,32.20000000,13.0600
1626563871156000,1,31.90000000,13.0400
1626564000263000,1,2.14288543,13.0800
1626564097855000,1,25.60614529,13.0600
1626564097855000,1,1.56828796,13.0600
1626564188974000,1,4.23660000,13.0600
1626564935866000,1,24.91000000,13.0300
1626564935867000,1,0.00946252,13.0300
1626565081129000,0,76.98466465,12.9900
1626565081129000,0,189.32123535,12.9900
1626565147988000,1,15.11515151,12.9700
1626565228872000,0,32.50000000,13.0000
1626565340259000,1,26.65037000,13.0100
1626565383190000,0,32.50000000,13.0300
1626565769923000,0,32.10000000,13.0000
1626565906869000,0,162.95134657,13.0100
1626565906869000,0,76.90768343,13.0100
1626565967755000,0,32.40000000,13.0400
1626566027040000,0,32.00000000,13.0500
1626566082100000,0,32.10000000,13.0700
1626566122074000,0,76.63070000,13.0500
1626566382856000,0,76.86395000,13.0200
1626566385180000,1,28.57103000,13.0200
