timestamp ms,type,amount,price
1624406496949000,0,130.09880278,14.1900
1624406496949000,0,338.24055669,14.1900
1624406496949000,0,41.63319568,14.1900
1624406497024000,0,10.40760317,14.1900
1624406502845000,1,6.83884739,14.1800
1624406502845000,1,17.09374632,14.1800
1624406520589000,1,15.31553652,14.1500
1624406521186000,1,6.25000000,14.1400
1624406521231000,1,92.55724999,14.1400
1624406521231000,1,5.44265001,14.1400
1624406524838000,0,49.31764415,14.1300
1624406525112000,0,317.08439967,14.1400
1624406525112000,0,70.00000000,14.1400
1624406525237000,0,70.00000000,14.1400
1624406534254000,1,18.87809917,14.1400
1624406534254000,1,47.19524792,14.1400
1624406534254000,1,24.15665291,14.1400
1624406536810000,0,6.25000000,14.1300
1624406536886000,0,33.77836151,14.1300
1624406538114000,0,6.25000000,14.1400
1624406538291000,0,40.02836151,14.1400
1624406538291000,0,40.03163849,14.1400
1624406542793000,0,45.36000000,14.1400
1624406545927000,0,43.10617846,14.1400
1624406545927000,0,122.36005737,14.1400
1624406545927000,0,318.12376417,14.1400
1624406545974000,0,0.00015115,14.1400
1624406549907000,1,6.25000000,14.1200
1624406551411000,1,6.25000000,14.1100
1624406551579000,1,13.02000000,14.1100
1624406551666000,1,5.50359571,14.1100
1624406551666000,1,61.93449427,14.1100
1624406564988000,0,147.68287329,14.0800
1624406564988000,0,37.71712671,14.0800
1624406565032000,0,6.25000000,14.0800
1624406566995000,0,388.75038822,14.1000
1624406566995000,0,150.05156538,14.1000
1624406566995000,0,59.97460610,14.1000
1624406573561000,0,6.25000000,14.1000
1624406590270000,0,84.45324733,14.0900
1624406590270000,0,33.77675267,14.0900
1624406593163000,1,6.25000000,14.0900
1624406598833000,0,29.64350908,14.0900
1624406598833000,0,74.10649092,14.0900
1624406603982000,0,33.16933339,14.0900
1624406603982000,0,82.92066661,14.0900
1624406607173000,0,32.43000000,14.1000
1624406608697000,0,81.09740745,14.1100
1624406608697000,0,215.33460184,14.1100
1624406608697000,0,32.43997658,14.1100
1624406608697000,0,2.56801413,14.1100
1624406608834000,0,0.00810226,14.1100
1624406613928000,0,24.33900639,14.1200
1624406613928000,0,60.84751598,14.1200
1624406613928000,0,158.20347763,14.1200
1624406613981000,0,0.00006392,14.1200
1624406616305000,1,33.95036156,14.1300
1624406616305000,1,2.41571242,14.1300
1624406625483000,0,22.75000000,14.1000
1624406628190000,1,6.25000000,14.0800
1624406634690000,1,38.70000000,14.0600
1624406634755000,1,0.00297833,14.0600
1624406640767000,0,6.25000000,14.0300
1624406640846000,0,27.09809525,14.0300
1624406642426000,0,20.46000000,14.0400
1624406651664000,1,44.67057500,14.0400
1624406651664000,1,111.67942500,14.0400
1624406651734000,1,0.00074802,14.0400
1624406659667000,1,118.09540143,14.0000
1624406659667000,1,47.23706050,14.0000
1624406659667000,1,298.97753807,14.0000
1624406659680000,1,0.00850988,14.0000
1624406666634000,0,66.64714979,13.9800
1624406666634000,0,166.73243392,13.9800
1624406671782000,1,6.25000000,13.9800
1624406687723000,0,53.74631962,13.9600
1624406687723000,0,134.40290452,13.9600
1624406687723000,0,343.24077586,13.9600
1624406687775000,0,0.00406342,13.9600
1624406688736000,0,50.30629227,13.9700
1624406688736000,0,9.69370773,13.9700
1624406688826000,0,6.25000000,13.9700
1624406688829000,0,109.81895378,13.9700
1624406694138000,0,2.49667309,13.9900
1624406695964000,0,96.04000000,14.0000
1624406700125000,0,28.37737837,14.0000
1624406700125000,0,67.66252163,14.0000
1624406700395000,0,8.00857232,14.0000
1624406702689000,0,2.50158626,14.0100
1624406703958000,0,2.48597871,14.0200
1624406704647000,0,188.15377932,14.0300
1624406704647000,0,28.37737837,14.0300
1624406704647000,0,72.36797818,14.0300
1624406716708000,0,6.25000000,13.9700
1624406720715000,0,67.61361926,13.9700
1624406720715000,0,27.13999901,13.9700
1624406720715000,0,106.01638173,13.9700
1624406742021000,0,6.25000000,13.9600
1624406742031000,0,13.84070232,13.9600
1624406742031000,0,50.22653097,13.9600
1624406742397000,0,130.56000000,13.9700
1624406761149000,0,45.46756297,13.9500
1624406761149000,0,118.12243703,13.9500
1624406761524000,0,0.00692603,13.9500
1624406768382000,0,14.95355564,13.9600
1624406768382000,0,37.35445205,13.9600
1624406768382000,0,97.11199231,13.9600
1624406770148000,0,14.93428970,13.9700
1624406770148000,0,37.33571030,13.9700
1624406770253000,0,0.00001396,13.9700
1624406771506000,0,97.06596912,13.9800
1624406771506000,0,14.93428970,13.9800
1624406771506000,0,34.34900460,13.9800
1624406775575000,1,6.25000000,13.9600
1624406775613000,1,55.98619902,13.9600
1624406806401000,0,14.51286878,13.9200
1624406806401000,0,36.27713122,13.9200
1624406811848000,0,6.25000000,13.9300
1624406811865000,0,6.43570372,13.9300
1624406811865000,0,31.71425930,13.9300
1624406811865000,0,82.45540888,13.9300
1624406812747000,0,434.00000000,13.9400
1624406815812000,1,65.83614654,13.9400
1624406824738000,1,29.30000000,13.9200
1624406824738000,1,68.59330000,13.9200
1624406828194000,1,68.59330515,13.9000
1624406831854000,0,19.14405451,13.8900
1624406831854000,0,51.80594549,13.8900
1624406831865000,0,0.00151389,13.8900
1624406833223000,1,29.50000000,13.8800
1624406844268000,0,6.25000000,13.8600
1624406863280000,1,30.00000000,13.9000
1624406920927000,0,16.55000000,13.9500
1624406920943000,0,0.00948895,13.9500
1624406921555000,0,2.41410213,13.9600
1624406921652000,0,41.37675325,13.9600
1624406921652000,0,28.62324675,13.9600
1624406921800000,0,62.40000000,13.9600
1624406922048000,0,16.55076916,13.9600
1624406923988000,1,2.51837800,13.9600
1624406930267000,1,91.20000000,13.9600
1624406930267000,1,71.61895116,13.9600
1624406930267000,1,179.05231192,13.9600
1624406930267000,1,8.12873692,13.9600
1624406934190000,0,6.25000000,13.9500
1624406934235000,0,33.51968034,13.9500
1624406934235000,0,15.90787214,13.9500
1624406938171000,1,116.70000000,13.9500
1624406939770000,1,71.67328000,13.9400
1624406939831000,1,0.00000450,13.9400
1624406943515000,1,51.40000000,13.9100
1624406946732000,1,75.10000000,13.9000
1624406952324000,0,24.66196757,13.8800
1624406952324000,0,61.64803243,13.8800
1624406952435000,0,82.40291595,13.8800
1624406954536000,1,72.05450668,13.8800
1624406954536000,1,74.69999332,13.8800
1624406954713000,0,180.02707607,13.8800
1624406958263000,0,6.25000000,13.8500
1624406958393000,0,20.93319852,13.8500
1624406967349000,1,6.25000000,13.7900
1624406967517000,1,66.00860939,13.7900
1624406967517000,1,8.60715174,13.7900
1624406967571000,1,15.34100610,13.7900
1624406970706000,0,77.42313988,13.7900
1624406970706000,0,201.29686012,13.7900
1624406970737000,0,0.00044058,13.7900
1624406971466000,0,31.69000000,13.8000
1624406975544000,1,65.50000000,13.7900
1624406976007000,0,245.17512000,13.7900
1624406982984000,0,27.57165104,13.7900
1624406982984000,0,77.85834896,13.7900
1624406983173000,0,0.00631465,13.7900
1624406987076000,1,145.40000000,13.7800
1624406990164000,1,72.60696605,13.7600
1624406990164000,1,181.52152753,13.7600
1624406992229000,0,6.25000000,13.7600
1624407009390000,0,47.21470773,13.7900
1624407009390000,0,95.29040227,13.7900
1624407010943000,0,22.72000000,13.7900
1624407010960000,0,0.00472821,13.7900
1624407011313000,0,306.86000000,13.8000
1624407011316000,0,0.00926015,13.8000
1624407042668000,1,39.20000000,13.7400
1624407043537000,0,6.25000000,13.7400
1624407043805000,0,31.09492606,13.7400
1624407048259000,0,37.92756759,13.7500
1624407048259000,0,2.47959410,13.7500
1624407048259000,0,5.26977831,13.7500
1624407048772000,0,87.86205206,13.7500
1624407048772000,0,242.13794794,13.7500
1624407048785000,0,0.00002051,13.7500
1624407053886000,1,72.69766000,13.7500
1624407054076000,1,0.00000495,13.7500
1624407061402000,0,83.87356781,13.7300
1624407061402000,0,33.52700146,13.7300
1624407063865000,0,14.47746000,13.7500
1624407069107000,1,72.74960668,13.7400
1624407069107000,1,181.87902862,13.7400
1624407072538000,0,24.98234154,13.7400
1624407072538000,0,6.70313846,13.7400
1624407072764000,0,67.38189478,13.7400
1624407072764000,0,192.61811392,13.7400
1624407075750000,0,34.21198009,13.7400
1624407076439000,1,6.25000000,13.7400
1624407076572000,1,72.78349000,13.7400
1624407077406000,1,0.00000542,13.7400
1624407077651000,1,30.10000000,13.7300
1624407077651000,1,179.90000000,13.7300
1624407079866000,1,1.45817233,13.7200
1624407083215000,1,330.00000000,13.7100
1624407083280000,1,176.00000000,13.7100
1624407085045000,0,6.25000000,13.7100
1624407085282000,0,29.50726879,13.7200
1624407085282000,0,5.55880121,13.7200
1624407085770000,0,6.25000000,13.7200
1624407085788000,0,185.54165254,13.7200
1624407085788000,0,29.40116130,13.7200
1624407085788000,0,73.50191084,13.7200
1624407090213000,1,29.80000000,13.7100
1624407090213000,1,72.89054755,13.7100
1624407090213000,1,37.30945245,13.7100
1624407090313000,1,144.91691643,13.7100
1624407093825000,1,6.25000000,13.7100
1624407093936000,1,66.64278951,13.7100
1624407093936000,1,6.24999049,13.7100
1624407094411000,1,72.89278000,13.7000
1624407094852000,1,0.00000951,13.7000
1624407097515000,0,6.24999049,13.7000
1624407098546000,0,2.58396750,13.7100
1624407146068000,1,2.45231000,13.7500
1624407147617000,1,98.00000000,13.7200
1624407167264000,1,2.15000000,13.6700
1624407171915000,0,6.25000000,13.6600
1624407173457000,0,34.60000000,13.6800
1624407185501000,1,2.54304636,13.7000
1624407185566000,1,0.05189891,13.7000
1624407188918000,1,2.40593480,13.6900
1624407189550000,1,0.04910071,13.6900
1624407189550000,1,2.48069929,13.6800
1624407190489000,1,0.04918273,13.6800
1624407192513000,1,2.48660000,13.6700
1624407192541000,1,0.00003359,13.6700
1624407208551000,0,2.54525221,13.7100
1624407215055000,1,29.80000000,13.7100
1624407251483000,0,35.36000000,13.7100
1624407251572000,0,0.00132108,13.7100
1624407252063000,0,2.54892750,13.7200
1624407256573000,0,25.53959000,13.7200
1624407259349000,1,60.98180000,13.7000
1624407264285000,1,72.96725458,13.6700
1624407264285000,1,474.34639841,13.6700
1624407264285000,1,167.82842703,13.6700
1624407267757000,0,52.85682602,13.6700
1624407267757000,0,134.07159985,13.6700
1624407270275000,0,68.81000000,13.6800
1624407270390000,0,235.34594000,13.6900
1624407271348000,0,68.81537031,13.7000
1624407271348000,0,134.07159985,13.7000
1624407271348000,0,361.27435218,13.7000
1624407276887000,1,72.94194296,13.7000
1624407276887000,1,14.84805704,13.7000
1624407282502000,0,6.25000000,13.6700
1624407296077000,0,50.51006350,13.6600
1624407296077000,0,126.27199413,13.6600
1624407301567000,0,6.25000000,13.6600
1624407301674000,0,37.84476459,13.6600
1624407301674000,0,110.23440778,13.6600
1624407301939000,0,99.51764000,13.6700
1624407302941000,0,40.83322808,13.6800
1624407302941000,0,37.68339192,13.6800
1624407303784000,0,64.39751149,13.6800
1624407303784000,0,265.60248851,13.6800
1624407303784000,0,0.00002095,13.6800
1624407304383000,0,40.83322808,13.6900
1624407306112000,0,38.08000000,13.7000
1624407306136000,0,0.00303626,13.7000
1624407307831000,1,2.51169337,13.6900
1624407309391000,1,2.51740665,13.6800
1624407322788000,0,26.89940000,13.6300
1624407322793000,0,0.00008495,13.6300
1624407324010000,1,6.25000000,13.6300
1624407333609000,1,73.29671648,13.6400
1624407333609000,1,60.72124352,13.6400
1624407333669000,1,122.52559000,13.6400
1624407333849000,1,0.00000730,13.6400
1624407339195000,1,98.00000000,13.6000
1624407340468000,0,41.11102669,13.6100
1624407340468000,0,66.17753331,13.6100
1624407341900000,0,36.61859030,13.6100
1624407341900000,0,7.87050970,13.6100
1624407342484000,0,73.23476000,13.6100
1624407342586000,0,44.48910000,13.6100
1624407365290000,0,30.16461196,13.6300
1624407365290000,0,75.41045275,13.6300
1624407366941000,0,80.38989777,13.6400
1624407366941000,0,32.15010223,13.6400
1624407375615000,1,73.20543352,13.6600
1624407375615000,1,24.79456648,13.6600
1624407385977000,0,79.18919574,13.6700
1624407385977000,0,31.67524231,13.6700
1624407386493000,0,2.37828488,13.6800
1624407386493000,0,1.18171512,13.6800
1624407386522000,0,68.24000000,13.6800
1624407386734000,0,136.40708879,13.6800
1624407387109000,0,31.14673577,13.6800
1624407387852000,0,364.00000000,13.6900
1624407406731000,0,2.41178581,13.7300
1624407406738000,0,0.04922012,13.7300
1624407407850000,1,98.00000000,13.7300
1624407407938000,1,72.82696000,13.7300
1624407408273000,1,0.00000155,13.7300
1624407408273000,1,6.24999845,13.7300
1624407412465000,1,58.00010000,13.7000
1624407415885000,1,182.07242113,13.6800
1624407415885000,1,73.08757887,13.6800
1624407417874000,1,2.46720000,13.6700
1624407417987000,1,0.00007880,13.6700
1624407424337000,0,68.58259466,13.6400
1624407424337000,0,27.43335620,13.6400
1624407434186000,0,27.69539722,13.6200
1624407434186000,0,2.54462534,13.6200
1624407434718000,0,69.12388812,13.6200
1624407436731000,1,73.38000000,13.6200
1624407436745000,1,0.00385537,13.6200
1624407436745000,1,37.52894463,13.6200
1624407438038000,0,28.82423403,13.6200
1624407438757000,1,193.28000000,13.6200
1624407443664000,1,7.21780721,13.5800
1624407446233000,0,6.25000000,13.5700
1624407448537000,0,65.42000000,13.5700
1624407448560000,0,0.00403327,13.5700
1624407450598000,0,6.25000000,13.5800
1624407452990000,0,24.44499242,13.5900
1624407452990000,0,61.11199023,13.5900
1624407452990000,0,158.88777139,13.5900
1624407459453000,0,12.65626745,13.6000
1624407459453000,0,31.63373255,13.6000
1624407459529000,0,0.00693608,13.6000
1624407463745000,0,6.25000000,13.6000
1624407468249000,1,30.00000000,13.6000
1624407472450000,1,30.20000000,13.5800
1624407476219000,0,42.04000000,13.5900
1624407476271000,0,0.00399696,13.5900
1624407476271000,0,17.49725317,13.5900
1624407477097000,0,109.20529394,13.6000
1624407477097000,0,17.49879584,13.6000
1624407477097000,0,42.04399696,13.6000
1624407489969000,1,73.47228135,13.6100
1624407489969000,1,106.52771865,13.6100
1624407490103000,1,77.15804000,13.6100
1624407490197000,1,0.00000644,13.6100
1624407494340000,1,30.10000000,13.6000
1624407503886000,0,96.44483903,13.6300
1624407504740000,0,2.51857895,13.6400
1624407504740000,0,86.52142105,13.6400
1624407504743000,0,9.84389627,13.6400
1624407504743000,0,14.82543343,13.6400
1624407504743000,0,37.06358358,13.6400
1624407511038000,1,98.00000000,13.6500
1624407512731000,1,6.25000000,13.6600
1624407512984000,1,66.95871234,13.6600
1624407513176000,1,183.02000000,13.6500
1624407516907000,1,73.22801222,13.6200
1624407516907000,1,73.20871234,13.6200
1624407516907000,1,183.02681544,13.6200
1624407521150000,1,73.58704000,13.5900
1624407522935000,0,6.25000000,13.5900
1624407523031000,0,25.18486599,13.5900
1624407524250000,0,6.25000000,13.6000
1624407524631000,1,67.24698662,13.6000
1624407524631000,1,183.74245338,13.6000
1624407524670000,1,0.00001318,13.6000
1624407530277000,0,28.40776193,13.5600
1624407533861000,0,6.25000000,13.5700
1624407534114000,0,85.42131141,13.5700
1624407534192000,0,1.74329207,13.5700
1624407534192000,0,34.85679007,13.5700
1624407540335000,1,73.68450694,13.5600
1624407540335000,1,56.91000306,13.5600
1624407540435000,1,98.00010000,13.5600
1624407571470000,0,6.25000000,13.5800
1624407571630000,0,60.32000000,13.5800
1624407571639000,0,158.82131358,13.5800
1624407618051000,1,73.30196009,13.6400
1624407618051000,1,76.69803991,13.6400
1624407618053000,1,32.51000000,13.6400
1624407618114000,1,74.03074221,13.6400
1624407618114000,1,165.96925779,13.6400
1624407618136000,1,310.48906163,13.6400
1624407618191000,1,70.00000000,13.6400
1624407623644000,0,12.00000000,13.6700
1624407627723000,0,43.40607362,13.6700
1624407627723000,0,60.61804638,13.6700
1624407641875000,1,30.50000000,13.6800
1624407658522000,0,67.82637290,13.6900
1624407658522000,0,67.81051446,13.6900
1624407658522000,0,27.12311264,13.6900
1624407658534000,0,0.00139762,13.6900
1624407662594000,1,73.01094000,13.6800
1624407662720000,1,0.00000053,13.6800
1624407684776000,1,182.62038336,13.6900
1624407684776000,1,72.98642734,13.6900
1624407688835000,0,26.10418591,13.6900
1624407688835000,0,76.77717109,13.6900
1624407688835000,0,199.61864300,13.6900
1624407689656000,0,16.63000000,13.7000
1624407706075000,0,30.40000000,13.7200
1624407706075000,0,72.34330000,13.7200
1624407707695000,1,72.94277071,13.7000
1624407707695000,1,182.34722929,13.7000
1624407713809000,1,72.99000000,13.6900
1624407720980000,1,182.86349606,13.6600
1624407720980000,1,67.87870976,13.6600
1624407721011000,1,5.11718787,13.6600
1624407722187000,1,131.53569615,13.6500
1624407723355000,1,73.25161478,13.6400
1624407723355000,1,183.13408345,13.6400
1624407741401000,0,36.66000000,13.6300
1624407741511000,0,0.00936203,13.6300
1624407741924000,0,32.22569000,13.6400
1624407742593000,0,28.38991000,13.6500
1624407742671000,0,7.48172344,13.6500
1624407742671000,0,89.35950940,13.6500
1624407742671000,0,1.15876716,13.6500
1624407747355000,0,29.90000000,13.6700
1624407747355000,0,28.59969000,13.6700
1624407748294000,0,718.31000000,13.6800
1624407763442000,0,2.65461692,13.7400
1624407763442000,0,184.19999308,13.7400
1624407764007000,0,299.80000000,13.7400
1624407764053000,0,0.00000692,13.7400
1624407769137000,1,98.00000000,13.7300
1624407769846000,1,72.74949439,13.7200
1624407769846000,1,72.74050561,13.7200
1624407769888000,1,0.00592562,13.7200
1624407776586000,1,72.83332000,13.7300
1624407784939000,0,24.03979000,13.7400
1624407798987000,1,72.64285201,13.7600
1624407798987000,1,147.35714799,13.7600
1624407799070000,1,34.25498661,13.7600
1624407806425000,0,30.10000000,13.7700
1624407806425000,0,2.50784313,13.7700
1624407822902000,1,29.90000000,13.7000
1624407826305000,1,72.97890000,13.7000
1624407826958000,1,25.02110000,13.6900
1624407827159000,1,48.02397324,13.6900
1624407827159000,1,72.97896676,13.6900
1624407832193000,0,44.67217368,13.7000
1624407832193000,0,109.66085034,13.7000
1624407835904000,0,50.65125615,13.7100
1624407835904000,0,69.34874385,13.7100
1624407837176000,0,50.65125614,13.7200
1624407837205000,0,0.00000001,13.7200
1624407837281000,0,126.62497629,13.7300
1624407837281000,0,339.44870002,13.7300
1624407857394000,1,28.88000000,13.7700
1624407857437000,1,43.71955146,13.7700
1624407857437000,1,96.46273854,13.7700
1624407857501000,1,180.00000000,13.7700
1624407857546000,1,195.32180734,13.7700
1624407857546000,1,72.59633534,13.7700
1624407865401000,1,72.60803965,13.7600
1624407865401000,1,181.60421903,13.7600
1624407865401000,1,115.78774132,13.7600
1624407865576000,1,356.42416889,13.7600
1624407869441000,0,6.25000000,13.7600
1624407869441000,0,30.10000000,13.7600
1624407869441000,0,37.24244254,13.7600
1624407869441000,0,13.29240746,13.7600
1624407869759000,0,23.92000000,13.7600
1624407870202000,0,0.00298900,13.7600
1624407870391000,0,2.43151877,13.7700
1624407870391000,0,13.31945123,13.7700
1624407881181000,0,6.25000000,13.8000
1624407884860000,1,6.25000000,13.7900
1624407893432000,0,29.50000000,13.7800
1624407893432000,0,52.37436780,13.7800
1624407893432000,0,12.42834220,13.7800
1624407901114000,0,6.25000000,13.7800
1624407901206000,0,138.96555124,13.7800
1624407901206000,0,58.08778184,13.7800
1624407901801000,0,21.53051000,13.7900
1624407916776000,1,72.36633162,13.8200
1624407919218000,1,46.71000000,13.8000
1624407919526000,1,25.65633162,13.8000
1624407919526000,1,181.01513287,13.8000
1624407926147000,1,72.26545932,13.7900
1624407926147000,1,151.03454068,13.7900
1624407926182000,1,29.22878799,13.7900
1624407926182000,1,468.72459673,13.7900
1624407932172000,1,72.56583422,13.7600
1624407938223000,0,6.25000000,13.7400
1624407938247000,0,13.28000000,13.7400
1624407938308000,0,53.29567153,13.7400
1624407938308000,0,162.83795847,13.7400
1624407939694000,0,72.62867783,13.7300
1624407941769000,0,6.25000000,13.7200
1624407946749000,0,70.23079674,13.7200
1624407946749000,0,175.58920326,13.7200
1624407946784000,0,0.00580464,13.7200
1624407948012000,0,42.28202735,13.7400
1624407948053000,0,132.80572000,13.7400
1624407948139000,0,0.50726055,13.7400
1624407948139000,0,69.49273945,13.7400
1624407948199000,0,0.73805729,13.7400
1624407954755000,0,48.51302589,13.7800
1624407954755000,0,106.59573411,13.7800
1624407958693000,0,42.89430783,13.7700
1624407958693000,0,106.71569217,13.7700
1624407958928000,0,0.00037736,13.7700
1624407960214000,0,42.64524457,13.7900
1624407960214000,0,53.79319543,13.7900
1624407965597000,1,176.32692000,13.7800
1624407967671000,0,6.25000000,13.7800
1624407967767000,0,37.60966927,13.7900
1624407967767000,0,8.20528073,13.7900
1624407992929000,0,2.94764700,13.8700
1624407992929000,0,30.30927188,13.8700
1624407992929000,0,75.77134795,13.8700
1624407992929000,0,196.99173317,13.8700
1624407995468000,1,6.25000000,13.8700
1624408009385000,0,6.25000000,13.8600
1624408009457000,0,15.53632213,13.8600
1624408009457000,0,73.27283028,13.8600
1624408009575000,0,29.33066794,13.8600
1624408013333000,0,29.33066794,13.8800
1624408013333000,0,73.26933206,13.8800
1624408013413000,0,0.00349822,13.8800
1624408016199000,1,98.00000000,13.8900
1624408016199000,1,2.59336000,13.8900
1624408016284000,1,0.00000818,13.8900
1624408041149000,1,69.99016000,13.8600
1624408042529000,1,2.48398169,13.8500
1624408042529000,1,29.89991831,13.8500
1624408059615000,1,29.90000000,13.8500
1624408059957000,1,41.96620000,13.8400
1624408060252000,1,6.25000000,13.8500
1624408061564000,0,2.49421563,13.8600
1624408062322000,0,81.42754045,13.8700
1624408062322000,0,32.57153681,13.8700
1624408062322000,0,211.70888051,13.8700
1624408064949000,1,67.56926309,13.8700
1624408064949000,1,292.43073691,13.8700
1624408065110000,1,110.00000000,13.8700
1624408065239000,1,36.83508070,13.8700
1624408065239000,1,100.22121930,13.8700
1624408065297000,1,68.70676000,13.8700
1624408083393000,0,6.25000000,13.9100
1624408091404000,0,6.25000000,13.9300
1624408091626000,0,24.25796674,13.9300
1624408091626000,0,76.21203326,13.9300
1624408091940000,0,30.50796674,13.9400
1624408091940000,0,43.72296326,13.9400
1624408093495000,1,68.31897133,13.9300
1624408094203000,1,59.62000000,13.9200
1624408104810000,0,84.97000000,13.9100
1624408104810000,0,0.00600330,13.9100
1624408105529000,0,2.42748561,13.9300
1624408105529000,0,30.00000000,13.9300
1624408105529000,0,117.57251439,13.9300
1624408108429000,0,31.83030698,13.9500
1624408108429000,0,26.46558302,13.9500
1624408121205000,1,2.57221583,13.9100
1624408124827000,0,2.50040141,13.9200
1624408138486000,1,63.80261514,13.9100
1624408138486000,1,159.51097630,13.9100
1624408155601000,1,29.30000000,13.8900
1624408155601000,1,54.56999655,13.8900
1624408155601000,1,136.47088345,13.8900
1624408161810000,0,42.60581187,13.8900
1624408161810000,0,71.41460813,13.8900
1624408161890000,0,43.75886497,13.8900
1624408161890000,0,46.63346503,13.8900
1624408167174000,0,37.12436462,13.8800
1624408167174000,0,4.17316538,13.8800
1624408173412000,0,38.72015441,13.8800
1624408173412000,0,73.46775559,13.8800
1624408182114000,0,21.57768000,13.8800
1624408187183000,0,34.75389227,13.8700
1624408187183000,0,52.78501773,13.8700
1624408188003000,0,20.51772000,13.8700
1624408188238000,0,20.41000000,13.8700
1624408188238000,0,0.00527659,13.8700
1624408188343000,0,70.00000000,13.8800
1624408191889000,1,54.14732653,13.8800
1624408191889000,1,95.85267347,13.8800
1624408202989000,0,493.51000000,13.8500
1624408203022000,0,0.00208000,13.8500
1624408206435000,0,70.00000000,13.8600
1624408206435000,0,98.00000000,13.8600
1624408206435000,0,41.27383151,13.8600
1624408206435000,0,103.18239623,13.8600
1624408206435000,0,136.23377226,13.8600
1624408207388000,0,41.55470094,13.8500
1624408209536000,0,0.00073696,13.8600
1624408212761000,0,34.44814281,13.8700
1624408212761000,0,21.99715719,13.8700
1624408212846000,0,64.12170948,13.8700
1624408219795000,1,32.80000000,13.9200
1624408227062000,1,61.65534879,13.9400
1624408240418000,1,60.71962378,13.9000
1624408240418000,1,151.79037622,13.9000
1624408243026000,0,29.09358208,13.9200
1624408243026000,0,1.81912792,13.9200
1624408247908000,0,6.25000000,13.9100
1624408247945000,0,9.97000000,13.9100
1624408247984000,0,22.51467659,13.9100
1624408252087000,0,77.24543000,13.9300
1624408258744000,0,38.28530785,13.9100
1624408258744000,0,96.78145253,13.9100
1624408266782000,0,31.28933992,13.9000
1624408267351000,0,52.42326000,13.9100
1624408268277000,0,85.32980996,13.9200
1624408268277000,0,49.90019004,13.9200
1624408268344000,0,155.36961081,13.9200
1624408268344000,0,31.28933992,13.9200
1624408272291000,0,22.81536217,13.9300
1624408272496000,1,51.99742951,13.9300
1624408272739000,0,31.79800000,13.9400
1624408272800000,0,53.53180996,13.9400
1624408282338000,0,7.21000000,13.9400
1624408282450000,0,0.38782297,13.9400
1624408282450000,0,49.38564574,13.9400
1624408282450000,0,18.99455743,13.9400
1624408283289000,0,7.59782297,13.9500
1624408283289000,0,18.99455743,13.9500
1624408283289000,0,49.38564574,13.9500
1624408284405000,0,7.59782297,13.9600
1624408284405000,0,18.99455743,13.9600
1624408284405000,0,49.37761960,13.9600
1624408287396000,0,18.35343962,13.9600
1624408287484000,1,18.00000000,13.9600
1624408290555000,1,6.25000000,13.9600
1624408297899000,0,13.76894438,13.9600
1624408297899000,0,40.26227055,13.9600
1624408298602000,0,40.26227055,13.9700
1624408298602000,0,13.76894438,13.9700
1624408298602000,0,40.21786978,13.9700
1624408301190000,0,40.21786978,13.9800
1624408301190000,0,13.76894438,13.9800
1624408301190000,0,40.26227055,13.9800
1624408305708000,0,14.80000000,13.9800
1624408312243000,0,3.93000000,13.9800
1624408312281000,0,21.20120498,13.9800
1624408312281000,0,62.83915484,13.9800
1624408319497000,0,20.31927244,13.9800
1624408319497000,0,49.37576959,13.9800
1624408321346000,0,20.31578475,13.9900
1624408321346000,0,50.78421525,13.9900
1624408321478000,0,0.00521495,13.9900
1624408336730000,0,18.66869562,13.9900
1624408337936000,0,46.67173905,14.0000
1624408337936000,0,19.05826095,14.0000
1624408337959000,0,0.00123944,14.0000
1624408339477000,0,18.72000000,14.0100
1624408339534000,0,0.00340896,14.0100
1624408348384000,0,17.21336088,14.0100
1624408348384000,0,43.00249153,14.0100
1624408348384000,0,6.84414759,14.0100
1624408349384000,0,16.85000000,14.0200
1624408349429000,0,0.75293396,14.0200
1624408349429000,0,44.00733490,14.0200
1624408349429000,0,61.61973114,14.0200
1624408349483000,0,52.79628204,14.0200
1624408366617000,0,83.58337795,14.0500
1624408366617000,0,12.85246815,14.0500
1624408366617000,0,6.17415390,14.0500
1624408366753000,0,25.95701648,14.0500
1624408369504000,0,11.37621677,14.0500
1624408369504000,0,28.43378323,14.0500
1624408381026000,1,71.20282282,14.0400
1624408382269000,0,6.25000000,14.0400
1624408382269000,0,2.55000000,14.0400
1624408382312000,0,0.00532673,14.0400
1624408382482000,1,97.43355412,14.0400
1624408394918000,1,6.25000000,14.0100
1624408394964000,1,22.95000000,14.0100
1624408397018000,0,19.34000000,14.0100
1624408397044000,0,0.00322297,14.0100
1624408397044000,0,19.33677703,14.0100
1624408397157000,0,19.34000000,14.0100
1624408398317000,0,19.34322297,14.0200
1624408398317000,0,131.69277742,14.0200
1624408398317000,0,50.68399961,14.0200
1624408399385000,0,19.34322297,14.0300
1624408399385000,0,131.69277742,14.0300
1624408399385000,0,50.68399961,14.0300
1624408399552000,0,0.00391634,14.0300
1624408416292000,1,32.79990000,14.0600
1624408430295000,0,6.25000000,14.0400
1624408430367000,0,18.34075866,14.0400
1624408440460000,0,22.55584838,14.0400
1624408440460000,0,56.38933437,14.0400
1624408440460000,0,146.60883551,14.0400
1624408440460000,0,2.49175389,14.0400
1624408440460000,0,67.50422785,14.0400
1624408450244000,1,2.59401358,14.0000
1624408455131000,0,119.48437115,13.9900
1624408455131000,0,0.51562885,13.9900
1624408455202000,0,27.92780000,13.9900
1624408470410000,0,26.34029000,13.9700
1624408471002000,0,21.17410945,13.9700
1624408471640000,0,29.10000000,13.9800
1624408471640000,0,97.14858000,13.9800
1624408478307000,0,20.22818000,13.9900
1624408482826000,1,6.25000000,13.9700
1624408483067000,1,65.32384073,13.9700
1624408483067000,1,29.67615927,13.9700
1624408483068000,1,148.27000000,13.9700
1624408483072000,1,287.14014507,13.9700
1624408483072000,1,178.86271929,13.9700
1624408496988000,0,63.47419164,13.9700
1624408496988000,0,159.78580836,13.9700
1624408497053000,0,0.00750918,13.9700
1624408497173000,1,6.25000000,13.9700
1624408497173000,1,66.00000000,13.9700
1624408497173000,1,31.79800000,13.9700
1624408497992000,0,5.69782945,13.9800
1624408498023000,0,26.76433345,13.9800
1624408498045000,0,31.51003400,13.9800
1624408498045000,0,42.66609790,13.9800
1624408498067000,0,117.25552248,13.9800
1624408502238000,1,5.45929946,13.9900
1624408502347000,1,80.07754054,13.9900
1624408502582000,1,6.25000000,13.9800
1624408502582000,1,98.00000000,13.9800
1624408502582000,1,8.36000000,13.9800
1624408503241000,1,6.25000000,13.9800
1624408503302000,1,98.00000000,13.9800
1624408503591000,1,47.39000000,13.9800
1624408531140000,0,26.55174000,13.9400
1624408535182000,0,27.01253000,13.9500
1624408535794000,0,205.90385690,13.9500
1624408535794000,0,35.82660795,13.9500
1624408535794000,0,88.26953515,13.9500
1624408535818000,0,0.00002323,13.9500
1624408536804000,0,88.26000000,13.9600
1624408536909000,0,0.00955838,13.9600
1624408577995000,0,16.81542574,13.9300
1624408577995000,0,42.03457426,13.9300
1624408578028000,0,0.00399009,13.9300
1624408578274000,0,6.25000000,13.9300
1624408586318000,1,6.25000000,13.9200
1624408586415000,1,65.53037784,13.9200
1624408596382000,1,29.30000000,13.9100
1624408607212000,0,29.17987656,13.9000
1624408607212000,0,89.56005344,13.9000
1624408617177000,0,24.95061655,13.9100
1624408617177000,0,63.32938345,13.9100
1624408622286000,0,11.39348000,13.9200
1624408631061000,0,6.50350000,13.9400
1624408631272000,0,51.27537005,13.9400
1624408631272000,0,150.22164465,13.9400
1624408631272000,0,23.11298530,13.9400
1624408641097000,1,71.66814000,13.9300
1624408641138000,1,0.00000781,13.9300
1624408641695000,1,71.84000000,13.9200
1624408642346000,1,2.66403658,13.9100
1624408644509000,1,71.94000000,13.9000
1624408644523000,1,0.00892146,13.9000
1624408647699000,1,71.94253000,13.9000
1624408647730000,1,0.00000386,13.9000
1624408647814000,1,71.94000000,13.9000
1624408647818000,1,0.00253386,13.9000
1624408648257000,1,71.98914688,13.8900
1624408648257000,1,53.67436312,13.8900
1624408648322000,1,18.26816000,13.8900
1624408653018000,1,71.84226000,13.8800
1624408653021000,1,0.00000192,13.8800
1624408654386000,0,8.51749600,13.8700
1624408665848000,0,21.22266000,13.8900
1624408680067000,0,6.25000000,13.8900
1624408680192000,0,46.96000000,13.8900
1624408680229000,0,26.24369519,13.8900
1624408680229000,0,32.05767513,13.8900
1624408686788000,0,2.42137609,13.9300
1624408687772000,0,17.01437000,13.9400
1624408692763000,0,3.90588000,13.9700
1624408693606000,0,3.53000000,13.9800
1624408693683000,0,0.60369200,13.9800
1624408698236000,0,30.37000000,13.9800
1624408698304000,0,0.00747286,13.9800
1624408703395000,0,30.55872600,14.0100
1624408703395000,0,76.31127400,14.0100
1624408703538000,0,0.08445415,14.0100
1624408704673000,1,2.06684600,14.0100
1624408707363000,0,30.55000000,14.0400
1624408709237000,1,71.21600721,14.0400
1624408709237000,1,97.99999279,14.0400
1624408714705000,1,6.25000000,14.0200
1624408718051000,0,2.59699852,14.0200
1624408721661000,0,53.09430121,14.0400
1624408721661000,0,21.23569879,14.0400
1624408721803000,0,0.00208373,14.0400
1624408722396000,0,21.22628856,14.0500
1624408725518000,1,2.42600886,14.0500
1624408725518000,1,71.11977210,14.0500
1624408725518000,1,97.99998904,14.0500
1624408726789000,0,19.52970418,14.0600
1624408726789000,0,48.82029582,14.0600
1624408726873000,0,0.00396463,14.0600
1624408727780000,0,19.49271208,14.0700
1624408728910000,0,2.40814488,14.0800
1624408737469000,0,26.56935868,14.0900
1624408749971000,0,23.60000000,14.0900
1624408750016000,0,0.00352936,14.0900
1624408754778000,0,6.25000000,14.1100
1624408756386000,0,48.23051795,14.1100
1624408756386000,0,19.28948205,14.1100
1624408756464000,0,0.00272513,14.1100
1624408757884000,0,1.45817233,14.1300
1624408762312000,0,2.52542521,14.1700
1624408762312000,0,28.99999479,14.1700
1624408769746000,0,29.60000000,14.1500
1624408769746000,0,2.44040000,14.1500
1624408790334000,0,29.30000000,14.1400
1624408822245000,0,29.10000000,14.1700
1624408828284000,1,28.90000000,14.1500
1624408828284000,1,2.45527887,14.1500
1624408834794000,0,29.60000000,14.1400
1624408835434000,0,70.00000000,14.1500
1624408838025000,1,28.70000000,14.1400
1624408839549000,0,29.60000000,14.1500
1624408839549000,0,2.49817000,14.1500
1624408840372000,0,0.00000264,14.1500
1624408842627000,1,29.10000000,14.1400
1624408843793000,0,29.20000000,14.1500
1624408851885000,0,43.00000000,14.2000
1624408859683000,1,70.00000000,14.1800
1624408867388000,0,29.20000000,14.1700
1624408875541000,0,196.39156319,14.2100
1624408875541000,0,2.44800681,14.2100
1624408879996000,0,2.62291000,14.2200
1624408880594000,0,0.00000256,14.2200
1624408887032000,0,29.40000000,14.2100
1624408906394000,0,28.80000000,14.2000
1624408912138000,0,31.79800000,14.2400
1624408919198000,0,2.41340611,14.2500
1624408919198000,0,28.59999389,14.2500
1624408925354000,0,28.90000000,14.2700
1624408925354000,0,70.00000000,14.2700
1624408925354000,0,2.41939000,14.2700
1624408938069000,1,2.57020452,14.2300
1624408944577000,1,68.60000000,14.2100
1624408951989000,0,28.80000000,14.2100
1624408961164000,0,2.46482151,14.2500
1624408964644000,0,43.00000000,14.3100
1624408971251000,1,6.25000000,14.3700
1624408974171000,0,2.49130906,14.3600
1624408974171000,0,70.00000000,14.3600
1624408977704000,0,2.41255000,14.3900
1624408979149000,0,0.00000240,14.3900
1624408982213000,1,21.93000000,14.3900
1624408982262000,1,76.07000000,14.3900
1624408983709000,0,6.25000000,14.3900
1624408983807000,0,340.00000000,14.4000
1624408983869000,0,6.25000000,14.4000
1624408983879000,0,140.00000000,14.4000
1624408985556000,0,70.00000000,14.4100
1624408985853000,0,28.60000000,14.4200
1624409004310000,1,2.54430000,14.4000
1624409014034000,1,2.59672796,14.4000
1624409015834000,0,98.00000000,14.4000
1624409020608000,0,5.11650000,14.3700
1624409021599000,0,23.38350000,14.3700
1624409025713000,0,38.00000000,14.3700
1624409025713000,0,2.48415000,14.3700
1624409033901000,0,29.10000000,14.3800
1624409035308000,1,2.45202679,14.3500
1624409035545000,1,0.05004136,14.3500
1624409035609000,1,2.59724748,14.3400
1624409036031000,0,2.54569701,14.3600
1624409043609000,0,2.49464000,14.4100
1624409043716000,0,0.00000965,14.4100
1624409066824000,0,90.95934000,14.5000
1624409067628000,0,0.00000423,14.5000
1624409082733000,1,2.47764111,14.4600
1624409083817000,0,2.41349000,14.4600
1624409084027000,0,0.00000079,14.4600
1624409095899000,0,28.70000000,14.5000
1624409137683000,0,2.56136659,14.4500
1624409142040000,0,2.56111000,14.4800
1624409142311000,0,0.00000471,14.4800
1624409143651000,1,78.35966380,14.4900
1624409143731000,1,329.64033620,14.4900
1624409154182000,1,2.54792048,14.4600
1624409207622000,0,28.10000000,14.4900
1624409207622000,0,2.40709795,14.4900
1624409207622000,0,98.00000000,14.4900
1624409207622000,0,86.86559548,14.4900
1624409224419000,1,2.54346229,14.4200
1624409240524000,1,2.42071544,14.4200
1624409247701000,0,28.30000000,14.4200
1624409254806000,0,69.70000000,14.4300
1624409256227000,0,2.39889904,14.4500
1624409256314000,0,0.04895712,14.4500
1624409259877000,1,55.01005136,14.4600
1624409261306000,0,17.48000000,14.4600
1624409261311000,0,0.00984579,14.4600
1624409263573000,1,6.25000000,14.4600
1624409266303000,1,21.96708767,14.4400
1624409266699000,0,18.17845154,14.4500
1624409266699000,0,21.96707846,14.4500
1624409271244000,0,6.25000000,14.4300
1624409273131000,0,164.23437072,14.4400
1624409273131000,0,28.33153793,14.4400
1624409273131000,0,70.82799135,14.4400
1624409273154000,0,0.00001461,14.4400
1624409283365000,0,22.84365000,14.4200
1624409283911000,0,0.00000426,14.4200
1624409283911000,0,57.06416509,14.4200
1624409284206000,0,57.10882000,14.4300
1624409289513000,0,20.35910000,14.4200
1624409290924000,0,6.25000000,14.4100
1624409292332000,0,15.57826000,14.4200
1624409292966000,0,14.08911323,14.4200
1624409297123000,0,36.22162998,14.4200
1624409297123000,0,94.10232002,14.4200
1624409297391000,0,0.00001937,14.4200
1624409299905000,0,6.25000000,14.4400
1624409304791000,1,13.04027392,14.4600
1624409306546000,0,32.60068480,14.4700
1624409306546000,0,13.03250520,14.4700
1624409306924000,0,0.00001459,14.4700
1624409307806000,0,13.01869528,14.4800
1624409307806000,0,32.54672472,14.4800
1624409307892000,0,0.00001347,14.4800
1624409308675000,1,32.54673819,14.4900
1624409308679000,1,13.01869528,14.4900
1624409311829000,1,6.25000000,14.5100
1624409311829000,1,98.00000000,14.5100
1624409311829000,1,156.72464892,14.5100
1624409312924000,1,98.00000000,14.5000
1624409312924000,1,40.02929000,14.5000
1624409313598000,1,28.80000000,14.4900
1624409313598000,1,156.72464892,14.4900
1624409313598000,1,294.69498108,14.4900
1624409313753000,1,62.68737028,14.4900
1624409318520000,0,33.80965000,14.4800
1624409318834000,0,0.00000567,14.4800
1624409322441000,1,16.96572000,14.4900
1624409322508000,1,28.50000000,14.4900
1624409323574000,0,85.06963253,14.5000
1624409323574000,0,34.02839747,14.5000
1624409329854000,1,6.25000000,14.4900
1624409331772000,0,2.58639123,14.4900
1624409331772000,0,28.60000000,14.4900
1624409331772000,0,56.86403394,14.4900
1624409331772000,0,72.39219483,14.4900
1624409334515000,0,0.00001267,14.4900
1624409339702000,0,21.80925136,14.5100
1624409339702000,0,54.56049791,14.5100
1624409342857000,0,21.82428185,14.5300
1624409342857000,0,21.80925136,14.5300
1624409342857000,0,54.56048679,14.5300
1624409343366000,0,0.00001112,14.5300
1624409345616000,1,21.82420000,14.5500
1624409345996000,1,0.00008000,14.5500
1624409345996000,1,71.61782000,14.5500
1624409347649000,0,18.66133906,14.5700
1624409347649000,0,46.64866094,14.5700
1624409349646000,1,28.60000000,14.5600
1624409351343000,0,113.70411000,14.5500
1624409351345000,0,0.00000831,14.5500
1624409351408000,1,6.24999169,14.5500
1624409351485000,0,11.25563736,14.5500
1624409351568000,1,113.62602677,14.5500
1624409352038000,0,17.50562000,14.5600
1624409353766000,1,28.10000000,14.5500
1624409354983000,0,17.36237747,14.5500
1624409355172000,0,17.36237000,14.5600
1624409356590000,0,14.76939641,14.5700
1624409356590000,0,36.92349101,14.5700
1624409356590000,0,95.99782258,14.5700
1624409358240000,0,6.25000000,14.5800
1624409358377000,0,30.67349101,14.5800
1624409358377000,0,14.76939641,14.5800
1624409358377000,0,95.99783002,14.5800
1624409360418000,1,68.59086918,14.5800
1624409363994000,0,18.33828523,14.5900
1624409363994000,0,7.33531409,14.5900
1624409363994000,0,47.67954161,14.5900
1624409366346000,0,8.56843254,14.5900
1624409367625000,1,28.60000000,14.5800
1624409367625000,1,171.38312111,14.5800
1624409367625000,1,445.63729617,14.5800
1624409367625000,1,60.55834272,14.5800
1624409368788000,0,7.24961033,14.5900
1624409368788000,0,18.12402583,14.5900
1624409368788000,0,2.41268384,14.5900
1624409368975000,0,0.00000962,14.5900
1624409369535000,0,7.24613277,14.6000
1624409371043000,0,7.24613000,14.6100
1624409376336000,0,53.86629000,14.6300
1624409376848000,0,0.00000855,14.6300
1624409376848000,0,139.96999145,14.6300
1624409376862000,0,0.00839800,14.6300
1624409379864000,1,28.30000000,14.6500
1624409384290000,0,18.05568700,14.6800
1624409386082000,1,98.00000000,14.6800
1624409387254000,1,442.92818378,14.6700
1624409387976000,1,6.25000000,14.6700
1624409389236000,1,98.00000000,14.6700
1624409389236000,1,70.00000000,14.6700
1624409390526000,0,17.85811191,14.6800
1624409390526000,0,44.61488817,14.6800
1624409390526000,0,2.42803992,14.6800
1624409391150000,0,165.42683000,14.6800
1624409393884000,0,1.40071717,14.7100
1624409442927000,1,2.38951345,14.6100
1624409442982000,1,0.04876558,14.6100
1624409444922000,0,2.42724724,14.6200
1624409453041000,0,10.28000000,14.6400
1624409453784000,0,2.53823523,14.6500
1624409455763000,1,27.70000000,14.6400
1624409463947000,1,6.25000000,14.6300
1624409469294000,1,28.10000000,14.6100
1624409473858000,0,98.00000000,14.5800
1624409476081000,0,98.00000000,14.6000
1624409476566000,1,141.26820000,14.5900
1624409486607000,0,2.49470637,14.5800
1624409499981000,0,2.47118509,14.5800
1624409507356000,0,2.45511040,14.6000
1624409508898000,0,2.57679000,14.6100
1624409508899000,0,0.00000460,14.6100
1624409555238000,1,2.48336101,14.6800
1624409558721000,0,2.45950000,14.6800
1624409558782000,0,0.00008279,14.6800
1624409565375000,1,2.47599490,14.6900
1624409568934000,0,6.25000000,14.6800
1624409576219000,0,70.00000000,14.6600
1624409578341000,0,120.00000000,14.6700
1624409580037000,0,2.50160000,14.6900
1624409580915000,0,0.00008440,14.6900
1624409609070000,1,5.29000000,14.6600
1624409609275000,1,67.87132911,14.6600
1624409609275000,1,26.85191199,14.6600
1624409609275000,1,2.45451022,14.6600
1624409610283000,1,66.31197585,14.6500
1624409610283000,1,26.54661742,14.6500
1624409611335000,1,26.22998847,14.6400
1624409612231000,0,46.00000000,14.6400
1624409616357000,1,28.30000000,14.6200
1624409616357000,1,24.23580776,14.6200
1624409616357000,1,60.58995501,14.6200
1624409616357000,1,58.27602723,14.6200
1624409618354000,0,48.05000000,14.6300
1624409618370000,0,0.00839324,14.6300
1624409619035000,0,6.25000000,14.6300
1624409619060000,0,114.95905093,14.6300
1624409629690000,0,67.24316000,14.6800
1624409630561000,0,0.00000356,14.6800
1624409633010000,1,70.00000000,14.7000
1624409638112000,1,28.30000000,14.7000
1624409639385000,1,27.90000000,14.6900
1624409641059000,1,25.95444782,14.6800
1624409641059000,1,64.88671764,14.6800
1624409641198000,1,180.36144000,14.6700
1624409641388000,1,108.25584000,14.6700
1624409641600000,1,179.38272000,14.6700
1624409642107000,1,28.30000000,14.6600
1624409645951000,0,33.36192000,14.6600
1624409646073000,0,0.00000297,14.6600
1624409646252000,0,69.48154000,14.6700
1624409646341000,0,0.00000994,14.6700
1624409648670000,1,24.62000000,14.6700
1624409648679000,1,0.00028772,14.6700
1624409651029000,0,38.49305862,14.6700
1624409651029000,0,91.53189138,14.6700
1624409653790000,0,37.17000000,14.6700
1624409653811000,0,0.00136886,14.6700
1624409655610000,1,69.33476600,14.6600
1624409655610000,1,27.73208637,14.6600
1624409655610000,1,0.08026763,14.6600
1624409657061000,0,37.44648670,14.6700
1624409657061000,0,55.59111330,14.6700
1624409657553000,0,38.02340000,14.6700
1624409658854000,1,28.04677562,14.6700
1624409662022000,1,28.04677562,14.6600
1624409662022000,1,70.14164532,14.6600
1624409662022000,1,182.37117386,14.6600
1624409666348000,0,44.74776389,14.6600
1624409666348000,0,111.86701502,14.6600
1624409666348000,0,293.92522109,14.6600
1624409666381000,0,0.00561344,14.6600
1624409679503000,0,70.00000000,14.7300
1624409687366000,1,26.54139161,14.7200
1624409688272000,0,70.19214485,14.7200
1624409688272000,0,182.49669212,14.7200
1624409688272000,0,28.07116303,14.7200
1624409688289000,0,0.00601435,14.7200
1624409688289000,0,210.00000000,14.7200
1624409689066000,0,70.19214485,14.7300
1624409689066000,0,28.07717738,14.7300
1624409689066000,0,28.39998777,14.7300
1624409690893000,0,0.00001223,14.7300
1624409691290000,0,182.32830914,14.7400
1624409691290000,0,28.07717738,14.7400
1624409691290000,0,70.19212348,14.7400
1624409691339000,0,0.00002137,14.7400
1624409695670000,1,23.75134137,14.7600
1624409697031000,0,27.83854000,14.7700
1624409697187000,0,0.00000575,14.7700
1624409697792000,0,0.00001218,14.7800
1624409697792000,0,72.00000000,14.7800
1624409703657000,1,27.35646880,14.7800
1624409704185000,1,186.79030884,14.7700
1624409704185000,1,71.31777565,14.7700
1624409704513000,1,28.54625890,14.7700
1624409704696000,1,185.57077443,14.7600
1624409704696000,1,71.31777565,14.7600
1624409705214000,1,98.00000000,14.7500
1624409705214000,1,28.40516484,14.7500
1624409705214000,1,184.64357940,14.7500
1624409705214000,1,71.01456681,14.7500
1624409707305000,1,28.40516484,14.7400
1624409707305000,1,71.01456681,14.7400
1624409707305000,1,28.40000000,14.7400
1624409710444000,1,28.20000000,14.7300
1624409710444000,1,27.53093344,14.7300
1624409710444000,1,42.26896656,14.7300
1624409712458000,0,48.63308585,14.7400
1624409714488000,0,56.09642000,14.7400
1624409717684000,1,28.20000000,14.7200
1624409729293000,1,27.70000000,14.6700
1624409734773000,0,53.14419588,14.6700
1624409734773000,0,134.18323736,14.6700
1624409737612000,0,46.36099538,14.6700
1624409737612000,0,115.89993462,14.6700
1624409737621000,0,0.00000771,14.6700
1624409739031000,0,42.03313652,14.6900
1624409745469000,0,5.34643247,14.7000
1624409746420000,1,21.85879175,14.6900
1624409746420000,1,18.26989825,14.6900
1624409746807000,1,36.63268853,14.6900
1624409746807000,1,142.75004625,14.6900
1624409751557000,0,48.03279000,14.7000
1624409751557000,0,66.19721000,14.7000
1624409755615000,0,40.16282179,14.7000
1624409755615000,0,99.88717821,14.7000
1624409755684000,0,0.00673931,14.7000
1624409756501000,0,40.44558403,14.7100
1624409756501000,0,99.89391752,14.7100
1624409756501000,0,259.87760363,14.7200
1624409758546000,0,40.34509802,14.7400
1624409761145000,1,23.21845836,14.7400
1624409761145000,1,58.04648159,14.7400
1624409775310000,0,67.90017000,14.6700
1624409777235000,0,27.59101161,14.6900
1624409780704000,0,83.86023020,14.6900
1624409780704000,0,31.78477163,14.6900
1624409780704000,0,203.36665817,14.6900
1624409780816000,0,0.00001022,14.6900
1624409781373000,0,31.28504737,14.7000
1624409781373000,0,78.21260263,14.7000
1624409781429000,0,0.00001581,14.7000
1624409786697000,1,148.99655545,14.7000
1624409786697000,1,61.27167362,14.7000
1624409786697000,1,25.05851323,14.7000
1624409790074000,1,25.50967890,14.7000
1624409790074000,1,63.77419726,14.7000
1624409790168000,1,25.50000000,14.7000
1624409791343000,1,63.77419726,14.6900
1624409791343000,1,25.50967890,14.6900
1624409791343000,1,14.13017384,14.6900
1624409792044000,1,60.89989917,14.6800
1624409794161000,1,24.35630556,14.6800
1624409800373000,0,43.66125318,14.6700
1624409801472000,0,115.15083178,14.6800
1624409801472000,0,299.38224325,14.6800
1624409801472000,0,43.65692497,14.6800
1624409801578000,0,0.00432821,14.6800
1624409811319000,1,6.10000000,14.6500
1624409811473000,1,15.28076256,14.6500
1624409818052000,1,134.27214688,14.6600
1624409818557000,1,20.65640814,14.6600
1624409818557000,1,51.64115975,14.6600
1624409828773000,0,44.79034000,14.6400
1624409831489000,0,40.58364331,14.6500
1624409842156000,1,16.92950483,14.6200
1624409842156000,1,42.32376207,14.6200
1624409842156000,1,110.04589947,14.6200
1624409850248000,0,53.74689749,14.6000
1624409850248000,0,134.36396251,14.6000
1624409850254000,0,0.00001398,14.6000
1624409853785000,0,52.64575427,14.6000
1624409853785000,0,131.64209573,14.6000
1624409853975000,0,0.00000828,14.6000
1624409854781000,0,466.00000000,14.6100
1624409854781000,0,28.71660639,14.6100
1624409854781000,0,52.59242860,14.6100
1624409854781000,0,80.59888501,14.6100
1624409854954000,0,50.87745446,14.6100
1624409854954000,0,249.12254554,14.6100
1624409855059000,0,62.83905274,14.6100
1624409855190000,0,30.09184654,14.6100
1624409855248000,1,38.96417752,14.6100
1624409855250000,1,51.97484594,14.6100
1624409857704000,1,27.90000000,14.6200
1624409858380000,1,38.94000000,14.6200
1624409868141000,0,18.63701367,14.6000
1624409868141000,0,46.59252633,14.6000
1624409869197000,1,28.72000000,14.6000
1624409869275000,1,0.00932000,14.6000
1624409875980000,1,22.06000000,14.5900
1624409876152000,1,0.00391612,14.5900
1624409877740000,0,76.95303799,14.6000
1624409877740000,0,28.30000000,14.6000
1624409877740000,0,32.00583309,14.6000
1624409877740000,0,28.74115892,14.6000
1624409878005000,0,0.00001122,14.6000
1624409878005000,0,10.35998878,14.6000
1624409878270000,0,206.96000000,14.6000
1624409878482000,0,0.00573904,14.6000
1624409880461000,1,71.72045004,14.6100
1624409881831000,0,14.34000000,14.6200
1624409888986000,1,70.00000000,14.6300
1624409898764000,0,14.37322730,14.6000
1624409898764000,0,28.49999270,14.6000
1624409899021000,0,1.74434134,14.6000
1624409899021000,0,75.60565866,14.6000
1624409899051000,0,0.00416321,14.6000
1624409905397000,0,17.95232404,14.6100
1624409907271000,1,24.38347710,14.6000
1624409907271000,1,60.95914333,14.6000
1624409907271000,1,69.89737957,14.6000
1624409913429000,0,19.05150969,14.6000
1624409913429000,0,47.58849031,14.6000
1624409914338000,1,19.05150000,14.6000
1624409914338000,1,6.25000000,14.6000
1624409914338000,1,26.13957639,14.6000
1624409914713000,1,47.59617000,14.6000
1624409917650000,0,6.25000000,14.5900
1624409917650000,0,14.37535212,14.5900
1624409917650000,0,21.24823796,14.5900
1624409917650000,0,54.90005992,14.5900
1624409920500000,0,21.01966000,14.5900
1624409926771000,0,22.62737000,14.5700
1624409926912000,0,0.00000789,14.5700
1624409927486000,0,17.41222000,14.5700
1624409927487000,0,0.00000006,14.5700
1624409934091000,1,26.67287983,14.5700
1624409936235000,0,13.36661000,14.5700
1624409936609000,0,0.00000815,14.5700
1624409936609000,0,34.59415185,14.5700
1624409937849000,0,13.36661815,14.5800
1624409937849000,0,34.59178185,14.5800
1624409937884000,0,0.00000908,14.5800
1624409938237000,0,86.83000000,14.5900
1624409941871000,0,14.36383031,14.6000
1624409941871000,0,8.37616969,14.6000
1624409947167000,0,6.25000000,14.6400
1624409952162000,1,6.25000000,14.6700
1624409953065000,1,16.64162999,14.6700
1624409953069000,1,0.00000001,14.6700
1624409955104000,0,9.47056000,14.6500
1624409955152000,0,0.00000531,14.6500
1624409955402000,0,23.66000000,14.6600
1624409956630000,1,29.71000000,14.6600
1624409957590000,1,98.00000000,14.6500
1624409957590000,1,23.03173000,14.6500
1624409959222000,0,23.68675965,14.6500
1624409959222000,0,9.47469035,14.6500
1624409959475000,0,0.00001351,14.6500
1624409960314000,0,8.88248882,14.6600
1624409961190000,0,22.17019788,14.6700
1624409961190000,0,57.64196212,14.6700
1624409961365000,0,0.00001248,14.6700
1624409961365000,0,8.88248882,14.6700
1624409962614000,1,17.68820000,14.6700
1624409968752000,1,19.85280000,14.6700
1624409973513000,0,6.25000000,14.6700
1624409973531000,0,7.95662119,14.6700
1624409973531000,0,35.51655297,14.6700
1624409977774000,0,16.82439434,14.6700
1624409977774000,0,42.07589946,14.6700
1624409978082000,0,9.62616936,14.6800
1624409978082000,0,24.06383064,14.6800
1624409978131000,0,0.00159276,14.6800
1624409978131000,0,16.16639766,14.6800
1624409978131000,0,17.52200958,14.6800
1624409978517000,0,22.89398456,14.6800
1624409987809000,1,31.55798357,14.6600
1624409987809000,1,79.38401643,14.6600
1624409987938000,1,0.00009187,14.6600
1624409988277000,1,24.59920000,14.6500
1624409989724000,0,2.35418261,14.6600
1624409989827000,0,0.04804454,14.6600
1624409990237000,1,11.81324531,14.6600
1624409992508000,1,8.59000000,14.6700
1624409995571000,0,6.25000000,14.6700
1624409995571000,0,22.03327035,14.6700
1624409995571000,0,51.09865658,14.6700
1624409995571000,0,132.85859307,14.6700
1624409997756000,1,11.81320000,14.6700
1624409997870000,1,14.29304181,14.6700
1624409999502000,1,125.45018000,14.6500
1624410001663000,0,14.30244000,14.6600
1624410001798000,0,0.00000019,14.6600
1624410003346000,0,17.38123890,14.6700
1624410003346000,0,112.97519067,14.6700
1624410003346000,0,43.44357043,14.6700
1624410003552000,0,0.00952682,14.6700
1624410004750000,0,6.25000000,14.7000
1624410008451000,1,29.16925747,14.7100
1624410008451000,1,72.91809922,14.7100
1624410008451000,1,2.45076400,14.7100
1624410011291000,1,19.57535000,14.6900
1624410014790000,0,19.40579000,14.6900
1624410014905000,0,0.00000684,14.6900
1624410015326000,1,60.18575516,14.6900
1624410018633000,1,29.16000000,14.6900
1624410018665000,1,0.00018873,14.6900
1624410020212000,0,24.05622000,14.6800
1624410030878000,1,6.25000000,14.6800
1624410033067000,1,71.03988754,14.6600
1624410033067000,1,28.41562191,14.6600
1624410033067000,1,5.32384055,14.6600
1624410038532000,0,25.31414769,14.6600
1624410038532000,0,62.81754231,14.6600
1624410038618000,0,0.00001631,14.6600
1624410041089000,1,6.25000000,14.6600
1624410041089000,1,8.05509018,14.6600
1624410041236000,1,20.19577991,14.6600
1624410047069000,0,19.67309401,14.6600
1624410047069000,0,49.18272599,14.6600
1624410049034000,0,14.30290678,14.6600
1624410049034000,0,15.39331547,14.6600
1624410049034000,0,38.48326775,14.6600
1624410049072000,0,0.00002092,14.6600
1624410050816000,1,29.01420782,14.6600
1624410050816000,1,72.53685544,14.6600
1624410050816000,1,185.90312674,14.6600
1624410054756000,0,14.15795830,14.6700
1624410054756000,0,32.96770392,14.6700
1624410054756000,0,14.29433778,14.6700
1624410054770000,0,0.00030029,14.6700
1624410055535000,0,6.25000000,14.6700
1624410055587000,0,12.68157294,14.6700
1624410061273000,1,28.15281440,14.6500
1624410061273000,1,70.26718560,14.6500
1624410061324000,1,0.00389042,14.6500
1624410066101000,1,66.38650863,14.6300
1624410066101000,1,48.87954137,14.6300
1624410066134000,1,6.25000000,14.6300
1624410066367000,1,117.47838887,14.6300
1624410066367000,1,26.55434059,14.6300
1624410067625000,1,14.34534149,14.6200
1624410067796000,1,6.25000000,14.6200
1624410076938000,0,46.69774084,14.5900
1624410076938000,0,116.65479267,14.5900
1624410076938000,0,128.46501649,14.5900
1624410077017000,0,174.82006063,14.5900
1624410077497000,0,14.37430387,14.6000
1624410077497000,0,46.63825711,14.6000
1624410077497000,0,81.70833902,14.6000
1624410079442000,0,34.88342526,14.6000
1624410081012000,0,116.59176428,14.6100
1624410081012000,0,3.40823572,14.6100
1624410081085000,0,43.23002139,14.6100
1624410093374000,1,110.00000000,14.6200
1624410093501000,1,102.18057710,14.6200
1624410093501000,1,32.64227318,14.6200
1624410093501000,1,81.58820894,14.6200
1624410106268000,0,14.35615000,14.6100
1624410107386000,1,25.94064294,14.6000
1624410107386000,1,64.84935706,14.6000
1624410109763000,0,14.37067571,14.6000
1624410109763000,0,28.10000000,14.6000
1624410109869000,1,6.25000000,14.6000
1624410109878000,0,8.12067571,14.6000
1624410110002000,0,0.00000126,14.6100
1624410116035000,0,2.63259583,14.6700
1624410124948000,1,28.99000000,14.6700
1624410127589000,1,29.01000000,14.6800
1624410128463000,1,17.62870000,14.6700
1624410129574000,1,72.52945806,14.6600
1624410129574000,1,28.90054194,14.6600
1624410136633000,1,19.34405000,14.6400
1624410136708000,1,52.60402564,14.6400
1624410136708000,1,28.77870874,14.6400
1624410138140000,0,22.37962000,14.6400
1624410141473000,1,28.00141324,14.6300
1624410141473000,1,68.72438833,14.6300
1624410141473000,1,97.30361843,14.6300
1624410141716000,1,72.85000000,14.6300
1624410141721000,1,8.53273348,14.6300
1624410143129000,0,25.58243000,14.6400
1624410143472000,0,37.42010000,14.6400
1624410143555000,0,25.58243535,14.6400
1624410150812000,1,26.22611222,14.6300
1624410150812000,1,65.88570770,14.6300
1624410156157000,1,26.42882745,14.6300
1624410156342000,1,62.14783000,14.6200
1624410156369000,1,112.14961772,14.6200
1624410156369000,1,67.23311819,14.6200
1624410158057000,0,31.10897687,14.6200
1624410158057000,0,77.77079313,14.6200
1624410158496000,0,0.00000751,14.6200
1624410159727000,1,98.00000000,14.6200
1624410159727000,1,25.23285489,14.6200
1624410159727000,1,12.43531511,14.6200
1624410166319000,0,38.99232617,14.6200
1624410166319000,0,97.41232383,14.6200
1624410174671000,1,28.50000000,14.5900
1624410184507000,0,150.00000000,14.6100
1624410186577000,0,27.80000000,14.6200
1624410186650000,0,25.69878000,14.6200
1624410186841000,0,0.00000989,14.6200
1624410187931000,0,6.25000000,14.6300
1624410187944000,0,57.99639871,14.6300
1624410187944000,0,25.68754561,14.6300
1624410188798000,0,166.96219779,14.6400
1624410188798000,0,25.68754561,14.6400
1624410188798000,0,59.73470660,14.6400
1624410188969000,0,4.48448220,14.6400
1624410191066000,1,15.15774000,14.6400
1624410193021000,1,134.84226000,14.6300
1624410193082000,1,25.95187000,14.6300
1624410193160000,1,15.16631919,14.6300
1624410193160000,1,26.54046189,14.6300
1624410193160000,1,60.57961892,14.6300
1624410193168000,1,6.25000000,14.6300
1624410196256000,0,2.49150037,14.6100
1624410196256000,0,104.12519963,14.6100
1624410201083000,1,28.18000000,14.6600
1624410201084000,1,0.00637429,14.6600
1624410203629000,0,2.54968000,14.6600
1624410203896000,0,17.93000000,14.6600
1624410203899000,0,0.00997600,14.6600
1624410204446000,1,6.25000000,14.6600
1624410204446000,1,96.32630000,14.6600
1624410204521000,1,1.67370000,14.6600
1624410204521000,1,2.45858895,14.6600
1624410204521000,1,78.22137105,14.6500
1624410205323000,0,6.25000000,14.6700
1624410207304000,1,98.00000000,14.6800
1624410207304000,1,70.00000000,14.6800
1624410207456000,1,70.00000000,14.6800
1624410208725000,0,4.00000000,14.6800
1624410208955000,1,4.00000000,14.6800
1624410210454000,1,6.25000000,14.6900
1624410214258000,0,2.59138000,14.7100
1624410214453000,0,0.00000959,14.7100
1624410220271000,1,28.33697088,14.7200
1624410220271000,1,71.10868714,14.7200
1624410220271000,1,5.50271198,14.7200
1624410222351000,0,6.25000000,14.7200
1624410222351000,0,25.56408000,14.7200
1624410222657000,0,0.00000094,14.7200
1624410222657000,0,63.84888906,14.7200
1624410222716000,0,0.00000900,14.7200
1624410224039000,0,25.56408094,14.7300
1624410226659000,0,25.56408094,14.7500
1624410226659000,0,63.84889806,14.7500
1624410226659000,0,27.64423100,14.7500
1624410228574000,0,25.56408094,14.7600
1624410228574000,0,23.68768889,14.7600
1624410231462000,0,6.60332616,14.7700
1624410231728000,0,14.51656796,14.7700
1624410240125000,0,6.25000000,14.7900
1624410240125000,0,2.26085293,14.7900
1624410241733000,0,21.26600000,14.8000
1624410244831000,0,0.43400000,14.8000
1624410251769000,0,18.49990948,14.8300
1624410251769000,0,8.37253833,14.8300
1624410251769000,0,37.87723537,14.8300
1624410252136000,0,18.49000000,14.8400
1624410253276000,1,36.93189000,14.8500
1624410254888000,0,27.90000000,14.8500
1624410254888000,0,36.84967000,14.8500
1624410257542000,1,2.49930895,14.8000
1624410262838000,0,38.00000000,14.7800
1624410263009000,0,43.48312129,14.7800
1624410263009000,0,17.39324852,14.7800
1624410263150000,0,17.38993857,14.7900
1624410264710000,1,6.25000000,14.7800
1624410270192000,1,15.29104305,14.7900
1624410272008000,0,15.29104305,14.8100
1624410272008000,0,40.25045065,14.8100
1624410272008000,0,104.57682795,14.8100
1624410272008000,0,2.58536835,14.8100
1624410274984000,0,15.29104000,14.8300
1624410275138000,0,0.00000305,14.8300
1624410275138000,0,35.67402147,14.8300
1624410275138000,0,92.75046384,14.8300
1624410278048000,1,6.25000000,14.8300
1624410278082000,0,5.40954557,14.8300
1624410280190000,0,10.88943371,14.8400
1624410280190000,0,27.22358427,14.8400
1624410284990000,0,8.29123976,14.8500
1624410284990000,0,20.72808024,14.8500
1624410285096000,0,0.00001917,14.8500
1624410286257000,0,51.24871751,14.8600
1624410286257000,0,7.88690072,14.8600
1624410286257000,0,19.71724177,14.8600
1624410291512000,1,10.57115918,14.8400
1624410291650000,1,19.68355443,14.8400
1624410291650000,1,75.63877869,14.8400
1624410294224000,1,27.90000000,14.8100
1624410294224000,1,68.77136137,14.8100
1624410294224000,1,27.50803863,14.8100
1624410297752000,1,91.65170000,14.8000
1624410298643000,1,27.50000000,14.8000
1624410299262000,0,19.23319423,14.8000
1624410301374000,1,6.25000000,14.8000
1624410301374000,1,6.93197000,14.8000
1624410301721000,1,24.28771609,14.7900
1624410301721000,1,39.21376391,14.7900
1624410305798000,1,28.10000000,14.7600
1624410307842000,0,6.25000000,14.7600
1624410308765000,0,33.22234952,14.7600
1624410309913000,0,6.25000000,14.7800
1624410312466000,0,6.25000000,14.7800
1624410312714000,0,14.17031336,14.7800
1624410312714000,0,20.40705718,14.7900
1624410314388000,0,17.43847244,14.8000
1624410315801000,0,20.40705718,14.8200
1624410318271000,1,25.24927528,14.8300
1624410318279000,1,0.01700472,14.8300
1624410318307000,0,10.08270539,14.8300
1624410318307000,0,20.40705718,14.8400
1624410324929000,0,5.37449000,14.8100
1624410326227000,0,2.54782000,14.8200
1624410326607000,0,0.00000180,14.8200
1624410326607000,0,2.45946533,14.8300
1624410326607000,0,5.37449953,14.8300
1624410326607000,0,35.52603334,14.8300
1624410331441000,0,17.78440000,14.8400
1624410332953000,1,28.00000000,14.8200
1624410332953000,1,69.35517678,14.8200
1624410332953000,1,66.89102322,14.8200
1624410337484000,1,26.72380231,14.8000
1624410337484000,1,22.31729769,14.8000
1624410337786000,1,6.25000000,14.8000
1624410337829000,1,60.55599290,14.8000
1624410337829000,1,0.56729710,14.8000
1624410338554000,1,26.72199792,14.7900
1624410338554000,1,66.80599290,14.7900
1624410338554000,1,27.89999999,14.7900
1624410343576000,0,24.10153986,14.8000
1624410343576000,0,42.77846014,14.8000
1624410343630000,0,29.23254910,14.8000
1624410343889000,0,6.25000000,14.8000
1624410343981000,0,27.21920491,14.8000
1624410343981000,0,66.97109321,14.8000
1624410345604000,0,6.25000000,14.8200
1624410345936000,0,27.19660585,14.8200
1624410345936000,0,72.01100924,14.8200
1624410351739000,1,6.25000000,14.8400
1624410351888000,1,21.15000000,14.8400
1624410351888000,1,28.84264079,14.8400
1624410351946000,0,8.78196921,14.8400
1624410352368000,1,29.21330254,14.8400
1624410357190000,1,6.25000000,14.8300
1624410361036000,0,28.00000000,14.8200
1624410361185000,0,6.25000000,14.8200
1624410362927000,0,35.87819000,14.8300
1624410363027000,0,0.00000406,14.8300
1624410369188000,0,37.82249060,14.8300
1624410369188000,0,94.48750940,14.8300
1624410369255000,0,0.00328928,14.8300
1624410369255000,0,129.66373421,14.8300
1624410369302000,0,116.00353308,14.8300
1624410372182000,1,24.04172862,14.8200
1624410372182000,1,60.07230008,14.8200
1624410372182000,1,1.61885130,14.8200
1624410392689000,1,16.83987605,14.8000
1624410392754000,1,0.34367094,14.8000
1624410396697000,0,28.42558000,14.8000
1624410401461000,0,27.94000000,14.8000
1624410401490000,0,0.00826807,14.8000
1624410402771000,0,27.94826806,14.8100
1624410402795000,0,0.00000001,14.8100
1624410403107000,0,11.03321021,14.8200
1624410403180000,0,105.58331569,14.8200
1624410403180000,0,65.01039881,14.8200
1624410403180000,0,69.85761601,14.8200
1624410403180000,0,600.00000000,14.8300
1624410405835000,0,6.25000000,14.8600
1624410410797000,0,18.83640721,14.8700
1624410410797000,0,6.25000000,14.8700
1624410410797000,0,47.05936279,14.8700
1624410416873000,1,93.75211000,14.8800
1624410416873000,1,6.25000000,14.8800
1624410421896000,0,2.47606731,14.9200
1624410422834000,0,0.05053199,14.9200
1624410456932000,0,1.37457045,14.9900
1624410456932000,0,2.50615920,15.0000
1624410456932000,0,193.20389102,15.0000
1624410475538000,0,2.46790501,14.9400
1624410475541000,0,0.00000001,14.9400
1624410475541000,0,2.53365310,14.9500
1624410475541000,0,70.00000000,14.9500
1624410475541000,0,2.47761720,14.9600
1624410475541000,0,98.00000000,14.9600
1624410475541000,0,81.25947903,14.9600
1624410478768000,1,2.57822363,14.9400
1624410478768000,1,330.61727637,14.9400
1624410481328000,1,2.48914928,14.9300
1624410481328000,1,7.51085072,14.9300
1624410493630000,0,6.25000000,14.9400
1624410493630000,0,70.00000000,14.9400
1624410501915000,0,21.75000000,14.9100
1624410524086000,0,19.03092000,14.9000
1624410524165000,0,0.00000318,14.9000
1624410524165000,0,28.53711682,14.9000
1624410524363000,0,19.03092000,14.9000
1624410527885000,0,0.00000351,14.9000
1624410531386000,0,6.25000000,14.9100
1624410531433000,0,38.31432890,14.9100
1624410531513000,1,6.24999110,14.9100
1624410533018000,0,6.25000000,14.9200
1624410533114000,0,11.58767910,14.9200
1624410533114000,0,44.55952000,14.9200
1624410533615000,0,17.83000000,14.9300
1624410533809000,0,0.00767910,14.9300
1624410535723000,0,17.73000000,14.9400
1624410536160000,0,0.00802879,14.9400
1624410536717000,0,44.26673430,14.9500
1624410536717000,0,17.83326570,14.9500
1624410536740000,0,0.00441340,14.9500
1624410537405000,0,2.43758042,14.9600
1624410537405000,0,16.89906552,14.9600
1624410537405000,0,42.24766379,14.9600
1624410537405000,0,17.83767910,14.9600
1624410538801000,0,2.61773266,14.9700
1624410542935000,0,12.32000000,14.9800
1624410544648000,0,11.19617139,14.9800
1624410544648000,0,2.49949675,14.9800
1624410544950000,1,47.30764000,14.9700
1624410545367000,1,27.60964000,14.9700
1624410550549000,1,94.30000000,14.9600
1624410551185000,0,23.48469543,14.9700
1624410551185000,0,9.39386457,14.9700
1624410551210000,0,0.00001360,14.9700
1624410554247000,1,59.80000000,14.9300
1624410555056000,0,55.34000000,14.9300
1624410555200000,0,0.00637081,14.9300
1624410555200000,0,22.13867919,14.9300
1624410555201000,0,0.00000733,14.9300
1624410557896000,0,55.31672158,14.9400
1624410557896000,0,22.12682609,14.9400
1624410557896000,0,142.71901233,14.9400
1624410557934000,0,0.00000911,14.9400
1624410558633000,0,142.71902144,14.9500
1624410558633000,0,55.31672158,14.9500
1624410558633000,0,22.12425698,14.9500
1624410558718000,0,0.00256911,14.9500
1624410582517000,1,87.79000000,14.9600
1624410582717000,1,28.80000000,14.9500
1624410593105000,0,17.27161431,14.9800
1624410593105000,0,157.49846836,14.9800
1624410593105000,0,60.61991733,14.9800
1624410593365000,0,0.00004130,14.9800
1624410597883000,0,186.20000000,14.9900
1624410598195000,0,3.80000000,14.9900
1624410598195000,0,20.48440988,14.9900
1624410598306000,0,51.21094977,14.9900
1624410598432000,0,130.03561310,15.0000
1624410599740000,0,2.55953754,15.0100
1624410599819000,0,0.05223546,15.0100
1624410601641000,1,2.40816088,15.0100
1624410602596000,1,0.04914614,15.0100
1624410603122000,1,2.58435185,15.0000
1624410603122000,1,130.03561000,15.0000
1624410606487000,1,2.51760822,14.9900
1624410606750000,1,0.05137976,14.9900
1624410608393000,1,2.47806248,14.9800
1624410608444000,1,0.05057270,14.9800
1624410608832000,1,347.57879621,14.9600
1624410608832000,1,39.51922102,14.9600
1624410608832000,1,18.63723277,14.9600
1624410611233000,1,6.25000000,14.9600
1624410617396000,0,37.86259000,14.9700
1624410620040000,1,41.80000000,14.9500
1624410620040000,1,220.39067000,14.9500
1624410620114000,1,58.21542000,14.9500
1624410620925000,0,6.25000000,14.9500
1624410620982000,0,31.59746453,14.9500
1624410620982000,0,6.24999547,14.9500
1624410621073000,0,88.36696449,14.9500
1624410622521000,1,11.95499000,14.9400
1624410622717000,1,6.25000000,14.9400
1624410623476000,0,2.53894068,14.9500
1624410623476000,0,98.00000000,14.9500
1624410626911000,0,33.10680000,14.9400
1624410629960000,0,30.70370000,14.9400
1624410630260000,0,0.00000759,14.9400
1624410630260000,0,30.70369241,14.9400
1624410633305000,0,29.55479000,14.9400
1624410635090000,0,0.00000430,14.9400
1624410635090000,0,73.90537570,14.9400
1624410636241000,1,22.51474000,14.9300
1624410636394000,1,7.28526000,14.9300
1624410636861000,1,27.95569672,14.9300
1624410636870000,1,181.70715851,14.9300
1624410637682000,0,68.49069647,14.9400
1624410637960000,0,1.39776932,14.9400
1624410637960000,0,27.92837467,14.9400
1624410641943000,1,49.16950584,14.9200
1624410641943000,1,27.30000000,14.9200
1624410641943000,1,53.53049416,14.9200
1624410642013000,1,73.72993527,14.9200
1624410642013000,1,151.51252473,14.9200
1624410646091000,0,21.08794532,14.9200
1624410646091000,0,52.68435608,14.9200
1624410646091000,0,136.97432330,14.9200
1624410653992000,0,56.92395203,14.9200
1624410653992000,0,61.05604797,14.9200
1624410654077000,0,86.91436143,14.9200
1624410654077000,0,22.76559449,14.9200
1624410654750000,0,22.76740283,14.9300
1624410655365000,0,22.76550000,14.9400
1624410655889000,0,0.00009449,14.9400
1624410656208000,0,21.76340000,14.9500
1624410659720000,0,18.65703237,14.9500
1624410661671000,1,49.84167533,14.9400
1624410663243000,1,26.57993000,14.9300
1624410664296000,1,163.59988000,14.9200
1624410670328000,1,22.39381000,14.9200
1624410670355000,1,5.50619000,14.9200
1624410670355000,1,2.44394017,14.9000
1624410670355000,1,79.83986983,14.9000
1624410673233000,0,30.06479743,14.9200
1624410673233000,0,82.32901257,14.9200
1624410673323000,0,5.01406083,14.9200
1624410673323000,0,138.98371917,14.9200
1624410684489000,0,22.83629344,14.9200
1624410684489000,0,34.27370656,14.9200
1624410684517000,0,114.15622745,14.9200
1624410684517000,0,57.09028949,14.9200
1624410686250000,0,2.44536934,14.9400
1624410686250000,0,57.07509093,14.9400
1624410686250000,0,148.39202867,14.9400
1624410686250000,0,22.83015438,14.9400
1624410686803000,0,2.55493356,14.9500
1624410686899000,0,19.75917534,14.9500
1624410686899000,0,49.39793123,14.9500
1624410686899000,0,0.84289343,14.9500
1624410695185000,0,13.34944111,14.9700
1624410695195000,0,86.79393588,14.9800
1624410695195000,0,33.37360278,14.9800
1624410698902000,0,6.25000000,14.9800
1624410698925000,0,6.22058738,14.9800
1624410701181000,1,54.20503424,14.9700
1624410701181000,1,135.58439997,14.9700
1624410701181000,1,2.57729720,14.9700
1624410702142000,1,27.20000000,14.9600
1624410702142000,1,13.16453000,14.9600
1624410702743000,1,13.16453000,14.9500
1624410702810000,1,27.50000000,14.9500
1624410703086000,1,27.50000000,14.9500
1624410712629000,1,6.25000000,14.9400
1624410713832000,0,140.27894730,14.9500
1624410713832000,0,53.97131894,14.9500
1624410713832000,0,21.57973376,14.9500
1624410714728000,0,53.97131894,14.9600
1624410714728000,0,21.57868106,14.9600
1624410714809000,0,0.00991794,14.9600
1624410719037000,1,6.25000000,14.9600
1624410722896000,1,6.25000000,14.9400
1624410722917000,1,43.45827170,14.9400
1624410725547000,0,16.06534910,14.9400
1624410726644000,0,16.07135413,14.9500
1624410726644000,0,40.15152812,14.9500
1624410726644000,0,14.61220343,14.9500
1624410728667000,0,1.44561399,14.9500
1624410728667000,0,40.43438601,14.9500
1624410728708000,0,0.00823380,14.9500
1624410728987000,0,6.25000000,14.9500
1624410728992000,0,15.29936291,14.9500
1624410729908000,0,40.15000000,14.9600
1624410729970000,0,0.00152812,14.9600
1624410729970000,0,21.27403631,14.9600
1624410729970000,0,18.87443557,14.9600
1624410730024000,0,34.31043182,14.9600
1624410730061000,1,6.25000000,14.9600
1624410730112000,0,53.18486000,14.9600
1624410732926000,0,15.68084882,14.9800
1624410732926000,0,4.31456118,14.9800
1624410733003000,0,34.88756087,14.9800
1624410733003000,0,2.40218105,14.9800
1624410734222000,1,34.21551000,14.9600
1624410741715000,1,6.25000000,14.9500
1624410744049000,0,12.37365892,14.9600
1624410744049000,0,30.91554108,14.9600
1624410744050000,0,0.00000990,14.9600
1624410745615000,0,17.08485188,14.9600
1624410747522000,1,6.25000000,14.9600
1624410747522000,1,27.80000000,14.9600
1624410749814000,0,15.98910000,14.9600
1624410749835000,0,0.00000293,14.9600
1624410749835000,0,39.96848052,14.9600
1624410753697000,1,6.25000000,14.9600
1624410758607000,0,16.45415058,14.9500
1624410758607000,0,43.73584942,14.9500
1624410758633000,0,0.00897212,14.9500
1624410762947000,1,6.25000000,14.9400
1624410763001000,1,47.78599187,14.9400
1624410768081000,1,27.30000000,14.9300
1624410768081000,1,10.60603000,14.9300
1624410768290000,1,43.42996187,14.9300
1624410768290000,1,135.95276610,14.9300
1624410769465000,1,27.70000000,14.9200
1624410772763000,0,20.30268337,14.9200
1624410772763000,0,51.21090479,14.9200
1624410772763000,0,180.77425035,14.9200
1624410772763000,0,69.99216149,14.9200
1624410772886000,0,22.32440000,14.9200
1624410775357000,0,51.21090479,14.9300
1624410775357000,0,29.24890840,14.9300
1624410775418000,1,6.25000000,14.9300
1624410777403000,0,28.44621321,14.9500
1624410777403000,0,180.77425035,14.9600
1624410777403000,0,71.10953644,14.9600
1624410782133000,0,6.25000000,14.9900
1624410784011000,1,6.25000000,14.9900
1624410784110000,1,15.17446000,14.9900
1624410784957000,1,147.75351736,14.9800
1624410784957000,1,232.02038264,14.9800
1624410785027000,0,270.00000000,14.9900
1624410787044000,0,2.59497075,15.0100
1624410787044000,0,16.87576901,15.0200
1624410787044000,0,21.39926024,15.0200
1624410793475000,1,30.10479000,15.0200
1624410794026000,1,27.40000000,15.0100
1624410794026000,1,30.98920000,15.0100
1624410794273000,1,29.13943447,15.0100
1624410794273000,1,150.24329403,15.0100
1624410797025000,0,128.98920000,14.9900
1624410797025000,0,5.58662069,14.9900
1624410798224000,1,60.12863447,14.9800
1624410798224000,1,27.66136553,14.9700
1624410798734000,1,122.58192850,14.9700
1624410798734000,1,59.99410154,14.9700
1624410800553000,1,360.61990000,14.9500
1624410804311000,0,68.60000000,14.9500
1624410806370000,1,62.00000000,14.9400
1624410806668000,0,66.97295632,14.9400
1624410808131000,0,6.25000000,14.9800
1624410810161000,0,62.00000000,14.9900
1624410817485000,1,50.65171144,14.9800
1624410817485000,1,27.40000000,14.9800
1624410817485000,1,138.56048916,14.9800
1624410819207000,1,126.52236967,14.9600
1624410819207000,1,55.73298385,14.9600
1624410819207000,1,57.17774648,14.9600
1624410820516000,0,6.25000000,14.9600
1624410823005000,1,54.80937252,14.9600
1624410828586000,0,433.89246706,14.9900
1624410828586000,0,66.75019447,14.9900
1624410828586000,0,90.13733847,14.9900
1624410828649000,0,76.71584950,14.9900
1624410831243000,1,6.48430000,14.9800
1624410835389000,0,27.30000000,14.9800
1624410835389000,0,53.40221000,14.9800
1624410836591000,1,98.00000000,14.9700
1624410836591000,1,56.67646602,14.9700
1624410836591000,1,27.30000000,14.9700
1624410836591000,1,333.32486398,14.9700
1624410843677000,0,6.25000000,15.0100
1624410845030000,0,60.56074508,15.0200
1624410845030000,0,151.39804562,15.0300
1624410845030000,0,337.05175255,15.0300
1624410849278000,1,35.33628000,15.0200
1624410849667000,1,20.82198249,15.0200
1624410849667000,1,59.09467751,15.0200
1624410850531000,1,98.00000000,15.0100
1624410850531000,1,328.81467000,15.0100
1624410850602000,1,36.35964008,15.0100
1624410850602000,1,19.79861992,15.0100
1624410854838000,0,58.68000000,15.0100
1624410855055000,0,0.00506322,15.0100
1624410855202000,0,270.63755046,15.0200
1624410855677000,0,6.25000000,15.0200
1624410856064000,0,146.46888015,15.0200
1624410856064000,0,387.10731985,15.0200
1624410857185000,1,2.45922172,15.0100
1624410857185000,1,55.89787828,15.0100
1624410864472000,1,6.25000000,15.0100
1624410864475000,1,54.75257378,15.0100
1624410865052000,1,61.00000000,15.0000
1624410865072000,1,0.00257378,15.0000
1624410865538000,1,27.80000000,14.9900
1624410867909000,1,60.79350000,14.9900
1624410868514000,1,49.04950000,14.9800
1624410870621000,1,4.91501473,14.9800
1624410870775000,1,0.00000001,14.9800
1624410873165000,0,53.30228600,14.9900
1624410873165000,0,133.25100291,14.9900
1624410873165000,0,53.44671109,14.9900
1624410873239000,0,314.05906895,14.9900
1624410873298000,1,70.00000000,14.9800
1624410873298000,1,60.55127108,14.9700
1624410873298000,1,98.00000000,14.9700
1624410873298000,1,2.54298178,14.9700
1624410873298000,1,55.52834893,14.9700
1624410873303000,1,94.47236311,14.9700
1624410873528000,1,70.00000000,14.9800
1624410873629000,1,28.00000000,14.9800
1624410874222000,0,2.50447551,14.9800
1624410874226000,1,2.59616059,14.9600
1624410874226000,1,60.03643941,14.9600
1624410874269000,1,0.00007820,14.9600
1624410875440000,1,59.73190000,14.9500
1624410875996000,0,98.00000000,14.9600
1624410875996000,0,70.00000000,14.9600
1624410876142000,0,280.00000000,14.9600
1624410876142000,0,2.59268858,14.9700
1624410876643000,1,2.45207832,14.9600
1624410878491000,0,57.28379886,14.9800
1624410878491000,0,63.86557097,14.9800
1624410878491000,0,63.70616701,14.9800
1624410879714000,1,25.32115000,14.9800
1624410879714000,1,62.00000000,14.9800
1624410879714000,1,62.00000000,14.9700
1624410879714000,1,98.00000000,14.9700
1624410879714000,1,2.52132744,14.9700
1624410879714000,1,64.11246442,14.9700
1624410879714000,1,160.28738888,14.9700
1624410879714000,1,70.00000000,14.9700
1624410879768000,1,87.79000000,14.9600
1624410879977000,1,62.90391167,14.9600
1624410880311000,1,63.32536766,14.9600
1624410880311000,1,158.31953517,14.9600
1624410881649000,0,18.66298666,14.9600
1624410881683000,0,23.59918334,14.9600
1624410883171000,1,2.33988000,14.9800
1624410884200000,0,59.44150838,14.9800
1624410884498000,0,145.78383000,14.9800
1624410887614000,1,27.10000000,14.9600
1624410887614000,1,43.21835000,14.9600
1624410887687000,1,6.25000000,14.9600
1624410887723000,1,76.08760000,14.9600
1624410892313000,1,60.52231436,14.9500
1624410892413000,0,149.73919687,14.9500
1624410894867000,0,66.92813000,14.9400
1624410895430000,0,66.92813000,14.9500
1624410898888000,0,66.91917000,14.9500
1624410899150000,0,0.00000502,14.9500
1624410899150000,0,367.99510498,14.9500
1624410899308000,1,70.00000000,14.9500
1624410901276000,0,167.21521265,14.9600
1624410901276000,0,47.61478735,14.9600
1624410901327000,0,158.77000000,14.9600
1624410901328000,0,228.33173867,14.9600
1624410901328000,0,49.77826133,14.9600
1624410901457000,0,17.09616000,14.9600
1624410901912000,0,0.00000188,14.9600
1624410902253000,0,434.41441548,14.9700
1624410902253000,0,115.58558452,14.9700
1624410902450000,0,51.51339345,14.9700
1624410903355000,0,66.84223895,14.9800
1624410903355000,0,167.09776105,14.9800
1624410909380000,0,35.70336358,15.0100
1624410912491000,1,27.70000000,15.0000
1624410912491000,1,53.90795000,15.0000
1624410913500000,1,27.50000000,15.0000
1624410913694000,1,66.68178120,14.9900
1624410913694000,1,166.61779211,14.9900
1624410913694000,1,76.70042669,14.9900
1624410913774000,1,177.14807000,14.9900
1624410914997000,1,27.20000000,14.9800
1624410915066000,1,39.48178120,14.9800
1624410915066000,1,98.00000000,14.9800
1624410915066000,1,27.20000000,14.9800
1624410917208000,0,34.40714219,14.9900
1624410917208000,0,86.01647985,14.9900
1624410917208000,0,70.64353115,14.9900
1624410917214000,0,114.75778883,14.9900
1624410917222000,0,38.24808931,14.9900
1624410918720000,1,98.00000000,14.9900
1624410918883000,1,2.55645457,14.9800
1624410918883000,1,85.23354543,14.9700
1624410922369000,1,66.79491290,14.9700
1624410928871000,0,44.15659359,14.9600
1624410928871000,0,111.50092641,14.9600
1624410928930000,0,0.00001306,14.9600
1624410936484000,0,35.63000000,14.9700
1624410936485000,0,8.52659359,14.9700
1624410936485000,0,32.49340641,14.9700
1624410936532000,0,79.00753306,14.9700
1624410938193000,1,54.53292000,14.9600
1624410938579000,1,12.29949105,14.9600
1624410938579000,1,163.49557893,14.9600
1624410938609000,1,3.58765449,14.9600
1624410941308000,0,43.35504608,14.9600
1624410941308000,0,108.38429137,14.9600
1624410941308000,0,267.55974255,14.9600
1624410941398000,0,0.00001529,14.9600
1624410947406000,0,38.91000000,14.9900
1624410948497000,1,6.25000000,14.9900
1624410948497000,1,54.05439000,14.9900
1624410949451000,1,27.10000000,14.9800
1624410949451000,1,54.10246000,14.9800
1624410949896000,1,6.25000000,14.9800
1624410949985000,1,6.38628451,14.9800
1624410949985000,1,166.74644093,14.9800
1624410952973000,1,54.10246000,14.9600
1624410953641000,1,108.10090000,14.9600
1624410953762000,1,4.54308093,14.9600
1624410953762000,1,66.73874451,14.9600
1624410954317000,0,167.94620000,14.9600
1624410954317000,0,12.05380000,14.9600
1624410954336000,0,180.00000000,14.9600
1624410954358000,0,98.85246553,14.9600
1624410954740000,0,44.79013513,14.9600
1624410958989000,1,6.25000000,14.9500
1624410959142000,1,60.62979026,14.9500
1624410967798000,0,56.10233877,14.9500
1624410967798000,0,144.61599628,14.9500
1624410967798000,0,371.12166495,14.9500
1624410967870000,0,0.00483178,14.9500
1624410970278000,1,66.91000000,14.9400
1624410970305000,1,0.00827940,14.9400
1624410970758000,1,54.83567000,14.9300
1624410973693000,1,167.47271792,14.9200
1624410973693000,1,13.23061208,14.9200
1624410978976000,0,57.21322376,14.9500
1624410978976000,0,146.17630672,14.9500
1624410986882000,1,54.38735000,14.9700
1624410990292000,0,13.92000000,14.9800
1624410990382000,0,3202.66000000,14.9800
1624410990382000,0,322.00421995,14.9800
1624410990382000,0,51.35288060,14.9800
1624410990382000,0,128.37924053,14.9800
1624410990697000,0,70.00000000,14.9800
1624410997027000,1,352.79529000,14.9600
1624410997304000,1,81.38272189,14.9600
1624410997378000,1,0.00000001,14.9600
1624410998021000,1,66.79402060,14.9400
1624411005457000,1,55.15768000,14.9200
1624411009781000,1,55.15768000,14.9100
1624411012300000,1,55.33750000,14.9000
1624411013487000,1,11.66058385,14.9000
1624411013487000,1,167.71941615,14.9000
1624411019716000,1,18.74000000,14.8700
1624411019752000,1,2.89000000,14.8700
1624411021464000,0,67.28297875,14.8700
1624411022186000,0,168.18716000,14.8700
1624411025569000,0,67.22327000,14.8800
1624411025674000,0,0.00000539,14.8800
1624411025947000,0,168.05147000,14.8900
1624411026290000,0,0.00000755,14.8900
1624411026290000,0,167.99727264,14.9000
1624411026898000,0,2.51901597,14.9000
1624411026936000,0,6.25000000,14.9000
1624411032591000,0,67.09338057,14.9100
1624411032591000,0,167.72231896,14.9100
1624411032591000,0,225.18430047,14.9100
1624411033011000,0,6.25000000,14.9100
1624411033087000,0,204.71157308,14.9100
1624411036792000,1,120.00000000,14.9300
1624411036792000,1,110.00000000,14.9300
1624411038564000,1,284.15847000,14.9000
1624411038666000,1,98.00000000,14.9000
1624411038725000,1,53.48272055,14.9000
1624411038725000,1,27.90000000,14.9000
1624411038725000,1,98.00000000,14.9000
1624411039695000,1,170.00000000,14.8900
1624411043597000,1,6.25000000,14.8800
1624411043685000,1,60.92901865,14.8800
1624411043685000,1,6.24998135,14.8800
1624411043756000,1,49.49830000,14.8800
1624411043772000,1,30.82100000,14.8800
1624411045846000,0,67.21966000,14.8800
1624411045849000,0,0.00000041,14.8800
1624411048482000,1,27.60000000,14.8700
1624411048482000,1,167.95201376,14.8700
1624411048482000,1,244.44798624,14.8700
1624411048553000,1,80.37056000,14.8700
1624411050299000,1,55.90047000,14.8600
1624411050527000,1,112.17120931,14.8600
1624411050527000,1,67.21152812,14.8600
1624411053169000,0,67.31377000,14.8600
1624411053377000,0,0.00000644,14.8600
1624411055611000,0,168.27000000,14.8600
1624411060636000,1,56.19144000,14.8400
1624411061346000,1,61.99000000,14.8400
1624411061390000,1,5.31562137,14.8400
1624411061390000,1,97.92428895,14.8400
1624411065226000,1,67.33394758,14.8400
1624411065226000,1,87.00273242,14.8400
1624411068708000,0,67.41088000,14.8400
1624411068898000,0,0.00000281,14.8400
1624411069865000,0,65.98882230,14.8500
1624411071517000,1,6.25000000,14.8600
1624411072964000,1,6.25000000,14.8500
1624411078255000,1,168.39773399,14.8300
1624411078255000,1,13.93542601,14.8300
1624411078693000,1,6.25000000,14.8300
1624411081061000,0,67.37636437,14.8400
1624411081061000,0,438.35754657,14.8400
1624411081061000,0,94.26608906,14.8400
1624411081143000,0,74.34982000,14.8400
1624411082820000,0,67.41000000,14.8500
1624411083598000,1,56.38372000,14.8400
1624411088033000,0,67.39000000,14.8400
1624411088135000,0,0.00089414,14.8400
1624411090990000,0,67.31558894,14.8700
1624411090990000,0,168.28897236,14.8700
1624411090990000,0,394.39543870,14.8700
1624411093351000,1,6.25000000,14.8700
1624411093351000,1,67.22869859,14.8700
1624411093351000,1,168.06944188,14.8700
1624411093351000,1,168.45185953,14.8700
1624411094052000,1,168.06944188,14.8600
1624411094052000,1,257.64102812,14.8600
1624411094196000,1,6.25000000,14.8600
1624411094289000,1,173.13273101,14.8600
1624411095843000,1,67.25040014,14.8400
1624411095843000,1,86.68671986,14.8400
1624411101489000,1,67.25040014,14.8200
1624411101489000,1,101.50770986,14.8200
1624411102706000,0,168.71372000,14.8200
1624411102825000,0,168.71000000,14.8200
1624411102829000,0,0.00372655,14.8200
1624411102829000,0,67.48549062,14.8200
1624411104003000,0,67.43997000,14.8300
1624411105187000,0,168.55937480,14.8400
1624411105187000,0,67.39816138,14.8400
1624411105690000,0,438.02097186,14.8500
1624411105690000,0,67.39816138,14.8500
1624411105690000,0,168.48639939,14.8500
1624411109959000,1,56.18421000,14.8500
1624411110113000,0,6.25000000,14.8500
1624411110224000,0,53.55547800,14.8500
1624411112413000,1,53.55550000,14.8500
1624411112694000,1,6.25000000,14.8500
1624411112883000,1,33.83050000,14.8500
1624411113865000,0,67.34006000,14.8500
1624411113968000,0,0.00000734,14.8500
1624411114340000,0,67.30109162,14.8600
1624411117476000,0,67.18343028,14.8900
1624411117476000,0,167.95856972,14.8900
1624411118134000,1,257.03420000,14.8900
1624411118346000,1,67.13391874,14.8900
1624411118346000,1,20.65608126,14.8800
1624411118453000,0,150.00000000,14.8900
1624411119547000,1,58.03010000,14.8800
1624411125391000,1,98.00000000,14.8800
1624411125391000,1,83.50542000,14.8800
1624411125985000,0,67.16458000,14.8900
1624411128071000,1,98.00000000,14.8900
1624411128071000,1,55.59044000,14.8900
1624411130987000,1,11.54347874,14.8900
1624411130987000,1,167.83912126,14.8900
1624411131066000,1,0.00013549,14.8900
1624411135317000,1,67.21152812,14.8800
1624411135317000,1,167.99715900,14.8800
1624411135317000,1,134.79131288,14.8800
1624411135378000,1,220.56777000,14.8800
1624411136618000,1,167.99715900,14.8700
1624411136618000,1,382.65909100,14.8700
1624411136699000,1,37.27350000,14.8700
1624411137760000,1,67.27573633,14.8600
1624411137760000,1,86.61442367,14.8600
1624411139794000,0,67.31740000,14.8600
1624411145430000,0,67.28569000,14.8600
1624411145646000,0,0.00000506,14.8600
1624411157029000,0,67.22417919,14.8800
1624411157029000,0,28.10000000,14.8800
1624411157029000,0,168.03337081,14.8800
1624411157505000,0,0.00001206,14.8800
1624411160550000,0,67.13031336,14.9100
1624411160550000,0,163.12010671,14.9100
1624411160600000,0,4.69898816,14.9100
1624411168950000,1,66.95412303,14.9100
1624411168950000,1,327.86885697,14.9100
1624411169082000,1,95.90540000,14.9100
1624411172289000,0,6.25000000,14.9300
1624411193670000,1,66.86905701,14.9400
1624411193670000,1,167.17706004,14.9400
1624411193670000,1,434.46388295,14.9400
1624411193838000,1,0.00649652,14.9400
1624411195374000,0,66.96398677,14.9400
1624411195374000,0,2.46558323,14.9400
1624411195504000,0,0.00001151,14.9400
1624411197365000,1,152.86611000,14.9400
1624411197886000,1,14.45638225,14.9400
1624411197886000,1,66.92634087,14.9400
1624411198595000,1,255.69846000,14.9300
1624411199092000,1,2.52293961,14.9200
1624411199092000,1,66.92634087,14.9200
1624411199092000,1,167.32249225,14.9200
1624411199092000,1,255.69844727,14.9200
1624411203010000,1,55.78484972,14.9200
1624411204228000,1,314.34043669,14.9000
1624411204228000,1,55.78484972,14.9000
1624411204228000,1,129.36537838,14.9000
1624411208192000,0,98.00000000,14.9000
1624411211197000,0,67.08167000,14.9100
1624411211343000,0,0.00000865,14.9100
1624411215359000,0,167.54247999,14.9300
1624411215359000,0,67.02143345,14.9300
1624411215359000,0,98.00000000,14.9300
1624411216063000,0,435.31878000,14.9400
1624411216218000,0,0.00000216,14.9400
1624411220580000,0,66.91201071,14.9500
1624411220580000,0,167.27338929,14.9500
1624411220727000,0,0.00000136,14.9500
1624411221137000,0,83.60000000,14.9600
1624411222558000,1,2.51774103,14.9500
1624411222558000,1,98.00000000,14.9500
1624411222558000,1,25.14175897,14.9500
1624411222624000,1,33.29277312,14.9500
1624411222624000,1,146.08995738,14.9500
1624411222624000,1,200.64585950,14.9500
1624411224734000,0,98.00000000,14.9600
1624411225383000,0,69.21750294,14.9600
1624411225383000,0,66.89141706,14.9600
1624411226687000,0,27.50000000,14.9700
1624411226687000,0,66.81187113,14.9700
1624411226687000,0,167.02305887,14.9700
1624411230543000,1,58.59000000,14.9700
1624411230581000,1,0.00820439,14.9700
1624411230581000,1,58.58179561,14.9700
1624411230595000,1,58.59000000,14.9700
1624411230599000,1,6.25000000,14.9700
1624411230687000,1,23.11453951,14.9700
1624411232086000,0,66.82079000,14.9700
1624411232410000,0,0.00000998,14.9700
1624411235573000,1,58.59820439,14.9600
1624411235573000,1,149.64055543,14.9600
1624411235573000,1,207.93656018,14.9600
1624411238087000,0,66.83807596,14.9700
1624411238087000,0,167.09518989,14.9700
1624411238087000,0,434.43443415,14.9700
1624411240534000,0,66.80462503,14.9800
1624411240534000,0,167.01156258,14.9800
1624411240534000,0,434.16028239,14.9800
1624411241299000,0,66.76821150,14.9900
1624411241299000,0,166.92052874,14.9900
1624411241299000,0,76.31125976,14.9900
1624411241373000,0,357.57059000,14.9900
1624411244892000,0,66.74312000,15.0000
1624411250847000,0,166.67405000,15.0200
1624411250860000,0,0.00000024,15.0200
1624411251113000,0,55.36217359,15.0300
1624411251115000,0,11.30009834,15.0300
1624411251115000,0,44.06207525,15.0300
1624411251513000,0,9.19309543,15.0300
1624411253889000,0,6.25000000,15.0300
1624411257859000,1,98.00000000,15.0200
1624411257859000,1,66.47698567,15.0200
1624411257859000,1,68.64532433,15.0200
1624411257953000,1,97.63996304,15.0200
1624411257953000,1,162.36003696,15.0200
1624411267833000,1,65.20000000,14.9800
1624411272154000,1,48.05845000,14.9800
1624411276112000,0,66.75478000,14.9800
1624411279375000,1,66.62000000,14.9800
1624411279393000,1,0.00015428,14.9800
1624411280118000,1,166.56573381,14.9700
1624411280183000,1,6.25000000,14.9700
1624411280212000,1,66.79045164,14.9700
1624411285647000,0,65.78000000,15.0100
1624411286104000,0,77.23467496,15.0100
1624411286145000,0,23.53957283,15.0100
1624411286145000,0,25.15694264,15.0100
1624411290774000,0,66.64570072,15.0200
1624411290774000,0,166.52261928,15.0200
1624411290781000,0,0.00000545,15.0200
1624411295150000,0,66.54785756,15.0300
1624411295150000,0,166.36961669,15.0300
1624411295150000,0,41.78360575,15.0300
1624411295186000,0,390.87421202,15.0300
1624411299120000,1,2.43475011,15.0400
1624411299120000,1,66.46638130,15.0400
1624411299243000,1,166.14159427,15.0400
1624411301772000,1,66.46638130,15.0300
1624411301772000,1,134.63248870,15.0300
1624411301845000,1,31.50910557,15.0300
1624411301845000,1,350.85156443,15.0300
1624411302016000,1,81.38000000,15.0300
1624411302016000,1,0.00272940,15.0300
1624411303269000,1,53.22525000,15.0200
1624411303485000,1,13.24113130,15.0200
1624411303485000,1,17.96846870,15.0200
1624411305642000,0,6.25000000,15.0200
1624411305804000,0,66.61071367,15.0200
1624411308618000,1,66.44000000,15.0200
1624411309112000,1,0.00186828,15.0200
1624411309112000,1,66.56105646,15.0100
1624411309112000,1,166.10707526,15.0100
1624411309200000,1,0.00848563,15.0100
1624411312748000,1,51.95125000,15.0100
1624411313337000,1,14.14000000,15.0100
1624411319302000,1,64.30631032,14.9900
1624411319302000,1,160.76993975,14.9900
1624411319302000,1,238.86990993,14.9900
1624411331910000,0,66.78688306,14.9800
1624411331910000,0,166.94049694,14.9800
1624411332273000,0,0.00000850,14.9800
1624411338674000,1,27.60000000,14.9700
1624411338674000,1,410.16216464,14.9700
1624411338674000,1,22.23783536,14.9700
1624411339784000,1,63.09203175,14.9700
1624411343191000,0,66.80830000,14.9700
1624411344121000,0,167.11461553,14.9800
1624411344121000,0,66.76279447,14.9800
1624411344277000,0,0.00001064,14.9800
1624411344614000,0,433.90066000,14.9900
1624411346639000,0,66.68800683,15.0100
1624411346639000,0,166.71342317,15.0100
1624411347031000,0,0.00001137,15.0100
1624411351904000,0,7.35955500,15.0200
1624411351940000,0,59.25293351,15.0200
1624411353084000,0,180.00000000,15.0300
1624411353158000,0,252.81800736,15.0300
1624411353158000,0,37.18199264,15.0300
1624411353235000,0,29.37374779,15.0300
1624411353235000,0,166.38497221,15.0300
1624411354959000,1,6.25000000,15.0300
1624411354959000,1,82.91385000,15.0300
1624411355329000,1,81.38272496,15.0300
1624411355329000,1,247.82691504,15.0300
1624411357473000,1,6.25000000,15.0200
1624411357547000,1,59.54479995,15.0200
1624411357684000,1,164.29438968,15.0100
1624411357684000,1,247.82691032,15.0100
1624411360473000,0,66.62402729,15.0200
1624411361957000,1,6.25000000,15.0200
1624411361957000,1,14.25737000,15.0200
1624411364897000,1,53.74272000,15.0100
1624411365408000,1,6.25000000,15.0100
1624411365629000,1,6.57719839,15.0100
1624411367473000,0,66.70491000,14.9900
1624411367516000,0,0.00000082,14.9900
1624411371788000,0,66.69423362,15.0000
1624411373330000,0,6.25000000,15.0100
1624411373481000,0,160.38819774,15.0100
1624411373481000,0,66.63823435,15.0100
1624411375680000,0,66.59651833,15.0200
1624411375680000,0,166.48691167,15.0200
1624411375858000,0,0.00001030,15.0200
1624411377520000,0,66.52000000,15.0300
1624411377654000,0,0.00651747,15.0300
1624411378425000,0,66.48140515,15.0400
1624411381625000,0,2.40935000,15.0600
1624411381771000,0,0.00000696,15.0600
1624411382922000,1,2.54944149,15.0500
1624411385043000,0,6.25000000,15.0600
1624411387438000,0,166.08212310,15.0700
1624411387438000,0,66.43457690,15.0700
1624411390929000,1,98.00000000,15.0800
1624411390929000,1,66.28310841,15.0800
1624411390929000,1,56.32936159,15.0800
1624411393082000,1,165.71209546,15.0700
1624411393082000,1,345.09112454,15.0700
1624411394289000,1,165.71209546,15.0600
1624411394289000,1,274.28790454,15.0600
1624411394350000,1,44.10440000,15.0600
1624411394407000,1,113.09962775,15.0600
1624411394407000,1,66.28310841,15.0600
1624411400919000,1,63.78000000,15.0300
1624411400974000,1,0.00896092,15.0300
1624411401216000,1,27.50000000,15.0200
1624411401772000,0,6.25000000,15.0200
1624411402216000,1,6.25000000,15.0200
1624411405292000,0,66.58232000,15.0200
1624411405568000,0,66.58232000,15.0300
1624411406908000,1,61.53680000,15.0200
1624411407016000,1,0.00002341,15.0200
1624411407204000,0,6.24997659,15.0200
1624411407264000,1,216.56648000,15.0200
1624411408189000,1,8.96330000,15.0100
1624411408208000,1,52.57352341,15.0100
1624411408630000,1,37.84522000,15.0000
1624411409727000,0,66.69957000,15.0000
1624411409906000,0,0.00000179,15.0000
1624411412253000,0,166.67564000,15.0000
1624411420043000,1,60.23320299,15.0100
1624411420044000,1,1.22924904,15.0100
1624411422497000,0,66.63557000,15.0100
1624411423019000,0,0.00000007,15.0100
1624411423019000,0,6.24999993,15.0200
1624411423159000,0,64.44000000,15.0200
1624411423193000,0,362.28906917,15.0200
1624411423193000,0,66.63557007,15.0200
1624411423382000,0,166.53793797,15.0200
1624411424384000,1,152.73467858,15.0200
1624411424384000,1,61.09155623,15.0200
1624411428614000,1,34.44350000,15.0000
1624411428757000,1,26.64805623,15.0000
1624411428757000,1,152.73467858,15.0000
1624411432281000,1,61.44000000,14.9800
1624411432314000,1,0.00244208,14.9800
1624411434935000,1,397.14461185,14.9700
1624411434935000,1,27.60000000,14.9700
1624411434935000,1,33.58159815,14.9700
1624411435035000,1,6.25000000,14.9700
1624411440533000,0,66.79580000,14.9700
1624411443582000,0,66.78866730,14.9800
1624411444074000,0,433.80494171,14.9900
1624411444074000,0,76.26968829,14.9900
1624411444158000,0,90.60172000,14.9900
1624411444239000,0,0.00001107,14.9900
1624411445536000,0,66.62491000,15.0100
1624411445771000,0,0.00000505,15.0100
1624411446722000,1,2.45256211,15.0000
1624411446722000,1,59.68555214,15.0000
1624411446722000,1,149.12219424,15.0000
1624411446722000,1,278.37742151,15.0000
1624411450697000,0,66.69245442,15.0000
1624411450697000,0,84.65754558,15.0000
1624411450863000,0,82.06700687,15.0000
1624411454060000,1,61.69495673,15.0000
1624411454889000,0,2.53484000,15.0100
1624411455038000,0,0.00000070,15.0100
1624411455038000,0,64.10782930,15.0100
1624411455173000,0,2.53484600,15.0100
1624411455173000,0,369.01224400,15.0100
1624411456451000,1,6.25000000,15.0100
1624411457892000,0,166.73567000,15.0000
1624411458051000,0,66.69690260,15.0000
1624411458266000,0,2.40316000,15.0100
1624411458605000,0,166.73567000,15.0100
1624411458860000,0,66.58321570,15.0200
1624411458860000,0,166.44710430,15.0200
1624411459121000,0,0.00000603,15.0200
1624411459922000,1,6.24999397,15.0200
1624411463554000,0,66.56725000,15.0300
1624411463590000,0,0.00000956,15.0300
1624411464702000,1,66.51855202,15.0300
1624411464802000,1,66.55042526,15.0200
1624411464802000,1,158.69451474,15.0200
1624411468640000,0,66.55751235,15.0300
1624411468640000,0,93.44248765,15.0300
1624411468719000,0,72.94692555,15.0300
1624411468719000,0,87.05307445,15.0300
1624411468799000,0,345.72452000,15.0300
1624411469936000,0,66.50616512,15.0400
1624411469936000,0,166.26104488,15.0400
1624411471967000,0,6.25000000,15.0600
1624411472621000,0,60.17576257,15.0600
1624411472621000,0,166.05788636,15.0600
1624411474264000,1,98.00000000,15.0700
1624411474355000,1,6.25000000,15.0700
1624411474381000,1,267.48304000,15.0700
1624411477868000,0,66.37902423,15.0700
1624411477868000,0,165.93670577,15.0700
1624411478233000,0,0.00000682,15.0700
1624411480921000,1,2.49791305,15.0700
1624411481035000,1,2.56296595,15.0600
1624411481035000,1,28.35137405,15.0600
1624411484480000,1,66.40370798,15.0500
1624411484480000,1,166.01361346,15.0500
1624411484480000,1,117.58267856,15.0500
1624411484560000,1,40.36503000,15.0500
1624411486441000,0,66.43105785,15.0600
1624411486441000,0,166.07328215,15.0600
1624411486842000,0,0.00001486,15.0600
1624411486842000,0,431.44387147,15.0700
1624411487947000,1,6.25000000,15.0600
1624411487982000,1,60.14048226,15.0600
1624411488332000,1,66.39048226,15.0500
1624411488332000,1,157.86171774,15.0500
1624411489070000,1,66.39048226,15.0400
1624411489070000,1,165.98054706,15.0400
1624411489070000,1,158.33228068,15.0400
1624411490406000,0,2.55225758,15.0500
1624411490406000,0,66.47079938,15.0500
1624411492217000,0,66.38519345,15.0700
1624411492217000,0,53.61480655,15.0700
1624411492312000,0,112.34166664,15.0700
1624411493259000,0,66.36052345,15.0800
1624411493259000,0,103.63947655,15.0800
1624411494326000,1,6.25000000,15.0800
1624411494801000,1,6.25000000,15.0700
1624411495030000,1,66.34995621,15.0700
1624411496275000,1,25.40010000,15.0700
1624411506046000,0,66.31387684,15.0800
1624411513718000,1,66.29629139,15.0400
1624411513718000,1,165.74505497,15.0400
1624411513718000,1,251.81911364,15.0400
1624411515541000,1,158.44000000,15.0400
1624411515726000,1,0.00403437,15.0400
1624411515726000,1,27.10000000,15.0300
1624411515726000,1,60.68595227,15.0300
1624411520892000,0,66.49466713,15.0400
1624411520892000,0,166.30085287,15.0400
1624411521119000,0,13.95000000,15.0500
1624411521121000,0,52.48988519,15.0500
1624411526429000,1,330.00000000,15.0300
1624411526558000,1,32.04485000,15.0300
1624411526770000,1,19.74043000,15.0300
1624411526848000,1,113.33472473,15.0300
1624411526848000,1,66.04800189,15.0300
1624411526848000,1,10.61727338,15.0300
1624411527317000,0,6.25000000,15.0300
1624411528211000,0,66.52740000,15.0300
1624411531443000,1,45.40265000,15.0300
1624411533221000,0,66.49732016,15.0400
1624411533221000,0,166.32267984,15.0400
1624411539551000,1,6.25000000,15.0400
1624411539644000,1,57.83930697,15.0400
1624411539738000,1,157.38318809,15.0300
1624411539738000,1,229.85349191,15.0300
1624411541420000,1,45.10665000,15.0200
1624411542478000,0,66.57789000,15.0200
1624411546536000,0,70.00000000,15.0300
1624411546656000,1,66.53979745,15.0300
1624411548375000,1,61.19061086,15.0300
