timestamp ms,type,amount,price
1621900826655000,0,9.48000000,21.62
1621900826733000,0,0.00276923,21.62
1621900835122000,0,6.62480000,21.62
1621900902906000,1,2.60230622,21.40
1621900968457000,0,82.44000000,21.70
1621900968740000,0,0.00987896,21.70
1621900991436000,0,0.92646427,21.79
1621900994348000,0,0.01890743,21.79
1621900994348000,0,4.29109257,21.80
1621901002258000,0,10.99000000,21.80
1621901028067000,0,0.00890743,21.80
1621901092734000,0,44.00000000,21.87
1621901117367000,0,3.82000000,21.94
1621901125914000,1,10.05000000,21.90
1621901125916000,1,4.57000000,21.90
1621901150653000,0,0.91945437,21.96
1621901150653000,0,3.08054563,21.98
1621901151333000,1,1.41000000,21.95
1621901151683000,0,0.00859251,21.98
1621901151683000,0,5.00000000,21.99
1621901151683000,0,0.47140749,21.99
1621901163824000,0,0.90764331,21.98
1621901196203000,0,16.68000000,21.99
1621901199346000,0,0.00811631,21.99
1621901199346000,0,1.00000000,22.00
1621901199346000,0,0.91188369,22.00
1621901199408000,0,0.00811631,22.00
1621901206297000,1,2.52499999,21.97
1621901223101000,0,1.00000000,22.04
1621901225814000,0,5.08250826,22.05
1621901251113000,0,0.10372466,22.05
1621901263519000,0,2.60000000,22.12
1621901305714000,0,0.91224314,22.13
1621901312368000,0,0.01861721,22.13
1621901319699000,0,47.60000000,22.17
1621901342717000,0,44.96172895,22.21
1621901500855000,0,22.49887235,22.17
1621901715551000,1,70.00000000,21.98
1621901715551000,1,34.24802975,21.97
1621901724344000,0,70.00000000,22.06
1621901725545000,0,181.88800000,22.06
1621901727347000,0,4.51999999,22.26
1621901732236000,0,1.79694519,22.18
1621901825162000,1,7.33731000,22.16
1621901896255000,0,59.71000000,22.25
1621901976442000,0,0.90764331,22.31
1621901976442000,0,68.58184713,22.32
1621901982496000,0,70.90000000,22.32
1621901997824000,0,0.89142091,22.38
1621902106033000,0,2.14000000,22.39
1621902106290000,0,0.00709913,22.39
1621902106290000,0,1.95290087,22.39
1621902175710000,0,155.18000000,22.37
1621902267120000,1,316.00000000,22.33
1621902311936000,1,7.33731000,22.32
1621902374960000,0,36.30000000,22.39
1621902378175000,1,36.50000000,22.34
1621902395875000,1,42.80000000,22.29
1621902457328000,0,70.00000000,22.21
1621902472566000,1,0.00000949,22.16
1621902530746000,1,36.70000000,22.16
1621902530746000,1,7.44328145,22.16
1621902605968000,1,36.30000000,22.19
1621902662068000,1,36.60000000,22.12
1621902674393000,0,12.00000000,22.10
1621902701045000,0,36.50000000,22.13
1621902859838000,0,37.00000000,22.07
1621902859838000,0,1.00000000,22.07
1621902918071000,0,12.47821000,22.16
1621902963455000,1,24.46000000,22.23
1621903071401000,1,91.90060000,22.27
1621903116751000,1,17.64000000,22.29
1621903136325000,1,91.74772000,22.30
1621903139187000,1,0.00000005,22.30
1621903139627000,1,146.39554000,22.28
1621903153680000,1,36.30000000,22.29
1621903160890000,1,0.00000708,22.27
1621903262839000,1,36.30000000,22.30
1621903287693000,1,36.20000000,22.28
1621903343808000,1,36.30000000,22.27
1621903369609000,1,36.00000000,22.36
1621903375567000,1,36.30000000,22.35
1621903403679000,0,0.89925169,22.45
1621903405761000,0,0.01835208,22.45
1621903411612000,1,35.80000000,22.44
1621903457170000,1,157.71264000,22.35
1621903563686000,0,27.67455000,22.21
1621903580949000,0,36.40000000,22.16
1621903620129000,0,18.56723000,22.08
1621903637413000,0,18.58714000,22.05
1621903638913000,0,0.00000012,22.05
1621903886268000,1,125.27242000,22.27
1621903923597000,1,68.60000000,22.29
1621904317691000,0,37.10567000,22.09
1621904344445000,0,0.00000338,22.09
1621904527249000,1,3.23000000,22.30
1621904528384000,0,154.04089000,22.34
1621904909669000,1,36.70000000,22.04
1621904914655000,0,0.90517241,22.04
1621905017806000,0,36.80000000,21.96
1621905046069000,1,37.19999999,21.81
1621905046069000,1,0.00000001,21.81
1621905067224000,1,0.91883000,21.77
1621905075780000,1,0.00000051,21.77
1621905147251000,1,94.06110441,21.74
1621905151475000,1,37.10000000,21.72
1621905189584000,1,94.54679000,21.63
1621905193249000,1,0.00000472,21.63
1621905193249000,1,94.54679472,21.63
1621905193249000,1,37.39999056,21.63
1621905281971000,1,37.40000000,21.74
1621905299120000,1,93.98255000,21.75
1621905299910000,1,0.00000427,21.75
1621905438283000,1,36.80000000,21.94
1621905568931000,0,36.80000000,21.97
1621905568931000,0,70.00000000,21.97
1621905585017000,1,36.70000000,21.95
1621905611014000,1,36.90000000,21.93
1621905725098000,1,93.07074000,21.96
1621905754333000,1,36.90000000,21.90
1621905823399000,0,37.40000000,21.74
1621905828928000,1,37.30000000,21.75
1621905860412000,0,37.40000000,21.73
1621905863734000,0,37.50000000,21.79
1621905864442000,0,1.14298808,21.82
1621906002650000,0,37.00000000,21.80
1621906003396000,0,37.20000000,21.83
1621906003598000,0,153.05796662,21.84
1621906003619000,1,1.94203338,21.84
1621906009539000,1,37.30000000,21.78
1621906014085000,1,37.30000000,21.76
1621906078294000,1,37.20000000,21.66
1621906238915000,0,37.40000000,21.52
1621906239597000,1,37.40000000,21.49
1621906239597000,1,95.09327241,21.48
1621906239597000,1,155.41830136,21.47
1621906239597000,1,247.96305236,21.47
1621906239675000,1,967.62725764,21.47
1621906239675000,1,125.07435361,21.46
1621906261081000,0,0.92790697,21.50
1621906273227000,0,37.90000000,21.53
1621906282104000,1,37.80000000,21.54
1621906284129000,0,37.60000000,21.56
1621906313035000,0,37.70000000,21.61
1621906449002000,0,37.40000000,21.60
1621906541344000,0,37.50000000,21.48
1621906543130000,0,37.50000000,21.48
1621906547313000,0,37.90000000,21.48
1621906562510000,1,37.80000000,21.44
1621906573234000,0,38.10000000,21.44
1621906622067000,0,37.80000000,21.46
1621906635348000,0,37.70000000,21.50
1621906645442000,0,38.10000000,21.46
1621906681058000,1,95.72997870,21.35
1621906681058000,1,38.10000000,21.35
1621906681297000,1,38.10000000,21.34
1621906681297000,1,47.75201548,21.33
1621906685816000,0,37.80000000,21.38
1621906859503000,0,37.90000000,21.43
1621907080697000,1,3.81320449,21.26
1621907109699000,0,115.00000000,21.30
1621907132612000,1,37.80000000,21.33
1621907135042000,1,150.00000000,21.31
1621907153902000,1,70.00000000,21.36
1621907177503000,0,37.70000000,21.39
1621907371727000,0,37.80000000,21.40
1621907552782000,0,130.91021000,21.38
1621907556751000,0,9.30776426,21.38
1621907574828000,0,38.10000000,21.40
1621907656387000,0,38.30000000,21.33
1621907733622000,0,38.20000000,21.43
1621907733622000,0,18.60167988,21.43
1621908089605000,0,10.58017765,21.39
1621908107964000,0,38.10000000,21.41
1621908148334000,0,16.22624015,21.57
1621908287241000,0,38.00000000,21.46
1621908318044000,1,700.00000000,21.40
1621908322959000,0,38.10000000,21.40
1621908332334000,0,37.70000000,21.40
1621908378436000,0,38.00000000,21.35
1621908446809000,0,37.90000000,21.37
1621908497140000,0,37.90000000,21.31
1621908565924000,1,0.94493844,21.17
1621908595151000,1,5.00000000,21.10
1621908595344000,1,15.00000000,21.07
1621908605453000,0,38.30000000,21.05
1621908607535000,0,38.50000000,21.05
1621908612268000,0,38.50000000,21.06
1621908624270000,1,70.00000000,21.09
1621908646096000,1,4.90000000,21.01
1621908652533000,1,0.10000000,21.01
1621908675209000,0,38.60000000,20.98
1621908675298000,1,38.50000000,20.94
1621908675298000,1,150.22518288,20.93
1621908675298000,1,63.59700000,20.93
1621908675298000,1,2.79892403,20.90
1621908675298000,1,153.79047764,20.90
1621908689670000,0,38.50000000,21.00
1621908775251000,0,39.10000000,20.94
1621908791068000,0,38.50000000,20.98
1621908832216000,1,1.94994000,20.88
1621908834017000,1,0.00000447,20.88
1621908868730000,0,38.70000000,20.89
1621908946371000,0,38.50000000,21.00
1621908957674000,0,38.80000000,21.04
1621909008472000,1,31.63000000,20.82
1621909014480000,0,38.80000000,20.85
1621909014480000,0,49.17882000,20.85
1621909027473000,0,49.25812000,20.80
1621909035177000,0,0.00000089,20.85
1621909035177000,0,39.09999911,20.85
1621909044313000,0,39.00000000,20.89
1621909087343000,0,39.10000000,20.84
1621909119160000,0,38.70000000,20.85
1621909132673000,0,39.00000000,20.86
1621909147258000,0,39.00000000,20.86
1621909272219000,0,38.30000000,21.07
1621909467822000,0,150.77942000,20.94
1621909499231000,0,19.54512000,20.96
1621909516297000,0,38.40000000,21.06
1621909609053000,0,9.79872000,20.92
1621909612577000,0,0.00000164,20.92
1621909630212000,0,38.60000000,20.96
1621909781401000,0,9.78718518,20.94
1621909781401000,0,38.69999482,20.94
1621909802266000,0,70.00000000,20.97
1621909908955000,0,38.20000000,21.17
1621909914838000,1,68.60000000,21.19
1621909914843000,1,1.40000000,21.19
1621909915301000,1,70.00000000,21.19
1621909925350000,0,38.40000000,21.19
1621909933358000,0,38.00000000,21.21
1621909934796000,0,31.50316000,21.22
1621909962239000,0,38.10000000,21.19
1621909971991000,0,38.40000000,21.20
1621909994012000,0,38.00000000,21.21
1621910014825000,0,38.30000000,21.19
1621910022017000,0,38.40000000,21.20
1621910045863000,0,38.60000000,21.21
1621910093992000,0,38.20000000,21.18
1621910112754000,0,38.40000000,21.23
1621910122691000,0,31.29940000,21.24
1621910678506000,1,70.00000000,21.35
1621910728876000,0,37.90000000,21.31
1621910751445000,0,27.10000000,21.29
1621910808955000,0,5.96813496,21.23
1621910834013000,0,10.00000000,21.21
1621910852624000,1,1124.30000000,21.16
1621910852624000,1,96.63490185,21.16
1621910868153000,0,38.40000000,21.19
1621910929479000,0,38.60000000,21.13
1621910981028000,0,38.50000000,21.18
1621910981028000,0,9.67544952,21.18
1621910981028000,0,69.99999048,21.18
1621911013026000,0,155.75946000,21.16
1621911063587000,0,38.30000000,21.06
1621911100273000,0,38.40000000,20.98
1621911123250000,0,38.70000000,20.95
1621911162590000,0,38.60000000,20.94
1621911177823000,0,38.60000000,20.94
1621911198895000,0,39.10000000,20.91
1621911230869000,0,39.00000000,20.86
1621911232051000,0,39.10000000,20.87
1621911256193000,0,42.50000000,20.93
1621911256695000,0,38.60000000,20.93
1621911305574000,0,38.90000000,20.89
1621911321190000,1,1.58699608,20.94
1621911332215000,0,65.40000000,21.00
1621911387513000,0,70.00000000,20.91
1621911391234000,0,39.00000000,20.92
1621911419984000,0,38.60000000,20.91
1621911469143000,0,39.20000000,20.80
1621911503708000,0,70.00000000,20.83
1621911537197000,0,43.40000000,20.70
1621911537714000,1,70.00000000,20.67
1621911537714000,1,55.00000000,20.66
1621911545365000,0,0.96190935,20.74
1621911548302000,0,38.33809000,20.74
1621911550439000,0,0.00000065,20.74
1621911550439000,0,66.26190935,20.75
1621911556955000,0,39.40000000,20.78
1621911569714000,0,55.60000000,20.80
1621911595265000,0,10.00000000,20.75
1621911636100000,1,150.12559000,20.57
1621911642308000,0,70.00000000,20.61
1621911643452000,1,42.86212000,20.63
1621911643758000,1,0.00000353,20.63
1621911657962000,1,3.47420230,20.56
1621911657962000,1,0.02579770,20.56
1621911676363000,0,39.40000000,20.56
1621911682134000,0,70.00000000,20.59
1621911684608000,0,35.00000000,20.60
1621911952615000,0,8.58771000,20.54
1621911952661000,1,6.10993274,20.49
1621912063911000,1,34.40000000,20.48
1621912065360000,1,8.60000000,20.48
1621912077251000,0,5.00000000,20.51
1621912169424000,1,70.00000000,20.55
1621912169748000,1,32.19235000,20.54
1621912169748000,1,158.28730443,20.53
1621912186281000,1,67.81400000,20.51
1621912190100000,0,39.40000000,20.51
1621912251544000,0,9.99657000,20.50
1621912256753000,0,0.00000322,20.50
1621912256753000,0,9.99657322,20.50
1621912256753000,0,10.60685356,20.50
1621912293737000,1,99.15621183,20.60
1621912293737000,1,43.09687576,20.60
1621912294853000,1,2.90312424,20.60
1621912295562000,1,46.00000000,20.59
1621912298705000,1,39.20000000,20.59
1621912304301000,0,45.08000000,20.58
1621912304526000,0,0.92000000,20.58
1621912305065000,0,46.00000000,20.59
1621912356463000,0,67.00000000,20.67
1621912752854000,1,99.33547000,20.57
1621912755096000,1,0.00000235,20.57
1621912772224000,0,36.58414748,20.55
1621912788459000,1,39.40000000,20.53
1621912842843000,1,39.50000000,20.65
1621912842843000,1,30.50000000,20.65
1621913181182000,0,39.00000000,20.71
1621913210498000,1,65.26453000,20.68
1621913210501000,1,132.06521894,20.68
1621913222316000,0,39.30000000,20.65
1621913306311000,0,39.40000000,20.69
1621913397365000,0,86.30000000,20.66
1621913451061000,0,29.52000000,20.83
1621913451100000,0,0.00624859,20.83
1621913477114000,1,39.00000000,20.90
1621913487235000,0,19.60663546,20.90
1621913487235000,0,25.73881908,20.90
1621913523890000,0,10.00000000,20.86
1621913526806000,0,24.12314326,20.87
1621913602162000,0,6.00000000,20.87
1621913819014000,0,9.87238546,20.75
1621913819014000,0,9.12761454,20.75
1621914088468000,0,38.80000000,20.81
1621914090677000,0,24.00000000,20.84
1621914096171000,0,70.00000000,20.85
1621914110299000,1,24.00000000,20.87
1621914110446000,1,24.00000000,20.87
1621914152515000,1,50.00000000,20.92
1621914152577000,1,45.00000000,20.92
1621914152871000,1,38.70000000,20.92
1621914158256000,1,46.00000000,20.93
1621914280638000,0,0.96190935,21.05
1621914280638000,0,15.99518474,21.05
1621914280638000,0,54.00481526,21.05
1621914321966000,0,0.94864479,21.03
1621914353671000,1,157.89283000,20.96
1621914399828000,1,70.00000000,20.91
1621914399828000,1,154.08529960,20.90
1621914399828000,1,195.66388999,20.88
1621914399828000,1,28.42140961,20.87
1621914399934000,1,70.00000000,20.90
1621914399965000,0,97.82538791,20.90
1621914400073000,0,17.92300000,20.90
1621914649782000,1,148.72094000,20.97
1621914675965000,1,60.93785000,20.90
1621915026267000,0,9.75338860,21.00
1621915026267000,0,30.89538807,21.01
1621915233662000,0,70.00000000,20.88
1621915240127000,0,6.32000000,20.89
1621915275875000,0,65.00000000,20.82
1621915290829000,0,39.40000000,20.79
1621915290829000,0,20.60000000,20.79
1621915338081000,0,38.70000000,21.02
1621915340063000,0,91.30000000,21.03
1621915396413000,0,70.00000000,21.10
1621915484971000,1,38.70000000,21.05
1621915547037000,1,111.30000000,21.07
1621915939529000,1,105.00000000,21.15
1621915939594000,1,60.00000000,21.15
1621915939678000,1,120.00000000,21.15
1621915987294000,1,60.00000000,21.15
1621915987362000,1,80.00000000,21.15
1621915987425000,1,65.00000000,21.15
1621915987532000,1,215.00000000,21.15
1621915987626000,1,125.00000000,21.15
1621915996958000,1,120.00000000,21.15
1621915997027000,1,50.00000000,21.15
1621916044855000,0,38.50000000,21.12
1621916080706000,0,38.10000000,21.14
1621916102229000,0,38.50000000,21.12
1621916241711000,0,38.80000000,20.95
1621916251065000,0,70.00000000,20.92
1621916289539000,0,39.10000000,20.85
1621916297152000,0,38.60000000,20.87
1621916339868000,0,39.00000000,20.72
1621916340061000,0,42.00000000,20.73
1621916340835000,0,161.82773000,20.74
1621916374691000,1,57.33000000,20.74
1621916383237000,0,41.60000000,20.76
1621916383237000,0,31.74802000,20.76
1621916386866000,1,11.76000000,20.76
1621916387060000,1,1.96000000,20.76
1621916388484000,1,70.00000000,20.76
1621916389563000,1,68.60000000,20.76
1621916394430000,1,145.25849319,20.75
1621916419295000,0,70.00000000,20.69
1621916426017000,0,41.70000000,20.70
1621916433614000,0,0.96470019,20.68
1621916434674000,0,55.52425000,20.66
1621916435203000,0,65.03848000,20.67
1621916435267000,1,20.69000000,20.66
1621916441189000,1,17.00000000,20.60
1621916441743000,1,6.00000000,20.58
1621916455335000,1,68.60000000,20.54
1621916463921000,0,41.20000000,20.57
1621916472630000,1,9.80000000,20.54
1621916479079000,0,39.80000000,20.57
1621916479936000,0,70.00000000,20.57
1621916489742000,1,17.58120000,20.56
1621916492606000,1,162.05000000,20.53
1621916508395000,0,39.70000000,20.55
1621916516398000,0,39.40000000,20.56
1621916516802000,0,105.00000000,20.57
1621916538549000,1,70.00000000,20.54
1621916552153000,1,0.97625000,20.49
1621916552892000,1,0.00000742,20.49
1621916575061000,0,70.00000000,20.44
1621916575179000,0,39.90000000,20.45
1621916583444000,0,46.40000000,20.44
1621916587785000,0,40.00000000,20.45
1621916601585000,1,13.06000000,20.44
1621916657654000,0,39.90000000,20.45
1621916658005000,0,39.60000000,20.45
1621916763855000,1,60.45223000,20.59
1621916831702000,1,60.00000000,20.54
1621916919970000,0,40.00000000,20.45
1621916955726000,1,64.00000000,20.55
1621917118402000,0,153.30337728,20.62
1621917128456000,1,75.00000000,20.58
1621917128540000,1,24.32529000,20.58
1621917133848000,1,0.00000090,20.58
1621917133848000,1,94.99999910,20.57
1621917133943000,1,4.38866000,20.57
1621917140364000,1,0.00000964,20.57
1621917142785000,1,99.46451000,20.55
1621917143453000,1,0.00000340,20.55
1621917195857000,1,99.07237000,20.62
1621917197815000,1,0.00000949,20.62
1621917197815000,1,88.74916051,20.62
1621917197899000,1,10.32320000,20.62
1621917237919000,1,98.83571000,20.68
1621917271754000,1,98.77349000,20.70
1621917280727000,1,0.00000494,20.70
1621917280727000,1,59.99999506,20.70
1621917284201000,1,0.00000310,20.68
1621917284201000,1,98.86902690,20.68
1621917285852000,1,0.00000844,20.68
1621917320621000,1,98.43554887,20.75
1621917320621000,1,31.86133113,20.75
1621917390492000,1,98.10855000,20.83
1621917393547000,1,0.00000340,20.83
1621917408217000,1,80.00000000,20.84
1621917408298000,1,18.08376000,20.84
1621917413711000,1,0.00000157,20.84
1621917474112000,1,97.90508000,20.87
1621917525092000,1,97.90550000,20.88
1621917527000000,1,0.00000647,20.88
1621917527000000,1,0.00000264,20.87
1621917529081000,1,4.76989000,20.86
1621917533699000,1,0.00000453,20.86
1621917596757000,0,69.99999999,20.91
1621917655592000,0,0.96470019,20.99
1621917746987000,1,38.20000000,21.04
1621917801125000,1,38.30000000,21.06
1621917934424000,0,70.00000000,20.94
1621917984649000,1,11.72946691,20.91
1621918125132000,0,0.95673227,21.10
1621918125585000,0,0.01951773,21.10
1621918125585000,0,0.00000742,21.10
1621918150465000,0,85.37109000,21.14
1621918377975000,0,29.15362000,21.08
1621918391592000,1,1086.30137000,21.07
1621918391666000,1,0.00000636,21.07
1621918408395000,0,26.00000000,21.14
1621918584014000,0,29.09189026,21.12
1621918584014000,0,38.39999974,21.12
1621918618071000,0,152.59357231,21.09
1621918618071000,0,29.14629356,21.09
1621918656221000,0,9.74020287,21.02
1621918666030000,0,9.74647000,21.00
1621918667999000,0,0.00000527,21.00
1621918683065000,0,9.73188163,21.03
1621918707282000,0,9.76806000,20.97
1621918720644000,0,0.00000064,20.97
1621918720644000,0,9.76262936,20.98
1621918745783000,0,0.00000614,20.98
1621918764383000,0,5.00000000,20.98
1621918764461000,0,33.90000000,20.98
1621918764461000,0,9.76343000,20.98
1621918781270000,0,0.00000826,20.98
1621918784568000,0,9.75167107,21.00
1621918805417000,0,19.52913084,20.97
1621918842528000,0,19.51057417,20.99
1621918856130000,0,19.53044000,20.97
1621918875009000,0,9.77760000,20.94
1621918877053000,0,0.00000177,20.94
1621918878679000,0,9.76867000,20.96
1621918922734000,0,9.79793000,20.90
1621918930309000,0,0.00000455,20.90
1621918930309000,0,9.78867429,20.91
1621918951958000,0,9.78258000,20.93
1621919052831000,0,9.83518000,20.82
1621919072232000,0,9.84842000,20.79
1621919106322000,0,0.00000688,20.79
1621919120305000,0,39.00000000,20.74
1621919126036000,0,39.00000000,20.74
1621919153668000,1,33.98968368,20.67
1621919163122000,0,9.88780824,20.71
1621919165295000,0,0.96330275,20.71
1621919286204000,0,39.30000000,20.70
1621919313869000,1,0.00001898,20.62
1621919323468000,0,39.10000000,20.65
1621919335172000,0,39.40000000,20.65
1621919354580000,0,39.50000000,20.64
1621919384093000,0,9.93802660,20.61
1621919405432000,0,39.20000000,20.67
1621919423265000,0,39.40000000,20.71
1621919463852000,0,38.90000000,20.73
1621919474885000,0,39.30000000,20.74
1621919501452000,0,39.10000000,20.77
1621919545123000,0,2.39182692,20.80
1621919581653000,1,4.18260801,20.83
1621919662269000,0,39.00000000,20.79
1621919689491000,0,39.30000000,20.77
1621919706275000,0,39.30000000,20.77
1621919718780000,0,39.10000000,20.83
1621919900955000,0,38.80000000,20.91
1621920069000000,0,0.00000736,20.96
1621920134077000,1,110.00000000,20.93
1621920229545000,0,39.20000000,20.86
1621920260285000,0,38.70000000,20.84
1621920350149000,1,66.84335000,20.96
1621920504930000,0,11.90878701,20.94
1621920556100000,0,38.90000000,20.95
1621920556100000,0,8.90000000,20.96
1621920600241000,0,23.54659252,20.93
1621920674233000,0,39.30000000,20.77
1621920727158000,1,70.00000000,20.70
1621920727158000,1,23.58683712,20.69
1621920745225000,0,105.70000000,20.77
1621920745313000,0,65.00000000,20.77
1621920745416000,0,135.00000000,20.77
1621920745860000,0,74.99041146,20.77
1621920745870000,0,170.00000000,20.77
1621920745910000,0,31.37472781,20.77
1621920745972000,0,100.00000000,20.77
1621920796446000,0,39.50000000,20.69
1621920809718000,0,39.00000000,20.67
1621920812534000,0,39.20000000,20.70
1621920870948000,0,9.11963338,20.73
1621920874864000,1,70.00000000,20.68
1621920899719000,0,39.20000000,20.66
1621920940672000,0,39.40000000,20.61
1621920940672000,0,70.00000000,20.62
1621920940672000,0,85.77537566,20.63
1621921003121000,1,0.97533381,20.51
1621921048706000,0,39.80000000,20.52
1621921095862000,0,39.30000000,20.56
1621921104681000,1,68.60000000,20.59
1621921106685000,1,4.00000000,20.57
1621921197861000,0,39.00000000,20.71
1621921239421000,0,39.60000000,20.64
1621921239833000,0,2.41042848,20.66
1621921270667000,0,39.10000000,20.71
1621921293178000,1,60.00000000,20.81
1621921311701000,1,110.00000000,20.81
1621921356098000,0,39.20000000,20.85
1621921356098000,0,19.66074931,20.85
1621921356098000,0,17.99224652,20.86
1621921369559000,0,39.00000000,20.85
1621921411271000,1,2.36462778,20.75
1621921468590000,0,39.00000000,20.77
1621921481639000,1,18.00000000,20.84
1621921485624000,1,161.84026000,20.83
1621921487937000,0,38.90000000,20.85
1621921513203000,1,9.63287080,20.86
1621921513254000,1,0.19658920,20.86
1621921564906000,0,26.00000000,20.94
1621921594745000,1,120.00000000,20.93
1621921639102000,1,10.00000000,20.99
1621921691992000,1,5.00000000,20.85
1621921733445000,0,38.90000000,20.77
1621921755428000,0,5.00000000,20.82
1621921755901000,0,16.51080000,20.82
1621921774543000,0,1.42658466,20.84
1621921951891000,0,39.00000000,20.81
1621921964180000,1,10.00000000,20.79
1621921977542000,0,39.10000000,20.89
1621922040300000,0,0.96330275,21.02
1621922040300000,0,1.89548230,21.02
1621922151212000,0,70.00000000,21.04
1621922211665000,1,70.00000000,21.08
1621922280308000,0,2.72782195,21.08
1621922288200000,1,65.00000000,21.04
1621922351564000,0,0.97533381,21.12
1621922383554000,1,96.91612000,21.11
1621922384436000,1,0.00000372,21.11
1621922391669000,1,3.00000000,21.11
1621922451221000,0,9.74526265,21.04
1621922451221000,0,2.07745598,21.04
1621922571942000,1,65.00000000,20.91
1621922572018000,1,32.89741000,20.91
1621922576081000,1,0.00000588,20.91
1621922577469000,1,97.96025000,20.89
1621922594542000,0,39.10000000,20.93
1621922630716000,1,0.00000596,20.89
1621922657647000,0,38.70000000,20.91
1621922926719000,0,38.20000000,21.24
1621922926719000,0,70.00000000,21.24
1621922976419000,1,25.32043000,21.26
1621922985880000,1,11.84602000,21.26
1621923000355000,0,9.61137432,21.31
1621923000355000,0,2.50096558,21.32
1621923002903000,1,7.89920335,21.28
1621923009546000,0,1.16622700,21.26
1621923017045000,1,5.02246000,21.23
1621923139986000,1,38.40000000,21.27
1621923216838000,1,37.90000000,21.29
1621923371180000,0,0.94864000,21.35
1621923371290000,0,0.00000479,21.35
1621923386798000,0,38.20000000,21.42
1621923397607000,0,5.00000000,21.44
1621923403668000,0,70.00000000,21.47
1621923403668000,0,37.70000000,21.48
1621923403668000,0,28.45433886,21.49
1621923485977000,0,16.11638733,21.48
1621923853609000,1,19.58900000,21.49
1621924192527000,0,4.63000000,21.52
1621924193160000,0,46.46840148,21.52
1621924230672000,0,37.90000000,21.45
1621924261652000,0,1.41256386,21.53
1621924262671000,0,6.36228518,21.53
1621924280717000,0,37.80000000,21.58
1621924284115000,0,16.25962000,21.60
1621924284355000,0,88.74038000,21.60
1621924284355000,0,60.00000000,21.60
1621924284355000,0,11.97962000,21.60
1621924284792000,0,108.02038000,21.60
1621924284792000,0,32.49367000,21.60
1621924285456000,0,27.50633000,21.60
1621924285456000,0,80.00000000,21.60
1621924285456000,0,65.00000000,21.60
1621924285456000,0,215.00000000,21.60
1621924285456000,0,125.00000000,21.60
1621924285456000,0,120.00000000,21.60
1621924285456000,0,50.00000000,21.60
1621924369015000,0,9.45765000,21.65
1621924372216000,0,0.00000135,21.65
1621924372756000,1,9.45653925,21.65
1621924410283000,0,38.20000000,21.60
1621924410283000,0,27.90467376,21.61
1621924497149000,0,4.59000000,21.70
1621924557729000,0,37.60000000,21.69
1621924557729000,0,9.40000000,21.70
1621924560278000,0,2.73283243,21.69
1621924574214000,0,40.41850828,21.72
1621924674578000,1,37.30000000,21.75
1621924678323000,1,37.20000000,21.75
1621924717830000,1,70.00000000,21.72
1621924743960000,1,15.00000000,21.70
1621924789786000,1,37.10000000,21.76
1621924790044000,0,5.00000000,21.77
1621924800285000,0,0.94493844,21.80
1621924800285000,0,21.80983225,21.81
1621924818011000,1,0.95963479,21.72
1621924867705000,0,5.41864000,21.74
1621924867807000,0,10.00000000,21.74
1621924947927000,0,0.92790697,21.82
1621925045561000,1,70.00000000,21.72
1621925049347000,0,40.10000000,21.70
1621925049347000,0,130.11561093,21.71
1621925066796000,0,0.92062759,21.67
1621925070947000,0,1.25415129,21.67
1621925090842000,0,2.27272727,21.67
1621925400279000,0,1.35861491,21.68
1621925539413000,0,70.00000000,21.74
1621925539413000,0,67.63264367,21.75
1621925639461000,0,12.66820000,21.79
1621925639476000,0,0.00009002,21.79
1621925641857000,1,30.27721000,21.80
1621925658590000,0,3.50000000,21.88
1621925675275000,1,3.14445473,21.82
1621925720933000,1,4.34698000,21.78
1621925722580000,1,0.00000193,21.78
1621925829426000,1,37.20000000,21.80
1621925842678000,1,65.03136000,21.91
1621925905501000,1,2.00000000,21.77
1621925990628000,1,0.93625000,21.76
1621926000524000,0,2.00000000,21.77
1621926000524000,0,44.62313015,21.78
1621926046740000,1,1.00000000,21.75
1621926181107000,1,50.00000000,21.70
1621926234281000,0,4.57471264,21.75
1621926240633000,0,1.81363686,21.75
1621926240725000,0,0.00000001,21.75
1621926342340000,0,36.90000000,21.89
1621926342340000,0,70.00000000,21.89
1621926342340000,0,75.35977168,21.90
1621926352289000,1,152.37228000,21.84
1621926474524000,1,9.69987000,21.82
1621926480280000,0,36.80000000,21.84
1621926480280000,0,70.00000000,21.85
1621926480280000,0,119.69149776,21.86
1621926580899000,1,9.67134000,21.81
1621926580954000,1,0.00000154,21.81
1621926583870000,0,37.00000000,21.82
1621926630658000,0,2.03139322,21.80
1621926664212000,0,18.24014665,21.82
1621926736789000,1,70.00000000,21.78
1621926737284000,0,66.67974000,21.81
1621926738520000,1,1515.00000000,21.76
1621926738644000,0,1303.12000000,21.80
1621926738758000,0,211.88000000,21.81
1621926738917000,1,93.78028670,21.76
1621926738917000,1,70.00000000,21.76
1621926739090000,1,370.00000000,21.75
1621926740101000,0,70.00000000,21.80
1621926740101000,0,390.00000000,21.81
1621926743939000,0,70.00000000,21.79
1621926744604000,0,37.40000000,21.80
1621926747555000,0,66.38028000,21.81
1621926749741000,1,70.00000000,21.78
1621926749741000,1,1162.18000000,21.78
1621926749825000,1,595.00000000,21.77
1621926750007000,0,70.00000000,21.82
1621926750007000,0,1757.18000000,21.83
1621926750321000,1,70.00000000,21.79
1621926750689000,1,70.00000000,21.78
1621926816706000,0,15.00000000,21.85
1621926816988000,1,93.59637485,21.81
1621926816988000,1,69.99999515,21.81
1621926817234000,0,21.80000000,21.85
1621926817234000,0,143.20000000,21.85
1621926817328000,1,14.00000000,21.82
1621926817328000,1,93.59637000,21.81
1621926817452000,1,0.00000485,21.81
1621926817452000,1,14.00000000,21.81
1621926817452000,1,1610.99999515,21.80
1621926817516000,1,165.00000000,21.80
1621926817604000,0,1234.25000000,21.85
1621926817774000,0,145.83282213,21.85
1621926817774000,0,69.99999787,21.85
1621926817864000,1,921.70000485,21.80
1621926817864000,1,313.29999515,21.80
1621926818144000,1,56.00000000,21.81
1621926818144000,1,159.00000000,21.80
1621926960623000,0,70.00000000,21.88
1621926960623000,0,18.13202375,21.89
1621926976466000,0,36.90000000,21.87
1621926990203000,1,200.00000000,21.84
1621927036681000,0,37.40000000,21.80
1621927229131000,0,4.97157267,21.81
1621927229422000,0,32.42842733,21.81
1621927297420000,0,5.00000000,21.75
1621927320333000,0,5.73786321,21.75
1621927370138000,0,5.00000000,21.70
1621927391185000,1,220.03909955,21.60
1621927391188000,1,101.09628868,21.60
1621927396627000,1,70.00000000,21.56
1621927400743000,1,153.42455858,21.51
1621927400905000,0,602.57544142,21.51
1621927401500000,1,42.01441000,21.51
1621927401797000,1,0.00000541,21.51
1621927401877000,1,965.00000000,21.50
1621927402201000,1,35.00000000,21.50
1621927418076000,0,30.33030000,21.50
1621927418076000,0,7.62169791,21.51
1621927418076000,0,30.61161450,21.51
1621927423686000,1,30.77735000,21.43
1621927423686000,1,30.00000000,21.43
1621927423788000,0,695.22265000,21.43
1621927428993000,1,9.55098133,21.40
1621927443791000,0,70.00000000,21.44
1621927448663000,1,70.00000000,21.49
1621927478971000,1,94.95237206,21.51
1621927479072000,0,661.04762794,21.51
1621927521358000,0,11.17326000,21.58
1621927550066000,1,148.64552628,21.60
1621927563239000,0,32.10226746,21.59
1621927604965000,0,1.15138888,21.60
1621927610562000,0,20.00000000,21.60
1621927625062000,1,94.54462345,21.60
1621927642865000,1,94.62894444,21.58
1621927642965000,0,94.62894444,21.58
1621927673892000,1,94.54705202,21.60
1621927740326000,0,37.60000000,21.57
1621927756911000,1,32.00000000,21.58
1621927757356000,0,77.40000000,21.58
1621927758777000,0,646.60000000,21.58
1621927884131000,0,19.42195460,21.47
1621927920294000,0,2.22387527,21.50
1621927923622000,1,147.36546249,21.46
1621927923622000,1,39.48558984,21.45
1621927955876000,1,6.72237196,21.37
1621927973532000,0,352.00000000,21.39
1621927983614000,0,10.14657912,21.38
1621927984457000,0,315.85342000,21.38
1621927988522000,0,0.00000088,21.38
1621928025401000,1,22.49887235,21.38
1621928040318000,0,2.30886235,21.40
1621928084224000,0,38.00000000,21.41
1621928084224000,0,70.00000000,21.41
1621928084224000,0,78.33566760,21.42
1621928085024000,0,38.10000000,21.41
1621928085024000,0,8.54175618,21.41
1621928115713000,1,5.73286000,21.43
1621928122948000,1,5.15983000,21.42
1621928122965000,1,0.00000226,21.42
1621928122965000,1,70.00000000,21.41
1621928122965000,1,66.30843708,21.40
1621928123141000,1,5.15983226,21.41
1621928123294000,0,5.15983226,21.40
1621928203207000,0,11.60755949,21.43
1621928328887000,0,13.93557422,21.42
1621928352418000,1,1.60971000,21.40
1621928352604000,1,0.00000055,21.40
1621928709537000,0,1.20000000,21.41
1621928754916000,1,5.00000000,21.42
1621928769361000,1,6.98414000,21.45
1621928776176000,1,0.00000918,21.45
1621928793578000,1,1.25000000,21.42
1621928881681000,1,16.66991856,21.57
1621928883437000,1,7.85359314,21.55
1621928907913000,0,21.90129749,21.58
1621928930710000,0,1.72880963,21.57
1621928967528000,1,3.83614000,21.53
1621928967609000,1,0.00000553,21.53
1621929223239000,1,25.97643000,21.61
1621929246147000,0,5.74549653,21.65
1621929253974000,1,23.09672798,21.63
1621929296916000,0,37.20000000,21.65
1621929297014000,1,62.80000000,21.65
1621929303127000,1,2.76060295,21.64
1621929348266000,0,1.00000000,21.67
1621929465581000,0,4.60222016,21.62
1621929507230000,0,2.30111008,21.62
1621929564570000,1,42.65753000,21.72
1621929570775000,1,34.11020000,21.73
1621929593884000,1,23.74701000,21.71
1621929661833000,0,3.02851885,21.74
1621929718880000,1,69.84436000,21.80
1621929720307000,1,15.84083634,21.77
1621929725059000,1,51.57501463,21.77
1621929757299000,0,37.10000000,21.84
1621929757299000,0,62.90000000,21.84
1621929840292000,1,1.83487682,21.76
1621929874069000,1,178.85626096,21.67
1621929919596000,1,146.11798000,21.60
1621929919945000,1,135.00000000,21.59
1621929978026000,1,12.00000000,21.51
1621929978026000,1,3.71509181,21.51
1621929995018000,1,30.86000000,21.49
1621929995547000,0,4.62790697,21.50
1621930010896000,0,2.31610800,21.48
1621930036633000,1,5.00000000,21.45
1621930036634000,1,112.53475349,21.45
1621930045170000,1,103.64169733,21.43
1621930047948000,0,37.70000000,21.43
1621930047948000,0,4.08053097,21.47
1621930053877000,0,115.96234000,21.44
1621930100886000,1,2.07036752,21.49
1621930131019000,0,1.00000000,21.54
1621930198273000,1,107.68460000,21.57
1621930203857000,0,46.04442387,21.61
1621930242724000,0,9.02067000,21.70
1621930242777000,0,0.00000607,21.70
1621930242777000,0,46.22066999,21.71
1621930253446000,1,56.33607000,21.71
1621930282816000,1,90.99438246,21.76
1621930293979000,1,82.06445077,21.70
1621930320288000,0,32.89328112,21.74
1621930357821000,1,26.43820224,21.65
1621930387701000,1,4.62000000,21.67
1621930387752000,1,12.48000000,21.67
1621930421306000,0,4.59999999,21.71
1621930477527000,0,4.59999999,21.64
1621930535926000,0,270.00000000,21.52
1621930536045000,0,194.85680000,21.52
1621930650045000,1,18.97044804,21.47
1621930722123000,0,70.00000000,21.36
1621930730322000,1,18.49557000,21.33
1621930752475000,0,0.93442622,21.35
1621930775425000,1,2.00000000,21.28
1621930775425000,1,10.52339000,21.28
1621930775648000,1,10.52242873,21.27
1621930817559000,0,38.10000000,21.38
1621930833048000,1,64.64060000,21.30
1621930841287000,0,1.18000000,21.30
1621930852276000,0,3.48000000,21.33
1621930855571000,1,88.91890000,21.31
1621930856378000,1,88.91890000,21.30
1621930898818000,0,37.80000000,21.33
1621930912927000,1,143.61000000,21.34
1621930913002000,1,0.00756672,21.34
1621930920314000,1,3.99300851,21.32
1621930929223000,1,129.14878129,21.32
1621930929223000,1,95.85724608,21.31
1621930929223000,1,28.31992358,21.31
1621930933833000,1,41.05356995,21.35
1621930933899000,1,86.59815156,21.35
1621930933901000,1,18.91490045,21.35
1621930934134000,1,95.78000000,21.34
1621930934239000,1,50.78113191,21.34
1621930946314000,0,4.38965618,21.26
1621930970751000,1,93.89338903,21.26
1621930970804000,0,70.00000000,21.26
1621930970903000,0,594.10661097,21.26
1621930977465000,1,82.67605680,21.29
1621930977782000,1,1.65352114,21.29
1621930977793000,1,0.03374533,21.29
1621930987792000,1,74.58171230,21.28
1621930988659000,1,14.80768726,21.27
1621930992892000,0,13.30736743,21.31
1621931005843000,1,67.07722412,21.30
1621931005853000,1,1.36892294,21.30
1621931006537000,1,68.44614706,21.29
1621931014640000,0,346.00000000,21.26
1621931026812000,0,370.00000000,21.28
1621931047637000,1,2063.42920000,21.24
1621931047875000,1,132.63320000,21.24
1621931048203000,1,483.73760000,21.24
1621931078049000,0,4.69000000,21.25
1621931098803000,0,40.00000000,21.23
1621931113475000,0,4.69000000,21.27
1621931114615000,0,4.69000000,21.29
1621931126599000,0,4.67000000,21.30
1621931128957000,1,15.13563000,21.27
1621931137715000,1,13.61682000,21.28
1621931160285000,0,9.31817766,21.27
1621931179889000,0,38.30000000,21.26
1621931222024000,1,9.50493000,21.33
1621931246153000,1,9.02841000,21.33
1621931257268000,1,8.12560000,21.33
1621931287091000,1,5.49766000,21.34
1621931292905000,1,4.94906000,21.34
1621931295701000,1,95.77583000,21.33
1621931355791000,0,17.51217228,21.36
1621931449011000,1,58.57432000,21.44
1621931449882000,1,58.57432000,21.43
1621931464410000,1,42.20375345,21.43
1621931464410000,1,95.32008692,21.42
1621931464410000,1,50.47682723,21.42
1621931480838000,1,36.89652000,21.43
1621931484728000,1,33.21655000,21.42
1621931500292000,1,24.42713000,21.43
1621931519703000,1,19.55234000,21.43
1621931520356000,0,4.61241504,21.44
1621931523562000,1,17.59836000,21.42
1621931542542000,1,14.06483000,21.45
1621931558207000,1,11.24664000,21.46
1621931558717000,1,11.24664000,21.45
1621931596304000,1,8.14502000,21.33
1621931596950000,1,0.00000450,21.33
1621931599358000,0,1.00702905,21.34
1621931608811000,1,6.17338000,21.30
1621931619003000,1,5.33200575,21.28
1621931619003000,1,82.80001800,21.27
1621931649838000,1,56.97185570,21.29
1621931649942000,1,4.32638693,21.29
1621931651102000,0,6.96050265,21.30
1621931669283000,1,95.92864484,21.29
1621931669283000,1,3.46083455,21.29
1621931669382000,0,75.82282000,21.29
1621931669424000,0,0.00000033,21.29
1621931669485000,0,11.68803868,21.32
1621931682659000,1,49.61182000,21.33
1621931684103000,1,49.61182000,21.32
1621931737565000,0,2.54102203,21.33
1621931777706000,1,27.47415000,21.33
1621931806686000,0,90.00000000,21.36
1621931865672000,1,95.71101000,21.35
1621931887446000,1,63.54807000,21.29
1621931901653000,0,70.00000000,21.23
1621931964895000,1,0.94580535,21.15
1621931964895000,1,109.77419465,21.15
1621931989829000,1,130.42046000,21.15
1621931990388000,1,130.46487836,21.14
1621932028699000,1,77.40328935,21.15
1621932028702000,1,0.00000001,21.15
1621932028852000,1,87.79000000,21.11
1621932029241000,1,77.40328000,21.12
1621932038821000,0,1.20659816,21.11
1621932056385000,0,275.00000000,21.09
1621932099735000,0,144.43796000,21.10
1621932101189000,0,0.00000033,21.10
1621932108288000,1,4.90000000,21.06
1621932138577000,0,38.40000000,21.07
1621932159311000,1,69.36000000,21.08
1621932159380000,1,0.00045041,21.08
1621932168078000,1,0.10000000,21.06
1621932180209000,0,1.21066586,21.04
1621932186447000,0,37.08933000,21.04
1621932205318000,0,38.50000000,21.10
1621932219932000,0,38.50000000,21.12
1621932230734000,0,305.61230000,21.13
1621932230859000,0,175.00000000,21.13
1621932230965000,0,64.33790000,21.13
1621932231053000,0,0.00000556,21.13
1621932245759000,1,41.20613000,21.09
1621932257445000,0,2.00000000,21.08
1621932282594000,0,2.51162791,21.09
1621932282666000,1,40.99004000,21.07
1621932282753000,1,0.00000398,21.07
1621932298417000,0,38.60000000,21.06
1621932304417000,0,474.32356862,21.09
1621932311995000,0,240.00000000,21.11
1621932342114000,1,104.28145000,21.13
1621932374101000,1,83.37192000,21.14
1621932407942000,1,67.40073000,21.18
1621932433323000,0,38.20000000,21.19
1621932436758000,1,54.12981000,21.20
1621932489767000,1,31.09801000,21.07
1621932502507000,0,38.70000000,21.05
1621932524000000,0,474.88213000,21.06
1621932533694000,0,38.30000000,21.06
1621932697774000,0,38.60000000,21.00
1621932697858000,1,33.12984686,20.97
1621932697858000,1,101.61352932,20.95
1621932697905000,1,11.43143297,20.96
1621932720296000,0,14.88915092,21.02
1621932726710000,1,97.26056932,21.00
1621932726710000,1,28.00000000,20.99
1621932726710000,1,32.34375255,20.99
1621932726710000,1,87.72162908,20.98
1621932738551000,1,29.14323000,20.96
1621932743521000,1,46.00975860,20.94
1621932749210000,1,14.59277927,20.96
1621932755562000,1,13.14237000,20.95
1621932781062000,1,11.92898000,20.97
1621932781295000,1,0.00000693,20.97
1621932781295000,1,2.54101510,20.96
1621932887357000,0,23.63981042,21.10
1621932896547000,1,2.41237000,21.06
1621933023315000,0,474.64323008,21.07
1621933039809000,1,49.52243000,21.10
1621933080335000,0,2.34588151,21.14
1621933096444000,1,37.79112544,21.08
1621933108208000,1,34.02853000,21.08
1621933109330000,1,34.03854000,21.07
1621933141447000,1,24.48146348,21.08
1621933152096000,1,22.06717000,21.07
1621933161084000,1,22.17006000,21.08
1621933161720000,1,22.17006000,21.07
1621933192494000,0,230.00000000,21.11
1621933199706000,1,18.30174000,21.09
1621933254701000,0,38.30000000,21.16
1621933259013000,1,96.52711403,21.15
1621933287256000,0,472.38154478,21.17
1621933288862000,0,38.20000000,21.18
1621933337076000,1,141.88224909,21.17
1621933422779000,0,7.00000000,21.22
1621933424317000,1,159.91000000,21.19
1621933436406000,0,38.30000000,21.20
1621933436406000,0,55.57028301,21.20
1621933448056000,0,1.81435142,21.19
1621933463347000,0,472.92842014,21.15
1621933508327000,1,96.66000000,21.12
1621933508358000,1,0.00874719,21.12
1621933558584000,1,4.73000000,21.18
1621933558608000,1,12.76000000,21.18
1621933656370000,1,158.31487000,21.20
1621933682002000,0,1.17586044,21.21
1621933723175000,0,4.70976875,21.19
1621933875418000,1,139.23685956,21.22
1621933881184000,1,125.40942000,21.21
1621933920270000,0,36.02410373,21.24
1621933978393000,0,470.70745000,21.25
1621933985724000,1,96.05175653,21.25
1621933987939000,0,181.84415000,21.29
1621933996782000,0,4.70000000,21.33
1621934012666000,1,192.28166000,21.27
1621934019698000,1,154.09299000,21.23
1621934019818000,1,0.00000904,21.23
1621934020011000,1,154.09299000,21.22
1621934026796000,1,123.32555582,21.23
1621934026796000,1,1083.31000000,21.22
1621934026796000,1,2526.44000000,21.22
1621934026796000,1,63.59700000,21.22
1621934077015000,1,111.75028817,21.21
1621934104105000,1,89.71036000,21.24
1621934123902000,0,1.65000000,21.18
1621934154100000,0,96.54072000,21.17
1621934165561000,1,67.97460000,21.13
1621934288732000,1,4.00000000,21.16
1621934288732000,1,61.32490848,21.16
1621934289251000,1,150.91849139,21.15
1621934348605000,1,49.62174277,21.20
1621934435403000,0,103.64995000,21.32
1621934446387000,0,95.92173000,21.31
1621934457705000,0,95.89652000,21.30
1621934463552000,0,0.00000498,21.30
1621934473923000,0,0.00000763,21.31
1621934478860000,1,23.17300473,21.31
1621934519228000,1,22.21037000,21.35
1621934519352000,1,0.00000203,21.35
1621934529299000,1,20.00092621,21.33
1621934530559000,0,70.00000000,21.34
1621934530559000,0,38.20000000,21.35
1621934530559000,0,429.87447306,21.35
1621934598092000,1,69.43100000,21.38
1621934604666000,1,51.00504000,21.35
1621934605620000,1,0.00000580,21.35
1621934606149000,1,50.98786000,21.34
1621934629294000,1,35.69673000,21.35
1621934632635000,1,0.00000290,21.34
1621934636266000,0,1.61551078,21.35
1621934645754000,1,28.96072258,21.34
1621934653309000,0,95.73502000,21.36
1621934655227000,0,0.00000017,21.36
1621934659825000,1,26.02770423,21.37
1621934661447000,1,26.02770000,21.35
1621934686967000,1,20.82658045,21.36
1621934688680000,1,20.82658000,21.34
1621934726362000,0,70.00000000,21.26
1621934726362000,0,23.59379407,21.27
1621934746224000,0,58.00000000,21.26
1621934746224000,0,96.11056863,21.27
1621934746224000,0,38.30000000,21.27
1621934749184000,1,12.22766731,21.23
1621934856180000,1,7.17196000,21.12
1621934883703000,0,440.00000000,21.17
1621934884010000,0,32.48156000,21.17
1621934944639000,0,1.17670870,21.14
1621934970166000,0,155.91185000,21.09
1621934982228000,1,15.38537859,21.12
1621934984809000,1,20.83612330,21.12
1621934984809000,1,85.86523820,21.12
1621935000529000,0,14.00366735,21.12
1621935017895000,1,3.35778838,21.15
1621935023681000,1,116.65686000,21.16
1621935038652000,0,290.00000000,21.18
1621935038753000,0,177.52209000,21.18
1621935039373000,0,4.83852000,21.18
1621935045139000,0,0.00000414,21.18
1621935127766000,1,152.10939000,21.23
1621935160702000,1,110.09076000,21.18
1621935164319000,1,99.18468000,21.16
1621935167376000,0,4.69901083,21.16
1621935207477000,1,29.85401000,21.08
1621935224690000,1,15.00000000,21.00
1621935229033000,0,150.00000000,21.03
1621935229142000,0,136.40032000,21.03
1621935229252000,0,251.67415000,21.03
1621935234578000,1,12.12283000,21.01
1621935250216000,0,0.00000306,21.03
1621935252846000,1,1.18903456,21.02
1621935255037000,1,9.69587000,21.03
1621935256229000,1,9.69587000,21.01
1621935287808000,0,8.94969635,20.96
1621935321091000,1,5.22709000,20.97
1621935321333000,1,0.00000509,20.97
1621935346325000,0,16.60705770,20.93
1621935406942000,1,7.51203620,20.87
1621935406942000,1,97.81493585,20.86
1621935406942000,1,42.53012754,20.86
1621935407158000,1,7.51203620,20.85
1621935407158000,1,97.86092649,20.82
1621935407158000,1,29.37041349,20.81
1621935416888000,1,2.51834128,20.84
1621935451078000,0,138.68887823,20.86
1621935476270000,1,23.12371801,20.84
1621935486004000,0,100.36600311,20.87
1621935486033000,0,73.57985007,20.87
1621935490918000,0,5.06751000,20.93
1621935572614000,1,66.10467376,20.87
1621935624481000,1,45.61766000,20.93
1621935672645000,1,31.39161000,20.89
1621935694637000,0,35.66603144,20.87
1621935711792000,0,10.00000000,20.89
1621935727118000,1,26.39985000,20.92
1621935753840000,0,2.35420650,20.92
1621935776660000,1,24.83436000,20.95
1621935802593000,1,22.16752000,20.98
1621935850747000,1,15.45394000,20.96
1621935859998000,0,486.94978763,20.98
1621935864977000,1,9.26037000,20.98
1621935883608000,0,375.12531000,20.99
1621935905606000,1,48.93756000,20.97
1621935914612000,1,44.07629000,20.95
1621935968847000,1,97.65582112,20.90
1621935969620000,1,97.65582000,20.90
1621935977378000,1,29.19524511,20.91
1621935977378000,1,97.61537489,20.91
1621935979496000,1,0.00001454,20.91
1621935979620000,1,0.00000112,20.90
1621935979620000,1,97.70050888,20.89
1621935996061000,0,97.69114000,20.89
1621936004278000,1,97.74883236,20.88
1621936004278000,1,21.04642764,20.88
1621936004992000,1,21.04643000,20.87
1621936044161000,1,13.62622000,20.91
1621936123048000,1,7.56015000,20.98
1621936143532000,1,6.81082000,20.96
1621936308059000,0,9.50788342,20.93
1621936328990000,1,4.36639033,20.92
1621936328990000,1,6.63360967,20.92
1621936340907000,1,18.61538000,20.92
1621936355091000,0,1.42417683,20.94
1621936370419000,0,4.75406056,20.96
1621936388853000,1,12.46521000,20.92
1621936397098000,1,11.22447503,20.89
1621936398286000,1,11.22447000,20.88
1621936408435000,0,5.09425000,20.90
1621936421276000,0,0.00000271,20.90
1621936437048000,1,7.72479000,20.93
1621936443481000,1,6.95524000,20.92
1621936458566000,0,5.34145176,20.94
1621936475358000,1,6.62316196,20.92
1621936507730000,0,1.99999999,20.92
1621936507732000,0,0.00000001,20.92
1621936528575000,0,2.84563835,20.97
1621936629582000,1,4.18907000,20.93
1621936630063000,1,4.18907000,20.92
1621936697692000,1,2.67907000,20.96
1621936905073000,1,1.00000000,20.78
1621936905679000,1,5.00000000,20.77
1621936914976000,0,0.95913461,20.80
1621936920327000,1,9.59034972,20.74
1621936965127000,0,1.68000000,20.75
1621936969878000,1,1.20000000,20.73
1621936972161000,1,5.00000000,20.71
1621936972161000,1,0.96574036,20.71
1621937036103000,1,66.99253000,20.62
1621937074158000,1,36.46802000,20.63
1621937095586000,1,0.00000930,20.63
1621937101932000,1,4.85152838,20.61
1621937102736000,1,1.00000000,20.60
1621937104203000,0,1.69000000,20.59
1621937128621000,1,74.78225000,20.51
1621937137319000,1,1.00000000,20.50
1621937137319000,1,123.62146000,20.50
1621937137523000,1,0.00000341,20.50
1621937137523000,1,99.99999659,20.49
1621937137588000,1,7.66134119,20.49
1621937137641000,1,6.36228518,20.49
1621937138284000,1,2.15403000,20.49
1621937147258000,1,39.50000000,20.45
1621937147258000,1,99.70595611,20.45
1621937147258000,1,70.00000000,20.45
1621937147258000,1,74.36294209,20.43
1621937153100000,0,4.84668717,20.50
1621937172050000,0,215.00000000,20.52
1621937172155000,0,104.49232000,20.52
1621937172253000,0,90.00000000,20.52
1621937189046000,0,270.00000000,20.45
1621937189159000,0,219.55635000,20.45
1621937193318000,0,160.13194000,20.45
1621937193396000,0,105.00000000,20.45
1621937193491000,0,224.12673000,20.45
1621937196934000,1,6.00000000,20.42
1621937201070000,1,49.00000000,20.40
1621937208921000,0,1.71000000,20.36
1621937209198000,1,22.00000000,20.31
1621937209843000,1,39.60000000,20.28
1621937209843000,1,100.46277099,20.27
1621937209843000,1,9.93722901,20.27
1621937209924000,1,151.34854333,20.27
1621937209924000,1,57.90519600,20.27
1621937210827000,0,1.72000000,20.34
1621937219882000,1,62.10226746,20.36
1621937311280000,0,19.48164221,20.43
1621937321482000,1,2.64784946,20.34
1621937342600000,1,4.93000000,20.25
1621937387034000,0,155.87327000,20.30
1621937441693000,1,275.00000000,20.26
1621937441993000,1,218.47730336,20.26
1621937469735000,0,280.00000000,20.26
1621937469834000,0,27.50972132,20.26
1621937476303000,0,31.37906023,20.23
1621937482186000,0,100.89572000,20.25
1621937498041000,1,17.30000000,20.20
1621937504005000,1,495.31341661,20.19
1621937504510000,1,1012.36771776,20.18
1621937504610000,1,100.00000000,20.18
1621937504724000,1,865.00000000,20.18
1621937504809000,1,797.62814000,20.18
1621937504881000,1,150.00000000,20.18
1621937505050000,1,1012.61320875,20.18
1621937505168000,1,300.00000000,20.18
1621937505312000,1,100.00000000,20.18
1621937505422000,1,50.00000000,20.18
1621937505606000,1,1012.94918360,20.18
1621937505749000,1,20.62372828,20.18
1621937506103000,1,1012.75727423,20.18
1621937506199000,1,27.64446425,20.18
1621937506332000,1,543.34105894,20.18
1621937506482000,1,53.13914885,20.18
1621937506483000,1,0.00000001,20.18
1621937511362000,1,4.99999999,20.16
1621937511362000,1,0.00000001,20.16
1621937511362000,1,3.49999999,20.16
1621937511488000,1,0.00000001,20.16
1621937520355000,1,34.00000000,20.10
1621937520355000,1,86.18700000,20.09
1621937520355000,1,1.42554067,20.09
1621937521239000,1,34.21714285,20.10
1621937540461000,1,0.99656186,20.07
1621937547449000,1,2.03269299,20.03
1621937549754000,0,0.99550898,20.04
1621937552177000,1,87.00000000,20.00
1621937552177000,1,200.00000000,20.00
1621937552177000,1,1.00000000,20.00
1621937552177000,1,1.00000000,20.00
1621937552177000,1,30.00000000,20.00
1621937552177000,1,7.50000000,20.00
1621937552177000,1,20.00000000,20.00
1621937552920000,1,8.00000000,19.93
1621937552977000,1,36.00000000,19.93
1621937553042000,1,3.53780313,19.94
1621937553088000,1,6.66597279,19.94
1621937553131000,1,22.88148408,19.94
1621937553131000,1,87.66459719,19.93
1621937553188000,1,12.00000000,19.93
1621937553238000,1,100.00000000,19.94
1621937553297000,1,56.04612890,19.94
1621937553297000,1,68.95387110,19.94
1621937553955000,1,1.14239779,19.94
1621937554004000,1,9.77046789,19.94
1621937578439000,1,32.96076508,20.05
1621937682860000,1,127.04463000,20.13
1621937685549000,1,14.95000000,20.10
1621937685551000,1,4.98000000,20.10
1621937715541000,1,260.00000000,20.07
1621937726948000,1,4.00000000,19.97
1621937768720000,1,500.57015205,19.97
1621937784224000,0,4.97000000,20.00
1621937784491000,0,71.90897271,20.00
1621937802037000,0,39.06666161,20.10
1621937811039000,0,2.80123247,20.15
1621937811732000,1,2.00000000,20.11
1621937828941000,0,70.00000000,20.19
1621937840317000,1,4.09630000,20.21
1621937857970000,1,70.00000000,20.26
1621937857970000,1,52.80123000,20.25
1621937858192000,1,140.00000000,20.25
1621937865029000,1,4.94000000,20.26
1621937865030000,1,14.82000000,20.26
1621937869479000,1,4.00000000,20.30
1621937881778000,1,7.07000000,20.33
1621937882211000,1,2.50000000,20.33
1621937902736000,0,0.99550898,20.34
1621937909312000,1,491.38204369,20.33
1621937913983000,1,5.00000000,20.31
1621937914172000,1,487.09576612,20.31
1621937914337000,0,0.98130841,20.33
1621937917110000,0,60.37786000,20.30
1621937930410000,0,235.00000000,20.29
1621937930574000,0,178.62664000,20.29
1621938086214000,0,140.00000000,20.32
1621938086322000,0,352.10567000,20.32
1621938149784000,0,491.38513000,20.36
1621938165952000,1,490.31221000,20.39
1621938222309000,0,78.66155437,20.41
1621938253670000,1,4.00000000,20.26
1621938270457000,0,492.76113000,20.30
1621938270789000,1,150.18241685,20.27
1621938270869000,1,20.93351926,20.27
1621938270870000,1,22.02845802,20.27
1621938270944000,1,299.89656979,20.27
1621938284853000,1,2.78203842,20.24
1621938325574000,0,495.26404000,20.20
1621938345415000,1,495.25453000,20.17
1621938348824000,0,495.29838000,20.20
1621938356200000,1,495.23630000,20.18
1621938458756000,1,4.00000000,20.04
1621938508442000,0,497.64931000,20.11
1621938516525000,0,285.00000000,20.11
1621938516611000,0,206.23594000,20.11
1621938516695000,0,6.26733000,20.11
1621938534560000,0,145.00000000,20.14
1621938534666000,0,125.00000000,20.14
1621938534787000,0,179.89955000,20.14
1621938537231000,1,101.39356896,20.11
1621938537231000,1,148.60643104,20.11
1621938540923000,1,14.93000000,20.06
1621938543149000,0,248.83312000,20.09
1621938543489000,1,21.18680667,20.06
1621938545290000,1,4.98000000,20.08
1621938583603000,1,4.00000000,20.09
1621938617239000,1,201.98624038,20.07
1621938657837000,0,115.00000000,20.21
1621938657918000,0,252.73226585,20.21
1621938720214000,0,125.00000000,20.13
1621938720340000,1,36.00000000,20.11
1621938728703000,1,160.00000000,20.07
1621938728814000,1,265.00000000,20.07
1621938731026000,1,497.66000000,20.03
1621938731039000,1,0.00739036,20.03
1621938731336000,1,4.00000000,20.02
1621938743411000,1,70.00000000,19.92
1621938747529000,1,4.00000000,19.92
1621938753231000,1,53.25000000,19.92
1621938753242000,1,359.15679161,19.92
1621938757262000,1,33.16843000,19.89
1621938757262000,1,889.60371225,19.89
1621938758949000,1,455.58000000,19.89
1621938758952000,1,709.34804656,19.89
1621938759047000,1,646.57824119,19.89
1621938759945000,1,32.56877000,19.88
1621938764649000,0,70.00000000,19.91
1621938764649000,0,130.35742971,19.92
1621938784710000,0,90.56611000,19.90
1621938791942000,0,20.55703954,19.90
1621938791942000,0,40.80000000,19.90
1621938791942000,0,49.75928046,19.90
1621938799001000,1,150.70000000,19.86
1621938810220000,0,135.00000000,19.85
1621938810322000,0,119.01757000,19.85
1621938810428000,0,62.15954000,19.85
1621938815166000,0,138.08430916,19.85
1621938815170000,0,10.20545333,19.85
1621938815514000,0,137.84046000,19.85
1621938815600000,0,9.10907947,19.85
1621938829201000,1,50.50000000,19.80
1621938829201000,1,4.93429814,19.80
1621938829213000,1,12.66570186,19.80
1621938829213000,1,1.01021836,19.80
1621938829213000,1,103.03966985,19.80
1621938829213000,1,111.65458741,19.79
1621938829265000,1,94.24615434,19.79
1621938830522000,1,86.18700000,19.76
1621938840303000,1,5.33310636,19.77
1621938852432000,0,30.93019955,19.83
1621938852432000,0,0.03717045,19.83
1621938854963000,1,35.26689364,19.77
1621938855988000,1,161.62401243,19.76
1621938870593000,0,20.70354000,19.75
1621938883728000,1,105.23503520,19.66
1621938884032000,1,114.13521562,19.65
1621938884220000,1,390.38001336,19.65
1621938890900000,1,154.60952599,19.62
1621938890900000,1,70.00000000,19.62
1621938893816000,0,4.05999999,19.65
1621938897009000,0,164.69437000,19.67
1621938976671000,1,4.00000000,19.69
1621938976671000,1,4.00000000,19.69
1621939004329000,1,6.72778835,19.60
1621939013606000,1,10.00000000,19.57
1621939016839000,0,75.16955223,19.57
1621939037683000,1,56.80167988,19.61
1621939068418000,1,12.14879425,19.64
1621939074053000,1,207.69242971,19.65
1621939074253000,1,70.00000000,19.65
1621939077463000,0,250.00000000,19.68
1621939077570000,0,32.75911000,19.68
1621939082820000,0,0.00000530,19.68
1621939083418000,0,41.00000000,19.70
1621939093593000,1,430.05891000,19.73
1621939094326000,1,506.74801000,19.72
1621939099355000,0,0.00000528,19.75
1621939109292000,0,34.71955533,19.79
1621939119125000,0,70.00000000,19.79
1621939119125000,0,51.63000000,19.79
1621939122775000,1,505.81722810,19.77
1621939126761000,0,0.00701349,19.79
1621939126761000,0,81.50000000,19.79
1621939134725000,0,436.13905320,19.80
1621939179722000,1,4.00000000,19.71
1621939215493000,1,20.13953473,19.67
1621939216167000,1,21.16046526,19.67
1621939216177000,1,0.00000001,19.67
1621939220612000,0,125.24100000,19.66
1621939220734000,0,110.00000000,19.66
1621939220867000,0,274.12039000,19.66
1621939223157000,1,103.95821877,19.61
1621939226030000,1,51.35804241,19.63
1621939265036000,1,509.62188000,19.60
1621939294451000,1,155.00000000,19.53
1621939294547000,1,356.44179000,19.53
1621939295003000,1,511.78161169,19.54
1621939296488000,1,511.78161000,19.51
1621939298662000,1,5.00000000,19.50
1621939299374000,1,313.98537083,19.43
1621939299374000,1,86.18700000,19.42
1621939299374000,1,698.70820805,19.41
1621939299438000,1,5.00000000,19.43
1621939316298000,0,3.10000000,19.54
1621939334297000,0,512.76695330,19.51
1621939354164000,1,3.13695600,19.49
1621939366200000,0,6.87000000,19.63
1621939366244000,0,4.78000000,19.63
1621939383456000,0,34.87817258,19.70
1621939410349000,0,70.00000000,19.60
1621939412730000,1,4.00000000,19.56
1621939435727000,0,100.00000000,19.73
1621939440428000,1,31.84747472,19.70
1621939451213000,1,507.77925000,19.69
1621939456751000,1,435.00000000,19.64
1621939477695000,0,190.00000000,19.62
1621939485301000,0,104.31460000,19.61
1621939486161000,0,140.00000000,19.62
1621939501583000,0,508.86424000,19.65
1621939502020000,0,103.97467000,19.66
1621939540567000,1,506.97600000,19.70
1621939545395000,0,506.78816000,19.74
1621939562458000,0,2.78203000,19.76
1621939563531000,0,0.00000842,19.76
1621939570779000,1,181.01051000,19.78
1621939580128000,1,919.96612740,19.78
1621939588487000,0,505.48113000,19.79
1621939616769000,1,170.48113000,19.81
1621939618532000,1,14.09701000,19.84
1621939620035000,1,0.00000869,19.84
1621939628969000,0,135.00000000,19.87
1621939629068000,0,85.00000000,19.87
1621939629172000,0,154.09701000,19.87
1621939629258000,0,90.00000000,19.87
1621939629373000,0,39.51417000,19.87
1621939668671000,1,180.00000000,19.84
1621939681025000,1,1.33138252,19.83
1621939723754000,0,17.60000000,19.99
1621939726043000,1,512.55733600,19.97
1621939743673000,0,125.67300951,19.96
1621939746652000,1,80.00000000,19.93
1621939774023000,0,332.62587763,19.89
1621939781668000,0,100.48583000,19.88
1621939781772000,0,125.00000000,19.88
1621939781883000,0,135.46487000,19.88
1621939781976000,0,0.00000011,19.88
1621939808455000,1,85.46487000,19.88
1621939808556000,1,255.00000000,19.88
1621939808661000,1,125.00000000,19.88
1621939808742000,1,37.36574000,19.88
1621939815931000,1,370.00000000,19.90
1621939819004000,1,280.00000000,19.90
1621939819114000,1,140.00000000,19.90
1621939819282000,1,124.41859000,19.90
1621939834190000,1,502.01538000,19.92
1621939840928000,0,465.00000000,19.94
1621939841027000,0,36.70620000,19.94
1621939860566000,0,140.00000000,19.95
1621939880763000,1,415.00000000,19.97
1621939881029000,1,85.59579000,19.97
1621939885133000,0,200.00000000,19.99
1621939885254000,0,180.13101000,19.99
1621939886818000,0,380.13101000,20.00
1621939894876000,1,287.57272000,20.00
1621939894966000,1,212.25178000,20.00
1621939905919000,0,237.25178000,20.01
1621939906018000,0,216.38208000,20.01
1621939920346000,0,2.99552697,20.02
1621939935284000,0,2.48976535,20.03
1621939968496000,0,70.00000000,20.05
1621939968496000,0,119.05134596,20.06
1621939975478000,1,101.87284797,20.03
1621940029127000,0,245.00000000,20.00
1621940029217000,0,59.03326479,20.00
1621940029217000,0,29.37254421,20.00
1621940062136000,1,20.00000000,20.12
1621940074360000,0,247.15499200,20.11
1621940076067000,1,201.03677000,20.09
1621940144188000,1,498.40443000,20.06
1621940216974000,0,233.18925000,20.01
1621940303440000,0,1.30715357,19.99
1621940381100000,0,1.97098549,19.91
1621940412846000,1,2.10000000,19.99
1621940425271000,0,28.05002000,20.07
1621940494084000,1,4.96000000,20.19
1621940510798000,0,14.82317979,20.19
1621940517890000,1,4.96000000,20.19
1621940636498000,0,15.91029438,20.24
1621940636498000,0,33.25077281,20.24
1621940647405000,0,184.68187453,20.22
1621940647405000,0,40.20000000,20.22
1621940647405000,0,11.41486137,20.22
1621940681637000,1,10.58017765,20.23
1621940696753000,1,493.80386000,20.24
1621940734886000,0,197.17551000,20.26
1621940745417000,0,217.02349000,20.23
1621940756643000,1,494.16016166,20.23
1621940804239000,0,165.00000000,20.21
1621940821639000,0,8.00000000,20.22
1621940846483000,0,187.90470000,20.20
1621940874860000,0,148.06548000,20.19
1621940878754000,0,149.93309349,20.22
1621941009553000,0,94.79236000,20.26
1621941015623000,1,375.00000000,20.28
1621941015716000,1,118.06152000,20.28
1621941088253000,1,21.79085000,20.13
1621941094229000,1,0.00000945,20.13
1621941120286000,1,1.54387251,20.11
1621941154277000,0,71.57683000,20.13
1621941197820000,0,91.65822000,20.01
1621941243170000,0,69.16094000,20.00
1621941243532000,0,102.19033840,20.01
1621941243532000,0,69.16093160,20.01
1621941244958000,0,69.16094608,20.02
1621941262552000,0,27.72499000,20.06
1621941263363000,0,27.72499000,20.07
1621941287866000,0,27.98803000,19.99
1621941288420000,0,27.98803000,20.00
1621941309337000,0,14.69332000,20.06
1621941312849000,0,12.03903000,20.08
1621941341618000,0,14.36229269,20.15
1621941341618000,0,22.66169654,20.16
1621941363550000,1,140.93967000,20.17
1621941363664000,1,305.00000000,20.17
1621941364649000,1,320.00000000,20.16
1621941364748000,1,175.67819000,20.16
1621941390582000,0,160.67819000,20.11
1621941392970000,1,220.00000000,20.10
1621941398031000,0,205.87704000,20.13
1621941424746000,1,215.87704000,20.10
1621941424837000,1,281.38229000,20.10
1621941453967000,1,499.17076000,20.01
1621941475337000,1,460.00000000,20.01
1621941475516000,1,39.60473000,20.01
1621941491623000,1,2.75004000,19.94
1621941491934000,1,0.00000116,19.94
1621941494128000,0,42.00000000,19.92
1621941509274000,1,215.00000000,19.92
1621941509352000,1,286.63491000,19.92
1621941520739000,1,220.00000000,19.89
1621941520840000,1,137.45727000,19.89
1621941520957000,1,80.00000000,19.89
1621941526122000,1,110.00000000,19.84
1621941526195000,1,50.00000000,19.84
1621941533095000,1,1.33859737,19.80
1621941533551000,1,164.93386202,19.77
1621941533551000,1,70.00000000,19.77
1621941533551000,1,16.18605367,19.74
1621941543054000,1,12.73295889,19.78
1621941562009000,0,70.00000000,19.78
1621941591857000,0,12.00000000,19.74
1621941636822000,0,155.94683000,19.85
1621941729177000,1,17.94683000,19.81
1621941744524000,0,503.08926448,19.89
1621941744804000,0,235.00000000,19.90
1621941754177000,1,120.00000000,19.89
1621941759986000,1,180.00000000,19.86
1621941766671000,0,248.43438914,19.89
1621941773518000,0,90.00000000,19.88
1621941773623000,0,316.91074000,19.88
1621941803382000,0,428.52117000,19.90
1621941815050000,0,132.71518000,19.92
1621941835605000,0,70.00000000,19.96
1621941840384000,1,2.98725738,19.95
1621941847573000,1,146.23635000,19.91
1621941849073000,1,4.00000000,19.87
1621941870035000,1,370.00000000,19.92
1621941880392000,0,160.00000000,19.92
1621941902746000,0,503.72510414,19.87
1621941911294000,0,477.02253000,19.85
1621941934118000,0,299.17225000,19.86
1621941934517000,0,298.80923000,19.87
1621941946559000,0,83.67440000,19.88
1621941949268000,0,83.67440000,19.90
1621941953981000,0,146.22442000,19.92
1621941958111000,1,70.00000000,19.94
1621941960446000,1,5.59430556,19.91
1621941971292000,1,70.00000000,20.02
1621942013813000,0,230.29025000,20.08
1621942048734000,0,115.33878000,20.05
1621942054715000,0,94.54329000,20.07
1621942080354000,1,22.84197803,20.09
1621942111807000,0,2.75000000,20.14
1621942111819000,0,0.00004116,20.14
1621942118321000,0,1.23473945,20.15
1621942118431000,1,496.68629000,20.12
1621942174849000,1,39.90000000,20.11
1621942178206000,1,310.00000000,20.10
1621942207374000,1,265.00000000,20.03
1621942272913000,0,399.10977000,19.97
1621942294215000,0,255.51262000,19.94
1621942307634000,0,1.76000000,19.91
1621942309744000,0,1.76000000,19.92
1621942320093000,1,503.21976000,19.84
1621942333789000,0,289.89755000,19.93
1621942342234000,1,501.16726000,19.90
1621942359500000,0,4.01999999,19.84
1621942368537000,1,225.00000000,19.81
1621942387284000,0,385.80255000,19.82
1621942388163000,0,385.60802128,19.85
1621942395763000,1,503.48384000,19.86
1621942407264000,1,370.22295000,19.85
1621942413613000,0,10.01031062,19.84
1621942425122000,0,245.00000000,19.84
1621942427125000,1,41.00000000,19.82
1621942428827000,1,249.00000000,19.81
1621942428911000,1,55.00000000,19.81
1621942432906000,0,170.00000000,19.81
1621942434937000,0,2.50000000,19.82
1621942453899000,1,41.00000000,19.85
1621942454940000,0,383.96885000,19.85
1621942456682000,1,40.50000000,19.84
1621942459130000,1,40.60000000,19.82
1621942460189000,0,273.13115000,19.83
1621942460279000,0,41.56831000,19.83
1621942464328000,1,504.45923000,19.81
1621942482885000,0,364.42195000,19.81
1621942489070000,1,40.70000000,19.76
1621942492559000,0,298.86963000,19.75
1621942499462000,1,41.00000000,19.74
1621942500119000,0,245.04974000,19.75
1621942510764000,1,505.13562000,19.79
1621942514976000,1,41.10000000,19.77
1621942514976000,1,40.00000000,19.77
1621942514976000,1,51.98073270,19.76
1621942533481000,1,41.00000000,19.77
1621942534037000,1,40.80000000,19.76
1621942544261000,1,103.15515343,19.76
1621942544261000,1,40.89999657,19.76
1621942560290000,1,55.22441182,19.77
1621942562601000,1,190.00000000,19.78
1621942562731000,1,227.75963000,19.78
1621942562886000,1,87.77077000,19.78
1621942579963000,1,40.50000000,19.82
1621942588808000,1,265.00000000,19.82
1621942589650000,1,41.00000000,19.81
1621942589650000,1,134.00000000,19.81
1621942598238000,0,92.24000000,19.82
1621942606339000,1,251.72923000,19.82
1621942637830000,0,455.04000000,19.85
1621942637830000,0,0.00386558,19.85
1621942640334000,1,503.76841167,19.85
1621942640334000,1,102.70048561,19.84
1621942640334000,1,1101.06000000,19.83
1621942640334000,1,86.18700000,19.83
1621942640334000,1,63.59700000,19.83
1621942640334000,1,41.00000000,19.83
1621942640334000,1,102.79543852,19.82
1621942640413000,0,11.73036295,19.82
1621942640438000,0,240.00000000,19.82
1621942640463000,0,476.10702605,19.82
1621942640473000,0,17.92300000,19.82
1621942640484000,0,782.16323754,19.82
1621942640592000,0,48.77886662,19.87
1621942660118000,0,502.06000000,19.93
1621942660126000,0,0.00558250,19.93
1621942669740000,0,1.76000000,19.98
1621942680830000,1,8.43346296,19.94
1621942685883000,0,7.51000000,19.98
1621942697895000,0,432.21195000,19.98
1621942698002000,0,0.00000482,19.98
1621942720460000,1,127.21753000,20.00
1621942823751000,0,315.00000000,20.04
1621942823859000,0,60.49382000,20.04
1621942838305000,0,220.00000000,20.10
1621942838383000,0,32.14614000,20.10
1621942863468000,1,40.30000000,20.08
1621942863879000,1,497.90311000,20.07
1621942879572000,0,19.42000000,20.09
1621942882613000,1,120.00000000,20.08
1621942882714000,1,100.00000000,20.08
1621942882801000,1,175.00000000,20.08
1621942894223000,0,0.00195460,20.09
1621942906770000,1,497.46931379,20.09
1621942910576000,0,497.19889000,20.12
1621943015235000,1,486.63574000,20.06
1621943059038000,0,19.50000000,20.11
1621943059072000,0,477.84276841,20.11
1621943063854000,0,150.00000000,20.12
1621943102377000,1,40.30000000,20.12
1621943127468000,1,99.70000000,20.09
1621943153032000,1,200.00000000,19.99
1621943160294000,0,2.46169577,20.00
1621943175664000,0,140.00000000,19.97
1621943177219000,0,500.66136000,19.98
1621943178479000,0,145.00000000,19.99
1621943184473000,1,52.00000000,20.05
1621943186911000,1,140.66136000,20.01
1621943187011000,1,295.00000000,20.01
1621943199052000,1,100.00000000,19.98
1621943199154000,1,95.00000000,19.98
1621943217549000,1,205.00000000,19.94
1621943217641000,1,296.12708000,19.94
1621943241861000,1,95.00000000,19.97
1621943241968000,1,183.87292000,19.97
1621943263731000,0,80.00000000,19.95
1621943263838000,0,130.00000000,19.95
1621943263937000,0,185.00000000,19.95
1621943264056000,0,106.44739000,19.95
1621943280306000,1,2.75469207,19.90
1621943304267000,0,503.27000000,19.88
1621943304630000,0,0.00107784,19.88
1621943313794000,1,166.44846000,19.83
1621943315283000,0,5.01000000,19.86
1621943330413000,0,85.00000000,19.84
1621943330485000,0,120.00000000,19.84
1621943340980000,0,200.00000000,19.84
1621943353817000,0,502.82114000,19.90
1621943370428000,1,40.50000000,19.98
1621943374518000,1,280.00000000,19.96
1621943380559000,0,70.00000000,19.95
1621943400751000,0,4.99000000,19.90
1621943405194000,0,2.50000000,19.87
1621943405256000,0,2.49000000,19.87
1621943405783000,0,4.99000000,19.85
1621943406588000,0,4.99000000,19.85
1621943407036000,0,4.99000000,19.84
1621943407594000,0,4.99000000,19.84
1621943408200000,0,4.99000000,19.84
1621943409007000,0,4.99000000,19.85
1621943409865000,0,4.99000000,19.85
1621943410619000,0,4.99000000,19.84
1621943413871000,0,503.90358000,19.86
1621943424644000,0,185.00000000,19.84
1621943424728000,0,319.32732000,19.84
1621943436788000,1,3.00000000,19.80
1621943437001000,1,504.99471000,19.79
1621943458330000,0,19.74785245,19.79
1621943458373000,0,485.94123823,19.79
1621943473971000,0,1.77000000,19.76
1621943482834000,0,416.50144000,19.75
1621943482961000,0,90.03240000,19.75
1621943487508000,1,506.08582000,19.75
1621943488160000,1,355.00000000,19.74
1621943503120000,0,506.99653000,19.73
1621943538017000,0,480.00000000,19.73
1621943563475000,1,41.20000000,19.70
1621943563475000,1,507.57820000,19.70
1621943563695000,1,0.00000532,19.70
1621943563695000,1,13.01815762,19.69
1621943591308000,0,4.00000000,19.81
1621943597308000,1,435.00000000,19.75
1621943597406000,1,70.64799000,19.75
1621943617597000,1,505.24431000,19.78
1621943625077000,1,186.27261000,19.79
1621943634456000,1,100.00000000,19.79
1621943634651000,1,130.00000000,19.79
1621943640293000,1,2.42474070,19.77
1621943665878000,0,505.32209000,19.80
1621943667679000,0,504.73000000,19.82
1621943667731000,0,0.00183235,19.82
1621943670700000,1,250.32209000,19.82
1621943670798000,1,130.00000000,19.82
1621943675509000,1,12.05395864,19.83
1621943675509000,1,40.89999136,19.83
1621943701087000,0,502.92228000,19.89
1621943707738000,0,275.03167000,19.93
1621943729275000,1,420.00000000,19.83
1621943729349000,1,80.00000000,19.83
1621943747082000,0,455.00000000,19.77
1621943747183000,0,50.78115000,19.77
1621943768636000,1,41.30000000,19.66
1621943786835000,1,190.78115000,19.61
1621943811299000,0,1.79000000,19.59
1621943813846000,1,1.02274587,19.56
1621943836260000,1,2.82000000,19.52
1621943840494000,1,4.00000000,19.47
1621943840566000,1,6.74000000,19.47
1621943868788000,0,41.60000000,19.50
1621943888885000,1,41.20000000,19.50
1621943888885000,1,104.49756703,19.50
1621943888885000,1,153.71301536,19.49
1621943888885000,1,33.21529524,19.48
1621943918299000,0,5.11000000,19.44
1621943918851000,0,5.11000000,19.44
1621943919664000,0,5.11000000,19.43
1621943920685000,0,5.11000000,19.42
1621943920707000,1,2.00000000,19.40
1621943920770000,0,5.11000000,19.42
1621943921536000,0,5.11000000,19.45
1621943922455000,0,5.11000000,19.45
1621943922512000,0,5.11000000,19.45
1621943923082000,0,5.11000000,19.44
1621943924839000,1,16.00000000,19.40
1621943924839000,1,2.00000000,19.40
1621943924839000,1,70.00000000,19.39
1621943924839000,1,101.05134596,19.38
1621943971964000,0,41.80000000,19.46
1621943973183000,0,41.40000000,19.48
1621943979157000,0,4.00000000,19.57
1621944055793000,0,70.00000000,19.46
1621944059452000,0,70.00000000,19.47
1621944083049000,0,1.40000000,19.53
1621944089295000,0,1.40000000,19.59
1621944098828000,0,53.29000000,19.54
1621944112684000,0,392.20000000,19.57
1621944112783000,0,52.06709000,19.57
1621944113816000,0,444.26709214,19.58
1621944117025000,0,444.55099000,19.59
1621944126586000,1,4.00000000,19.64
1621944142536000,1,70.00000000,19.66
1621944147937000,1,16.22624015,19.66
1621944155741000,1,471.61808000,19.69
1621944155919000,1,36.20759000,19.69
1621944158123000,1,315.00000000,19.68
1621944158193000,1,192.82567000,19.68
1621944158832000,0,21.24600188,19.68
1621944158832000,0,107.48925812,19.69
1621944159742000,1,15.00000000,19.68
1621944170269000,0,98.99742000,19.73
1621944175269000,0,275.26412000,19.72
1621944179873000,1,415.00000000,19.69
1621944179975000,1,92.48593895,19.69
1621944188462000,0,390.97585000,19.65
1621944191754000,0,390.63837000,19.67
1621944197799000,0,0.00000089,19.73
1621944207466000,0,40.80000000,19.76
1621944212407000,0,48.12454000,19.74
1621944213492000,1,455.00000000,19.73
1621944213580000,1,51.69341000,19.73
1621944219259000,0,48.11186000,19.76
1621944221384000,0,2.82000000,19.77
1621944222583000,0,1030.32593139,19.79
1621944223060000,0,1030.17884542,19.79
1621944240288000,1,5.98615477,19.77
1621944258688000,0,5.00475914,19.79
1621944266326000,0,41.10000000,19.77
1621944295769000,1,5.40000000,19.61
1621944328219000,0,68.70000000,19.61
1621944328219000,0,70.00000000,19.61
1621944329203000,0,41.00000000,19.63
1621944339452000,0,70.00000000,19.58
1621944339798000,0,41.50000000,19.59
1621944361662000,0,41.20000000,19.66
1621944361662000,0,52.00000000,19.66
1621944364658000,0,2.50000000,19.73
1621944366523000,0,156.71213000,19.74
1621944368516000,0,3.60939868,19.79
1621944387683000,0,366.00000000,19.80
1621944395338000,0,40.70000000,19.87
1621944410712000,0,296.30470592,19.85
1621944422075000,1,504.86393000,19.81
1621944431748000,0,334.39228000,19.82
1621944431850000,0,97.84331000,19.82
1621944447043000,0,355.00000000,19.85
1621944478874000,0,307.07944000,19.77
1621944504103000,1,5.04000000,19.76
1621944539932000,0,125.07725000,19.67
1621944540120000,0,172.64662000,19.67
1621944543958000,0,41.20000000,19.71
1621944543958000,0,122.41065000,19.71
1621944545134000,0,22.48374000,19.71
1621944560094000,0,41.30000000,19.62
1621944573028000,0,104.16225000,19.63
1621944573590000,0,177.10758000,19.62
1621944581704000,0,41.00000000,19.62
1621944583267000,0,0.00000662,19.63
1621944583267000,0,41.09999338,19.64
1621944586228000,0,4.81262729,19.64
1621944602756000,0,81.42899000,19.63
1621944616830000,1,170.00000000,19.60
1621944616912000,1,110.00000000,19.60
1621944617013000,1,110.00000000,19.60
1621944624813000,1,511.25303000,19.56
1621944626696000,0,153.75555000,19.57
1621944627230000,0,0.00000809,19.57
1621944640274000,0,194.04466106,19.64
1621944647168000,0,159.44394000,19.67
1621944657195000,0,41.30000000,19.73
1621944660181000,0,5.03287809,19.77
1621944674867000,1,5.00000000,19.74
1621944678552000,0,161.40589000,19.78
1621944678800000,0,0.00000850,19.78
1621944680244000,1,70.00000000,19.77
1621944688939000,1,229.49218000,19.78
1621944689656000,1,200.00000000,19.78
1621944690686000,0,149.18158000,19.79
1621944703668000,0,140.81842000,19.80
1621944703779000,0,58.71654000,19.80
1621944725592000,1,504.99189557,19.77
1621944730913000,0,216.82476000,19.77
1621944732432000,1,120.54941000,19.75
1621944732529000,1,190.00000000,19.75
1621944732676000,1,199.45059000,19.75
1621944733827000,1,506.32907000,19.73
1621944735306000,1,506.32907000,19.71
1621944738211000,0,286.31392000,19.72
1621944740570000,0,286.31392842,19.73
1621944740570000,0,69.99999158,19.73
1621944755036000,0,261.99711499,19.69
1621944760764000,0,286.49827892,19.68
1621944764407000,0,221.43276000,19.68
1621944764737000,0,41.30000000,19.69
1621944771686000,0,130.24766528,19.75
1621944776975000,0,174.34429000,19.76
1621944777683000,0,174.13468000,19.77
1621944785100000,1,280.22622000,19.78
1621944785200000,1,175.00000000,19.78
1621944799278000,1,1.01700000,19.81
1621944808325000,1,504.72444000,19.80
1621944817758000,0,155.00000000,19.79
1621944817989000,0,118.81865840,19.79
1621944821452000,0,255.90579000,19.80
1621944821532000,0,17.91286000,19.80
1621944827874000,1,392.91286000,19.80
1621944828244000,1,111.97939000,19.80
1621944831657000,0,136.97939000,19.81
1621944831923000,0,109.56006000,19.81
1621944837454000,1,410.00000000,19.81
1621944837528000,1,94.73933799,19.81
1621944840324000,1,70.00000000,19.81
1621944840324000,1,102.87604113,19.80
1621944840324000,1,61.20636115,19.80
1621944844801000,1,504.50042000,19.81
1621944853228000,0,70.00000000,19.81
1621944858330000,0,436.90576000,19.82
1621944870913000,0,40.70000000,19.84
1621944880246000,0,294.23902000,19.85
1621944889594000,1,70.00000000,19.86
1621944901934000,0,240.00000000,19.88
1621944902567000,0,36.83238000,19.88
1621944909673000,1,1.50000000,19.87
1621944935809000,0,256.00253000,19.86
1621944935908000,0,12.94484000,19.86
1621944957127000,0,135.38030000,19.89
1621944979585000,0,4.97997997,19.98
1621944980672000,0,61.24537000,19.97
1621944993469000,0,39.29459000,19.98
1621945013149000,0,60.26308124,19.99
1621945035160000,1,500.51723966,19.98
1621945054520000,0,58.28561923,19.99
1621945069170000,0,40.60000000,20.04
1621945069170000,0,70.00000000,20.04
1621945070873000,1,70.00000000,20.03
1621945070873000,1,40.10000000,20.02
1621945070873000,1,46.09931506,20.01
1621945088672000,0,81.05213000,19.98
1621945109843000,0,78.68528000,20.00
1621945114855000,0,40.20000000,20.02
1621945130632000,0,75.55513000,19.99
1621945131198000,0,40.40000000,20.01
1621945166520000,0,57.81714000,20.02
1621945166541000,0,0.00000006,20.02
1621945177060000,0,36.97485000,20.04
1621945179421000,0,30.30593000,20.05
1621945197064000,0,24.85650000,20.03
1621945205710000,1,95.00000000,20.00
1621945205815000,1,425.00000000,20.00
1621945205915000,1,150.00000000,20.00
1621945206023000,1,616.92150000,20.00
1621945211215000,0,12.48418000,19.99
1621945212093000,0,12.47457335,20.00
1621945212990000,0,4.96754867,20.03
1621945219509000,0,14.70455934,20.04
1621945225065000,0,8.91827000,20.06
1621945235586000,0,4.66864000,20.05
1621945239104000,0,7.31401574,20.05
1621945254444000,0,101.80850432,20.06
1621945254444000,0,70.00000000,20.06
1621945254444000,0,33.40444000,20.07
1621945254444000,0,26.00000000,20.08
1621945254444000,0,12.19471665,20.08
1621945254444000,0,1335.62000000,20.08
1621945254444000,0,203.60885543,20.08
1621945254444000,0,160.42785342,20.09
1621945254444000,0,79.00000000,20.09
1621945254444000,0,305.41328314,20.09
1621945254444000,0,3.01348966,20.10
1621945254444000,0,130.64922623,20.10
1621945254444000,0,25.67263394,20.10
1621945271534000,1,340.00000000,20.07
1621945271614000,1,134.05000000,20.07
1621945271614000,1,24.27216366,20.07
1621945287886000,0,93.55623000,20.03
1621945295277000,1,3.20150000,20.00
1621945297914000,0,88.93216000,20.01
1621945314956000,1,4.79000000,19.99
1621945331593000,0,70.15696000,19.98
1621945334081000,0,70.12538000,19.98
1621945335253000,0,0.00000607,19.98
1621945349752000,0,40.20000000,20.02
1621945359506000,1,499.69728000,20.00
1621945367105000,0,148.91294000,19.99
1621945368316000,0,148.77438000,20.00
1621945384705000,0,4.52023000,20.03
1621945384749000,0,0.00000449,20.03
1621945440328000,0,7.41211913,20.03
1621945466811000,0,211.43769000,19.97
1621945482863000,0,173.23101000,19.93
1621945493070000,0,142.05134000,19.93
1621945511126000,0,4.52023449,20.00
1621945513917000,0,131.84313000,20.04
1621945521639000,1,499.38516000,20.00
1621945526662000,1,499.90806000,19.99
1621945533862000,1,500.27963000,19.96
1621945547722000,0,375.29263000,19.94
1621945547841000,0,41.40975000,19.94
1621945558214000,0,346.67510000,19.93
1621945575703000,0,271.91515000,19.90
1621945575809000,0,19.73416000,19.90
1621945580033000,0,239.07863000,19.91
1621945581178000,0,238.91062000,19.93
1621945597757000,1,462.72341000,19.88
1621945603314000,0,236.41299000,19.88
1621945605198000,0,193.67713000,19.88
1621945607114000,0,158.80016000,19.88
1621945607336000,0,0.00000992,19.88
1621945607665000,0,158.74577000,19.89
1621945610844000,0,40.70000000,19.91
1621945634163000,0,40.80000000,19.91
1621945636891000,1,502.67894000,19.89
1621945643250000,0,52.50000000,19.86
1621945646599000,0,131.04289000,19.86
1621945646688000,0,73.06681000,19.86
1621945647122000,0,40.50000000,19.87
1621945648207000,0,112.95702000,19.88
1621945648397000,0,91.01915000,19.88
1621945653318000,0,41.00000000,19.89
1621945670110000,0,15.00000000,19.87
1621945697817000,0,5.00000000,19.86
1621945742374000,0,6.45702000,19.85
1621945742621000,0,76.78849465,19.85
1621945744381000,0,5.00000000,19.93
1621945766900000,1,501.65001000,19.91
1621945776985000,0,43.50000000,19.90
1621945776985000,0,12.00000000,19.90
1621945794720000,0,138.12308000,19.87
1621945795556000,0,40.50000000,19.88
1621945817037000,0,113.31863000,19.83
1621945817460000,0,0.00000856,19.83
1621945817460000,0,102.95673939,19.84
1621945817460000,0,40.59998205,19.84
1621945827259000,0,84.07206000,19.80
1621945843325000,0,5.00000000,19.76
1621945866054000,1,506.81668623,19.71
1621945869725000,0,1.29107302,19.70
1621945875809000,0,126.58055000,19.68
1621945876310000,0,0.00000886,19.68
1621945891504000,0,41.00000000,19.69
1621945902469000,1,11.10146500,19.66
1621945911647000,0,47.83145000,19.68
1621945919546000,1,320.00000000,19.65
1621945919648000,1,108.83249000,19.65
1621945919734000,1,79.72152000,19.65
1621945919801000,1,0.00000939,19.65
1621945920319000,1,32.37000078,19.62
1621945930156000,0,119.98891000,19.65
1621945930625000,0,81.37012000,19.65
1621945954158000,0,68.85084033,19.62
1621945954158000,0,7.22102511,19.62
1621945955840000,0,56.42532000,19.61
1621945973302000,0,104.13915000,19.62
1621945973721000,0,0.00000517,19.62
1621945973721000,0,41.39999483,19.63
1621945977086000,0,35.93206521,19.63
1621945977823000,0,35.93206000,19.64
1621945979589000,0,41.00000000,19.64
1621945979772000,0,29.44715000,19.64
1621945982649000,0,12.36337000,19.64
1621946001693000,1,4.00000000,19.58
1621946030825000,0,104.18278000,19.62
1621946038193000,0,100.00000000,19.61
1621946039057000,1,2.81014084,19.61
1621946040176000,0,0.00000796,19.62
1621946043615000,1,70.00000000,19.61
1621946049103000,0,41.00000000,19.61
1621946054311000,0,5.09000000,19.67
1621946072186000,0,29.85626433,19.61
1621946072186000,0,41.60000000,19.61
1621946074658000,0,19.09191000,19.63
1621946079708000,0,12.21165000,19.68
1621946080712000,0,1.41000000,19.69
1621946096741000,0,13.20162000,19.64
1621946098952000,0,10.81846209,19.64
1621946102257000,0,8.87548000,19.66
1621946107080000,1,1.40507042,19.66
1621946117858000,1,115.99286000,19.66
1621946120833000,0,13.50920098,19.66
1621946122740000,0,9.00000000,19.67
1621946122740000,0,13.49601000,19.67
1621946123714000,0,13.49711000,19.69
1621946133649000,0,41.20000000,19.73
1621946153198000,0,26.32681000,19.69
1621946158544000,0,21.56152000,19.71
1621946160286000,0,17.67804000,19.71
1621946169060000,0,10.62506000,19.72
1621946173489000,0,15.22155000,19.72
1621946191583000,1,300.00000000,19.67
1621946196209000,0,72.59127000,19.67
1621946201934000,1,508.23866000,19.66
1621946211351000,0,213.08562000,19.62
1621946222896000,0,41.40000000,19.61
1621946232778000,0,91.12978000,19.59
1621946244820000,0,58.28668000,19.60
1621946250285000,0,58.28422000,19.61
1621946250680000,0,0.00000885,19.61
1621946252102000,0,58.21781000,19.63
1621946277401000,0,56.46776000,19.58
1621946278363000,0,41.10000000,19.59
1621946298907000,0,35.91630000,19.57
1621946301372000,0,35.86055000,19.59
1621946301922000,1,70.00000000,19.58
1621946305604000,1,33.72251000,19.56
1621946305604000,1,67.49412000,19.56
1621946309078000,0,33.98425000,19.56
1621946327091000,0,21.65674000,19.57
1621946328309000,0,21.65674000,19.59
1621946330105000,0,21.65674000,19.61
1621946343174000,1,185.00000000,19.62
1621946350832000,0,65.78020000,19.57
1621946377149000,0,59.87502000,19.60
1621946425663000,0,58.16487303,19.56
1621946425663000,0,41.09999697,19.56
1621946427201000,0,58.16487000,19.57
1621946458042000,0,37.17071000,19.54
1621946478926000,0,45.36713000,19.64
1621946511903000,0,65.32560000,19.66
1621946513979000,0,53.53936974,19.67
1621946533538000,0,79.31992000,19.60
1621946536825000,0,22.28045523,19.62
1621946537272000,0,57.08068000,19.62
1621946564930000,0,50.78996000,19.75
1621946570980000,0,41.71903000,19.75
1621946583733000,1,452.35182000,19.74
1621946590819000,0,100.00000000,19.73
1621946591012000,0,33.88784000,19.73
1621946602265000,0,41.30000000,19.73
1621946607100000,0,127.71442000,19.73
1621946607516000,0,40.90000000,19.74
1621946613485000,1,160.00000000,19.73
1621946613583000,1,130.00000000,19.73
1621946630719000,0,41.30000000,19.67
1621946639821000,0,133.26006000,19.64
1621946640035000,0,133.19225000,19.63
1621946640407000,1,31.04251920,19.62
1621946660777000,0,74.53786000,19.61
1621946661329000,0,0.00000865,19.61
1621946663848000,0,27.75532656,19.63
1621946664035000,0,15.67542386,19.63
1621946670602000,0,65.32067000,19.61
1621946678178000,1,107.08852000,19.60
1621946690336000,1,220.00000000,19.56
1621946693550000,0,105.58346000,19.57
1621946696722000,1,511.16417000,19.55
1621946707619000,0,175.07152000,19.59
1621946717167000,0,78.00000000,19.64
1621946744105000,1,430.00000000,19.73
1621946766083000,0,184.89620000,19.74
1621946769408000,0,41.10000000,19.77
1621946789136000,0,180.00000000,19.77
1621946814927000,0,195.51173000,19.74
1621946864272000,1,125.00000000,19.78
1621946864347000,1,333.99874000,19.78
1621946869405000,0,304.10411000,19.80
1621946875471000,1,184.10411000,19.80
1621946875560000,1,90.00000000,19.80
1621946875641000,1,230.96438000,19.80
1621946880305000,0,11.25899528,19.82
1621946886063000,1,205.00000000,19.79
1621946887438000,1,505.37709000,19.78
1621946895799000,0,390.02432000,19.77
1621946912220000,0,319.69249000,19.87
1621946914195000,1,220.00000000,19.86
1621946914851000,1,125.00000000,19.85
1621946914949000,1,175.00000000,19.85
1621946947403000,0,372.05208000,19.86
1621946968128000,0,5.01999999,19.89
1621946968665000,0,5.01999999,19.89
1621946968976000,0,5.01999999,19.89
1621946969931000,0,5.01999999,19.88
1621946970462000,0,5.01999999,19.88
1621946973401000,0,4.80999999,19.87
1621946974261000,0,3.61000000,19.86
1621946977096000,0,1.46000000,19.86
1621946977561000,0,110.00000000,19.86
1621946977666000,0,80.49539000,19.86
1621946977896000,0,1.46000000,19.88
1621947023766000,1,40.40000000,19.90
1621947033214000,0,10.00000000,19.90
1621947043541000,1,190.52281000,19.86
1621947043625000,1,312.55573000,19.86
1621947061576000,1,10.00000000,19.80
1621947068449000,0,248.94111000,19.79
1621947071439000,0,41.20000000,19.81
1621947087467000,1,10.64000000,19.79
1621947092138000,0,145.00000000,19.84
1621947103890000,1,181.08589000,19.85
1621947108784000,0,160.00000000,19.88
1621947108870000,0,67.99385000,19.88
1621947112866000,1,0.00000420,19.85
1621947112866000,1,339.99999580,19.84
1621947112970000,1,163.55483000,19.84
1621947128746000,0,240.00000000,19.84
1621947133644000,0,140.00000000,19.85
1621947139524000,0,275.00000000,19.87
1621947139602000,0,100.00000000,19.87
1621947140390000,0,8.29223000,19.87
1621947150263000,1,110.00000000,19.87
1621947150348000,1,125.00000000,19.87
1621947150437000,1,160.00000000,19.87
1621947150527000,1,108.30409000,19.87
1621947152026000,0,110.00000000,19.88
1621947157067000,1,502.50329000,19.88
1621947159051000,1,502.50329000,19.87
1621947166479000,1,502.79522000,19.88
1621947171221000,0,6.02466029,19.87
1621947173570000,0,503.60100000,19.86
1621947184017000,0,393.27415000,19.86
1621947184129000,0,110.46271000,19.86
1621947193690000,0,140.00000000,19.88
1621947193794000,0,115.00000000,19.88
1621947193903000,0,198.00963000,19.88
1621947204805000,0,289.52761000,19.89
1621947215254000,1,157.99995000,19.87
1621947215328000,1,120.00000000,19.87
1621947215403000,1,100.00000000,19.87
1621947215504000,1,115.00000000,19.87
1621947219269000,0,115.00000000,19.87
1621947219359000,0,125.00000000,19.87
1621947219431000,0,86.46043000,19.87
1621947220311000,0,180.00000000,19.88
1621947220419000,0,146.20427000,19.88
1621947243229000,0,5.01999999,19.88
1621947243820000,0,5.01999999,19.88
1621947245567000,0,85.00000000,19.88
1621947245654000,0,165.00000000,19.88
1621947245746000,0,11.44926000,19.88
1621947268463000,0,180.88604000,19.86
1621947268517000,0,18.29207000,19.86
1621947268550000,0,58.22998843,19.86
1621947272884000,1,110.00000000,19.87
1621947286569000,0,135.43174000,19.83
1621947290283000,1,290.00000000,19.80
1621947290468000,1,214.78520000,19.80
1621947304837000,1,103.87652000,19.79
1621947305118000,1,95.00000000,19.79
1621947305239000,1,110.00000000,19.79
1621947310381000,0,105.00000000,19.78
1621947310493000,0,130.00000000,19.78
1621947317304000,0,184.18108244,19.77
1621947321952000,1,120.00000000,19.76
1621947329656000,0,300.78237000,19.74
1621947333871000,0,84.21763000,19.76
1621947333966000,0,105.00000000,19.76
1621947344244000,0,100.00000000,19.76
1621947344353000,0,57.42129000,19.76
1621947348315000,1,10.00000000,19.74
1621947348926000,1,82.42129000,19.74
1621947349020000,1,80.00000000,19.74
1621947355413000,0,57.97036702,19.72
1621947355655000,0,18.29207498,19.74
1621947361135000,1,507.22288000,19.71
1621947363011000,1,10.00000000,19.70
1621947367308000,0,1.91000000,19.70
1621947368145000,0,1.65000000,19.70
1621947371925000,0,431.89209000,19.69
1621947376275000,0,220.33079000,19.69
1621947376407000,0,155.00000000,19.69
1621947376506000,0,31.45568000,19.69
1621947377596000,0,0.00000858,19.69
1621947377596000,0,1.90999142,19.70
1621947389733000,0,75.00000000,19.69
1621947389759000,0,24.26059232,19.69
1621947389835000,0,70.00000000,19.69
1621947406425000,1,81.45568000,19.70
1621947414485000,1,70.00000000,19.69
1621947416523000,0,205.00000000,19.71
1621947416639000,0,90.41651000,19.71
1621947419221000,0,165.00000000,19.71
1621947426908000,0,41.10000000,19.82
1621947444894000,1,170.41651000,19.85
1621947444966000,1,110.00000000,19.85
1621947456743000,1,140.00000000,19.87
1621947456984000,1,170.00000000,19.87
1621947478745000,0,195.00000000,19.92
1621947482734000,1,80.00000000,19.91
1621947502932000,1,75.00000000,19.92
1621947503024000,1,105.00000000,19.92
1621947503098000,1,300.00000000,19.92
1621947503189000,1,21.89173000,19.92
1621947524327000,1,103.10827000,19.97
1621947524423000,1,285.00000000,19.97
1621947524614000,1,112.17357000,19.97
1621947529104000,0,406.37397000,20.00
1621947544719000,1,385.00000000,19.99
1621947547982000,0,15.81502316,20.00
1621947548105000,0,390.00000000,20.00
1621947548192000,0,72.51119000,20.00
1621947554962000,0,40.40000000,20.03
1621947647033000,0,7.49428713,20.13
1621947659997000,0,1.02274587,20.14
1621947659997000,0,40.10000000,20.15
1621947659997000,0,107.32756064,20.17
1621947674301000,0,26.00000000,20.19
1621947674301000,0,70.00000000,20.19
1621947674301000,0,40.20000000,20.19
1621947674301000,0,90.35749366,20.20
1621947674347000,0,70.00000000,20.18
1621947713202000,1,70.00000000,20.23
1621947795714000,0,95.00000000,20.29
1621947795827000,0,202.24739000,20.29
1621947800996000,1,80.00000000,20.27
1621947801312000,0,4.00640709,20.29
1621947807254000,1,493.12198000,20.27
1621947831506000,1,20.00000000,20.25
1621947928643000,1,371.23700000,20.25
1621947966009000,1,355.00000000,20.29
1621948015619000,1,493.69658000,20.22
1621948043202000,0,361.98765000,20.25
1621948127478000,0,25.19881566,20.25
1621948134133000,0,71.80000000,20.25
1621948185594000,1,2.60066290,20.22
1621948233094000,0,202.00000000,20.23
1621948260589000,0,40.20000000,20.21
1621948291493000,1,50.00000000,20.17
1621948297805000,0,40.10000000,20.16
1621948320425000,0,4.89952267,20.15
1621948322007000,0,35.10047000,20.15
1621948322427000,0,90.55551104,20.16
1621948350624000,1,2.00000000,20.11
1621948350624000,1,4.02466029,20.10
1621948405754000,0,40.10000000,20.11
1621948411518000,0,44.30000000,20.13
1621948438511000,0,40.30000000,20.14
1621948439485000,0,40.50000000,20.15
1621948441054000,0,40.20000000,20.16
1621948441054000,0,70.00000000,20.16
1621948441054000,0,69.17987109,20.17
1621948445593000,1,310.00000000,20.11
1621948445708000,1,186.66871000,20.11
1621948467090000,1,2.00000000,20.10
1621948473073000,0,5.22166000,20.11
1621948495815000,0,233.86464514,20.09
1621948495815000,0,44.39999486,20.09
1621948513854000,0,15.00000000,20.04
1621948552636000,0,307.43768000,20.01
1621948557771000,1,28.80000000,20.00
1621948571438000,0,40.20000000,20.04
1621948583577000,0,40.30000000,20.04
1621948587993000,0,13.79768000,20.04
1621948642724000,0,130.00000000,20.28
1621948656474000,1,195.00000000,20.24
1621948662045000,1,150.00000000,20.23
1621948662135000,1,115.00000000,20.23
1621948662246000,1,229.12700000,20.23
1621948663230000,1,24.00000000,20.22
1621948687385000,0,474.63343660,20.23
1621948720941000,1,151.50643000,20.28
1621948771832000,0,155.00000000,20.36
1621948778982000,0,1.01021836,20.39
1621948887558000,0,39.30000000,20.52
1621948887558000,0,58.00000000,20.52
1621948887558000,0,97.31144666,20.53
1621948888174000,0,8.40623477,20.53
1621948918839000,1,70.00000000,20.51
1621948953546000,0,125.00000000,20.47
1621948953634000,0,39.51513000,20.47
1621948955854000,1,488.49926000,20.47
1621948970977000,0,193.15571000,20.53
1621948972473000,0,165.00000000,20.55
1621948972799000,0,28.04661000,20.55
1621948993380000,0,99.83740673,20.55
1621949021107000,0,102.21328000,20.52
1621949032237000,0,45.73113000,20.52
1621949040292000,0,60.44206505,20.54
1621949040292000,0,62.50666360,20.55
1621949055772000,0,49.55526267,20.53
1621949072692000,1,484.57151000,20.62
1621949086879000,1,484.95694000,20.60
1621949091520000,0,189.94605000,20.61
1621949095740000,1,485.38067000,20.60
1621949112125000,0,0.98130841,20.63
1621949112125000,0,151.82749159,20.63
1621949173590000,1,484.65335775,20.62
1621949212929000,0,0.99656186,20.67
1621949212929000,0,397.71105814,20.67
1621949213131000,0,360.00000000,20.67
1621949213981000,0,260.58894186,20.67
1621949246992000,0,151.46023000,20.69
1621949248355000,1,358.36023000,20.68
1621949248447000,1,125.05596000,20.68
1621949248458000,1,0.00000618,20.68
1621949250216000,0,38.90000000,20.70
1621949250216000,0,24.38943331,20.71
1621949250216000,0,36.71056669,20.71
1621949267893000,0,142.34079000,20.70
1621949268554000,0,38.90000000,20.71
1621949301590000,0,101.81098000,20.76
1621949318490000,0,4.99999999,20.79
1621949318501000,0,0.00000001,20.79
1621949319720000,0,18.00000000,20.80
1621949349081000,0,38.60000000,20.89
1621949349081000,0,74.76868000,20.89
1621949351289000,0,25.16028510,20.89
1621949386936000,0,50.50000000,20.90
1621949438517000,0,52.36617492,20.74
1621949518926000,0,39.00000000,20.81
1621949547207000,0,165.92892029,20.83
1621949602258000,0,5.97095540,20.80
1621949613524000,0,112.03915000,20.77
1621949633884000,0,91.82372804,20.77
1621949640284000,0,39.10000000,20.79
1621949640284000,0,26.00000000,20.79
1621949640284000,0,98.38816532,20.80
1621949640284000,0,116.98960949,20.81
1621949668670000,0,58.70913000,20.81
1621949686593000,0,1.19682386,20.78
1621949779711000,0,4.79615384,20.80
1621949794224000,0,96.44175000,20.77
1621949845802000,0,39.30000000,20.77
1621949867849000,0,38.80000000,20.82
1621949891069000,0,16.50012002,20.78
1621949892969000,0,88.32129000,20.77
1621949916921000,1,481.53136000,20.76
1621949918758000,0,61.38542000,20.77
1621949936462000,0,837.51467051,20.79
1621949973763000,0,982.50853729,20.79
1621949974073000,0,5.70000000,20.79
1621949974121000,0,130.36727209,20.79
1621949974209000,0,5.70000000,20.79
1621949974278000,0,982.18856446,20.79
1621949974438000,0,585.05291798,20.79
1621949974556000,0,11.06000000,20.83
1621950012249000,1,477.47590596,20.94
1621950032402000,0,186.61936000,20.90
1621950082646000,0,4.75621414,20.92
1621950090792000,0,38.70000000,20.89
1621950122659000,1,19.74785245,20.83
1621950174951000,0,38.90000000,20.79
1621950176125000,0,39.10000000,20.80
1621950203751000,0,39.10000000,20.81
1621950207293000,0,2.00000000,20.82
1621950208059000,0,98.26838000,20.81
1621950209794000,0,190.00000000,20.83
1621950293788000,1,479.24000000,20.86
1621950295313000,1,70.00000000,20.85
1621950303470000,1,308.39000000,20.86
1621950303515000,1,170.81477369,20.86
1621950305797000,1,154.42000000,20.84
1621950305832000,1,324.78477369,20.84
1621950309038000,1,162.94000000,20.83
1621950309073000,1,316.26477369,20.83
1621950313283000,1,354.27000000,20.81
1621950313294000,1,125.96115103,20.81
1621950324548000,1,480.71000000,20.77
1621950324595000,1,0.00701348,20.77
1621950327161000,1,70.00000000,20.76
1621950327194000,1,150.36272334,20.76
1621950362471000,1,160.72000000,20.74
1621950366044000,1,472.28525870,20.73
1621950366046000,1,9.63847467,20.73
1621950386210000,1,481.41589000,20.77
1621950391877000,0,39.20000000,20.78
1621950400868000,1,480.41000000,20.79
1621950401578000,1,13.77000000,20.78
1621950401588000,1,0.00800436,20.78
1621950415318000,1,481.68000000,20.75
1621950415328000,1,0.00972558,20.75
1621950436700000,0,39.10000000,20.77
1621950452405000,1,481.19000000,20.77
1621950458409000,0,4.80000000,20.82
1621950463656000,1,404.92000000,20.77
1621950463770000,1,75.96760922,20.77
1621950470938000,0,38.70000000,20.77
1621950485219000,0,39.30000000,20.74
1621950493777000,1,482.28000000,20.72
1621950497763000,0,38.90000000,20.73
1621950513853000,0,38.90000000,20.74
1621950535373000,0,39.20000000,20.74
1621950575302000,0,38.90000000,20.72
1621950600367000,0,39.30000000,20.75
1621950600367000,0,10.24946313,20.76
1621950608270000,0,125.00000000,20.75
1621950623272000,1,70.00000000,20.81
1621950624442000,1,285.54000000,20.80
1621950624510000,1,194.43116747,20.80
1621950632836000,1,332.68000000,20.78
1621950632838000,1,148.57512425,20.78
1621950647994000,1,481.24632000,20.76
1621950648010000,1,0.00000262,20.76
1621950678041000,1,4.54000000,20.70
1621950696405000,0,1.20114060,20.70
1621950701924000,0,39.10000000,20.72
1621950728707000,1,482.97107000,20.70
1621950766321000,0,38.90000000,20.75
1621950793432000,1,481.91429000,20.74
1621950814077000,0,22.79932465,20.73
1621950850169000,0,38.90000000,20.75
1621950854084000,0,22.76637764,20.76
1621950865272000,0,482.23298000,20.74
1621950943803000,1,420.82712000,20.66
1621950943872000,1,62.61797000,20.66
1621950960332000,0,23.81121889,20.66
1621950963963000,0,15.18878000,20.66
1621950966439000,0,0.00000111,20.66
1621950971766000,0,2.38321600,20.67
1621950982301000,1,242.57081000,20.69
1621950982369000,1,240.61497708,20.69
1621950992122000,0,0.96228239,20.68
1621951071118000,1,405.00000000,20.60
1621951071207000,1,80.30580000,20.60
1621951081730000,0,1.44692195,20.63
1621951150302000,1,139.69420000,20.59
1621951159229000,0,39.40000000,20.59
1621951172956000,1,73.36000000,20.58
1621951189468000,0,215.60000000,20.59
1621951208496000,0,39.50000000,20.60
1621951210797000,0,39.20000000,20.62
1621951210797000,0,68.66745404,20.63
1621951215997000,0,1.20309477,20.68
1621951266131000,0,174.50000000,20.68
1621951279666000,1,145.00000000,20.64
1621951282261000,1,156.96539000,20.63
1621951282797000,1,150.00000000,20.62
1621951342271000,0,110.00000000,20.59
1621951344955000,0,39.40000000,20.59
1621951355778000,1,483.77000000,20.58
1621951365606000,0,39.50000000,20.66
1621951380876000,0,39.30000000,20.61
1621951396474000,0,39.30000000,20.67
1621951403025000,1,70.00000000,20.67
1621951403545000,1,483.86000000,20.66
1621951409335000,1,483.99000000,20.65
1621951438037000,0,39.30000000,20.64
1621951458264000,0,39.40000000,20.63
1621951464648000,1,70.00000000,20.66
1621951471496000,0,39.40000000,20.68
1621951493874000,0,39.20000000,20.68
1621951503418000,0,39.00000000,20.67
1621951520803000,1,54.25000000,20.63
1621951520861000,1,91.05004847,20.63
1621951525230000,0,39.20000000,20.63
1621951531093000,0,39.10000000,20.65
1621951560545000,0,39.50000000,20.65
1621951580811000,0,39.30000000,20.70
1621951615201000,1,483.13420548,20.69
1621951680322000,0,14.69107481,20.79
1621951697936000,0,1281.89000000,20.81
1621951780121000,0,5.33333333,20.85
1621951816306000,0,0.94897472,20.97
1621951865397000,1,361.61020000,20.94
1621951865479000,1,115.84439407,20.94
1621951920245000,1,223.18520000,20.95
1621952038593000,1,467.92225934,20.93
1621952038615000,1,9.54943386,20.93
1621952044120000,0,254.00000000,20.96
1621952054779000,1,477.39943323,20.94
1621952084403000,1,5.88000000,20.96
