timestamp ms,type,amount,price
1627430482673000,0,60.76000000,16.4600
1627430482685000,0,0.00220105,16.4600
1627430572024000,1,60.70000000,16.4700
1627430572083000,1,0.00687080,16.4700
1627430589794000,0,128.30000000,16.4800
1627430593167000,1,94.00000000,16.4800
1627430593167000,1,57.56293478,16.4800
1627430597928000,1,94.00000000,16.4800
1627430612951000,1,394.91491250,16.4400
1627430612951000,1,395.00611885,16.4400
1627430612951000,1,60.73830138,16.4400
1627430612951000,1,272.14673740,16.4300
1627430617049000,1,128.50279623,16.4200
1627430617049000,1,203.90467485,16.4200
1627430617049000,1,63.59700000,16.4200
1627430617049000,1,60.73830138,16.4200
1627430617049000,1,94.00000000,16.4200
1627430617049000,1,362.15579029,16.4200
1627430619108000,1,137.84420971,16.4200
1627430619108000,1,1910.83264644,16.4200
1627430622976000,1,128.64881765,16.4200
1627430622976000,1,94.00000000,16.4200
1627430622976000,1,60.85564167,16.4200
1627430622976000,1,1146.49000000,16.4200
1627430622976000,1,120.54533264,16.4200
1627430628884000,1,60.89957745,16.4100
1627430628884000,1,94.00000000,16.4100
1627430630819000,1,126.17459708,16.4100
1627430632630000,1,2.52349194,16.4100
1627430634528000,1,0.05149984,16.4100
1627430634528000,1,518.00000000,16.3900
1627430634528000,1,63.59700000,16.3900
1627430634528000,1,152.43024450,16.3900
1627430637307000,1,60.97801110,16.3900
1627430637307000,1,125.05611322,16.3900
1627430662843000,0,61.15517690,16.3500
1627430671889000,1,61.15517690,16.3300
1627430671889000,1,397.58026159,16.3200
1627430671889000,1,1430.79255000,16.3200
1627430671889000,1,2.56653917,16.3200
1627430671889000,1,129.36223718,16.3200
1627430671889000,1,45.07838808,16.3200
1627430672251000,1,107.93942000,16.3200
1627430673103000,0,1.70000000,16.3300
1627430673184000,1,0.00000397,16.3200
1627430673184000,1,61.23302603,16.3200
1627430673237000,1,0.00000447,16.3200
1627430675320000,1,153.01781205,16.3000
1627430675320000,1,61.23303050,16.3000
1627430675320000,1,63.59700000,16.3000
1627430675320000,1,129.51908520,16.3000
1627430680071000,1,63.59700000,16.3000
1627430680071000,1,125.65676350,16.3000
1627430684658000,1,153.35706958,16.2900
1627430684658000,1,61.34872441,16.2900
1627430684658000,1,442.00000000,16.2800
1627430684658000,1,129.66239705,16.2800
1627430684658000,1,398.89510201,16.2800
1627430684658000,1,38.61979414,16.2800
1627430696521000,1,153.42429141,16.2700
1627430696521000,1,61.42374716,16.2700
1627430696521000,1,129.78745662,16.2700
1627430696521000,1,399.37815751,16.2600
1627430696521000,1,259.57491324,16.2600
1627430696521000,1,63.59700000,16.2600
1627430708833000,1,60.22573088,16.2700
1627430712778000,1,129.86490221,16.2600
1627430712778000,1,63.59700000,16.2600
1627430712778000,1,153.60519312,16.2600
1627430712778000,1,482.00000000,16.2600
1627430712778000,1,399.48469784,16.2600
1627430712778000,1,35.65772872,16.2600
1627430713518000,0,21.15820000,16.2800
1627430718227000,1,61.37300000,16.2900
1627430720801000,0,207.53556084,16.3000
1627430720801000,0,94.00000000,16.3000
1627430720801000,0,23.36928878,16.3000
1627430721842000,1,153.43421000,16.2800
1627430721971000,1,0.00000951,16.2800
1627430721971000,1,61.39488049,16.2800
1627430728037000,1,61.41223000,16.2800
1627430730114000,1,153.43421951,16.2700
1627430730114000,1,61.41222049,16.2700
1627430732288000,1,153.63776714,16.2600
1627430732288000,1,61.41222286,16.2600
1627430738428000,1,61.52330504,16.2500
1627430738428000,1,153.79086496,16.2500
1627430758748000,1,61.52785981,16.2400
1627430807659000,1,61.52861000,16.2500
1627430844864000,1,61.56570000,16.2400
1627430844877000,1,0.00003990,16.2400
1627430852704000,1,61.56950000,16.2400
1627430852764000,1,0.00003047,16.2400
1627430864436000,1,61.58090000,16.2300
1627430868187000,1,61.61500000,16.2200
1627430879091000,1,61.61500000,16.2100
1627430879890000,0,61.66064448,16.2200
1627430880426000,1,5.40670000,16.2200
1627430889622000,0,12.00000000,16.2200
1627430920323000,0,61.74000000,16.2000
1627430920377000,0,0.00059073,16.2000
1627430922729000,1,61.74092000,16.1900
1627430952876000,0,61.77796998,16.1900
1627430974584000,1,61.79705000,16.1700
1627430986801000,0,46.40000000,16.1700
1627430996628000,0,61.82000000,16.1800
1627430996743000,0,0.00838912,16.1800
1627431013842000,0,61.84000000,16.1700
1627431013842000,0,0.00980394,16.1700
1627431055097000,0,154.45865791,16.2000
1627431055097000,0,130.30000000,16.2000
1627431055097000,0,130.66270714,16.2000
1627431055097000,0,61.77184495,16.2000
1627431096176000,1,61.72229000,16.2000
1627431096178000,1,0.00000903,16.2000
1627431096645000,1,61.72229000,16.1900
1627431107027000,0,61.77796998,16.1900
1627431107146000,0,401.48004428,16.2000
1627431107146000,0,154.43575852,16.2000
1627431107365000,1,61.78102334,16.2000
1627431123342000,1,61.70858000,16.2000
1627431176041000,1,61.67053000,16.2100
1627431215053000,1,130.52467004,16.1900
1627431215053000,1,154.30005579,16.1900
1627431215053000,1,334.00000000,16.1900
1627431215053000,1,48.10687873,16.1900
1627431215993000,1,13.61084907,16.1900
1627431215993000,1,127.64195966,16.1900
1627431217121000,1,2.88271038,16.1900
1627431217121000,1,224.50456343,16.1800
1627431217121000,1,130.57392341,16.1800
1627431217121000,1,36.00000000,16.1800
1627431217121000,1,154.41253018,16.1800
1627431217121000,1,49.51589870,16.1800
1627431218166000,1,12.20182910,16.1800
1627431218166000,1,509.35596342,16.1800
1627431218365000,1,10.64403658,16.1800
1627431218365000,1,77.14596342,16.1700
1627431219312000,1,127.96834518,16.1800
1627431221506000,1,61.80320865,16.1700
1627431221506000,1,30.00000000,16.1700
1627431221506000,1,2.45123349,16.1600
1627431221506000,1,1133.34000000,16.1600
1627431221506000,1,401.63190878,16.1600
1627431221506000,1,66.07806503,16.1600
1627431222561000,1,64.59804930,16.1600
1627431222561000,1,154.56517580,16.1600
1627431222561000,1,94.00000000,16.1600
1627431222561000,1,21.17673550,16.1600
1627431223649000,1,42.42026450,16.1600
1627431223649000,1,130.67611433,16.1600
1627431223649000,1,28.00000000,16.1600
1627431223649000,1,88.09807242,16.1600
1627431227280000,1,154.54323001,16.1600
1627431227280000,1,527.66698585,16.1500
1627431241553000,1,61.81691491,16.1700
1627431241553000,1,401.97940940,16.1600
1627431241553000,1,118.78600538,16.1600
1627431242636000,1,11.88943530,16.1600
1627431242636000,1,151.23367776,16.1600
1627431243987000,1,61.84667235,16.1600
1627431243987000,1,94.00000000,16.1500
1627431243987000,1,261.34219537,16.1500
1627431243987000,1,388.97496678,16.1500
1627431246381000,1,154.56272088,16.1500
1627431246381000,1,130.73914177,16.1500
1627431246381000,1,268.62143421,16.1500
1627431248839000,1,61.87605783,16.1500
1627431248839000,1,154.76065602,16.1400
1627431248839000,1,130.80675463,16.1400
1627431248839000,1,137.70023234,16.1400
1627431258237000,1,61.85263489,16.1600
1627431258237000,1,154.62573301,16.1500
1627431258237000,1,130.71804044,16.1500
1627431258237000,1,94.00000000,16.1400
1627431258237000,1,63.59700000,16.1400
1627431258237000,1,246.11149109,16.1400
1627431259338000,1,442.00000000,16.1400
1627431259338000,1,154.72875655,16.1400
1627431259338000,1,48.68100706,16.1400
1627431260543000,1,13.17162783,16.1400
1627431260543000,1,63.59700000,16.1400
1627431260543000,1,126.64373869,16.1400
1627431261702000,1,61.86669443,16.1500
1627431261702000,1,2.83091345,16.1400
1627431262912000,1,154.73341000,16.1500
1627431266219000,1,1.32035934,16.1400
1627431266219000,1,2093.25864065,16.1300
1627431296486000,1,364.00000000,16.1500
1627431360920000,1,444.00000000,16.1500
1627431360954000,1,36.00000000,16.1400
1627431362222000,1,63.59700000,16.1200
1627431362222000,1,6.09257984,16.1100
1627431362222000,1,36.00000000,16.1100
1627431362222000,1,819.31042016,16.1100
1627431367648000,0,30.00000000,16.1300
1627431402816000,1,444.92000000,16.1400
1627431402954000,1,9.08000000,16.1400
1627431407541000,1,337.12000000,16.1300
1627431407689000,1,6.88000000,16.1300
1627431412731000,0,38.58260000,16.1300
1627431414326000,1,62.03781000,16.1100
1627431415093000,0,11.70617546,16.1200
1627431415521000,0,8.35771342,16.1200
1627431417746000,0,15.70646000,16.1200
1627431418195000,0,9.60400000,16.1200
1627431418433000,0,1.96882000,16.1200
1627431421974000,0,46.65683112,16.1200
1627431421974000,0,26.50686338,16.1200
1627431422291000,0,2.00000000,16.1200
1627431423803000,0,95.84400000,16.1200
1627431424201000,0,1.54252000,16.1200
1627431424359000,0,78.63810163,16.1200
1627431424406000,0,4.31200000,16.1200
1627431424451000,0,4.31307646,16.1200
1627431425406000,0,6.60208547,16.1200
1627431425798000,0,0.13473644,16.1200
1627431427314000,0,217.68801296,16.1300
1627431430621000,0,14.09240000,16.1400
1627431430812000,0,1.96980000,16.1400
1627431431209000,0,77.93780000,16.1400
1627431435311000,1,61.97320000,16.1300
1627431435339000,1,0.00002757,16.1300
1627431441745000,1,48.72850000,16.1300
1627431444703000,1,61.98880000,16.1300
1627431463887000,0,94.00000000,16.1400
1627431463887000,0,8.70400000,16.1400
1627431464435000,0,8.37312000,16.1400
1627431467097000,0,15.03320000,16.1400
1627431469408000,0,13.51518000,16.1500
1627431469685000,0,14.77056000,16.1500
1627431471745000,0,7.38528000,16.1500
1627431472112000,0,58.32898000,16.1500
1627431474510000,0,73.71560000,16.1500
1627431481148000,1,90.11345000,16.1300
1627431502299000,0,60.72774143,16.1400
1627431502312000,0,1.23934166,16.1400
1627431569696000,0,130.50000000,16.1600
1627431626102000,1,6.25000000,16.1500
1627431629801000,0,61.88000000,16.1600
1627431629833000,0,0.00961369,16.1600
1627431631456000,0,61.86587478,16.1700
1627431639844000,0,61.84062434,16.1800
1627431666999000,0,130.40000000,16.2100
1627431666999000,0,0.80570000,16.2100
1627431687632000,0,61.67889965,16.2200
1627431892241000,0,61.46583729,16.2800
1627432032962000,1,37.66330145,16.2300
1627432033028000,1,410.33669855,16.2300
1627432035897000,0,154.10827853,16.2300
1627432036109000,0,29.40000000,16.2300
1627432036189000,0,32.22340703,16.2300
1627432046825000,0,61.66000000,16.2200
1627432046832000,0,0.00064448,16.2200
1627432048406000,0,94.00000000,16.2300
1627432096249000,0,94.00000000,16.2000
1627432107841000,0,61.75584210,16.2000
1627432107841000,0,62.51415790,16.2000
1627432125020000,0,61.83000000,16.1800
1627432125052000,0,0.00832987,16.1800
1627432130227000,0,61.81998022,16.1800
1627432140175000,1,60.59856542,16.1700
1627432144201000,0,154.54841260,16.1900
1627432144201000,0,61.80698913,16.1900
1627432184982000,0,61.89000000,16.1600
1627432184987000,0,0.00727528,16.1600
1627432206377000,0,21.25000000,16.1400
1627432206425000,0,40.71861909,16.1400
1627432223663000,0,62.09000000,16.1100
1627432223689000,0,0.00251785,16.1100
1627432238309000,0,131.39301856,16.1100
1627432238309000,0,62.11643104,16.1100
1627432244121000,0,62.07093466,16.1200
1627432260374000,0,62.04000000,16.1300
1627432260406000,0,0.00012755,16.1300
1627432283653000,0,61.91720431,16.1600
1627432390276000,0,130.63253839,16.2000
1627432390276000,0,119.88156161,16.2000
1627432390509000,0,61.76957478,16.2000
1627432425489000,0,61.69000000,16.2100
1627432425549000,0,0.00640433,16.2100
1627432535703000,1,89.93910170,16.1900
1627432535813000,1,6.25000000,16.1900
1627432535828000,1,16.36000000,16.1900
1627432535840000,1,41.77913134,16.1900
1627432535840000,1,61.72229903,16.1900
1627432535840000,1,401.26172884,16.1900
1627432544805000,1,6.25000000,16.2000
1627432544846000,1,55.46087222,16.2000
1627432569844000,0,61.73670000,16.2000
1627432569858000,0,0.00007907,16.2000
1627432633549000,0,1417.35000000,16.1800
1627432639142000,0,6.25000000,16.2000
1627432733632000,1,130.40000000,16.1800
1627432751366000,0,61.83297676,16.1800
1627432753020000,0,1247.95000000,16.1900
1627432753039000,0,142.66000000,16.1900
1627432753047000,0,99.27400000,16.1900
1627432761165000,0,61.81615874,16.1800
1627432761165000,0,93.99384126,16.1800
1627432761173000,0,0.00615874,16.1800
1627432768499000,0,61.80469716,16.1900
1627432798575000,0,61.79018525,16.1900
1627432815275000,0,49.00000000,16.2100
1627432815287000,0,12.73068138,16.2100
1627432815287000,0,2297.85931862,16.2100
1627432821408000,0,49.00000000,16.2100
1627432840256000,0,30.94686653,16.1800
1627432840279000,0,30.87005647,16.1800
1627432858602000,0,49.00000000,16.1800
1627432864238000,0,52.82200000,16.1700
1627432864367000,0,9.03392518,16.1700
1627432879476000,1,6.25000000,16.1700
1627432879528000,1,19.25000000,16.1700
1627432889338000,0,49.00000000,16.1800
1627432905865000,0,43.94407000,16.1800
1627432905865000,0,1551.40000000,16.1800
1627432933805000,1,47.41000000,16.1800
1627432982377000,0,61.88654000,16.1700
1627432982529000,0,0.00000958,16.1700
1627433046551000,0,61.84827381,16.1800
1627433092903000,0,61.89344000,16.1600
1627433092907000,0,0.00000425,16.1600
1627433110997000,0,61.93000000,16.1500
1627433113697000,0,61.92870000,16.1500
1627433132054000,0,61.96093982,16.1500
1627433324762000,0,1.82972136,16.1800
1627433438415000,0,61.84210000,16.1800
1627433462453000,0,61.74740000,16.2000
1627433519064000,0,25.50000000,16.2200
1627433519064000,0,55.84050000,16.2200
1627433654782000,1,25.30000000,16.2200
1627433656166000,0,61.65000000,16.2200
1627433656166000,0,0.00836334,16.2200
1627433658590000,1,25.60000000,16.2100
1627433658590000,1,2.50730041,16.2100
1627433658590000,1,94.00000000,16.2100
1627433658590000,1,130.46131423,16.2100
1627433658590000,1,160.00000000,16.2100
1627433658590000,1,1138.43000000,16.2100
1627433658656000,0,6.25000000,16.2100
1627433658720000,0,130.46131423,16.2100
1627433744476000,0,61.74287796,16.2000
1627433744476000,0,154.37091378,16.2000
1627433860474000,1,48.99746091,16.2100
1627433912893000,0,61.69640433,16.2100
1627433922005000,1,42.45158944,16.2100
1627433983894000,0,61.78255014,16.1900
1627433986745000,1,61.77796998,16.1800
1627433986745000,1,32.22203002,16.1800
1627433986894000,1,98.45788000,16.1800
1627433992357000,0,61.84000000,16.1800
1627433994040000,0,61.80000000,16.1900
1627433994063000,0,0.00087757,16.1900
1627434001765000,0,61.81463000,16.1800
1627434001779000,0,0.00000029,16.1800
1627434073262000,0,94.00000000,16.1700
1627434101608000,0,61.84903000,16.1700
1627434101621000,0,0.00000887,16.1700
1627434101702000,0,61.84000000,16.1700
1627434120906000,0,61.84444884,16.1800
1627434213222000,0,94.00000000,16.1600
1627434223859000,0,61.94098263,16.1500
1627434224544000,0,61.92487274,16.1600
1627434224544000,0,6.91512726,16.1600
1627434224735000,0,54.99671028,16.1600
1627434358758000,0,61.69031462,16.2200
1627434358758000,0,126.30958538,16.2200
1627434426670000,0,153.85221602,16.2600
1627434426670000,0,25.40000000,16.2600
1627434426670000,0,55.01232398,16.2600
1627434426735000,0,6.53447005,16.2600
1627434453964000,1,61.41902000,16.2800
1627434515344000,0,25.60000000,16.3200
1627434847670000,0,61.25499228,16.3300
1627434847670000,0,129.63860965,16.3300
1627434909848000,0,49.00000000,16.3500
1627434966904000,1,52.70000000,16.3400
1627434986490000,1,26.90000000,16.3300
1627434986490000,1,13.10000000,16.3300
1627435104228000,0,25.60000000,16.3500
1627435333225000,1,46.82107460,16.3500
1627435334266000,1,28.34100937,16.3500
1627435335173000,1,277.18115771,16.3500
1627435336111000,1,5.54362315,16.3500
1627435336475000,1,0.11313517,16.3500
1627435483836000,1,61.11423000,16.3600
1627435639121000,0,25.60000000,16.3800
1627435682070000,1,61.04260774,16.3800
1627435682070000,1,152.57630226,16.3800
1627435685409000,1,59.82905983,16.3700
1627435795716000,1,6.11000000,16.4100
1627435796028000,1,6.11000000,16.4100
1627435796607000,1,6.11000000,16.4100
1627435796749000,1,6.11000000,16.4100
1627435796993000,1,2.94000000,16.4100
1627435799950000,0,10.57713883,16.4200
1627435799951000,0,15.02286117,16.4200
1627435799951000,0,128.95001217,16.4200
1627435836103000,0,27.90000000,16.4500
1627435859676000,1,60.74448440,16.4600
1627435870329000,1,60.74743000,16.4400
1627435870394000,1,0.00000646,16.4400
1627435917516000,1,60.92580000,16.4100
1627435917517000,1,0.00002890,16.4100
1627436055130000,0,25.60000000,16.4200
1627436068010000,0,25.30000000,16.4300
1627436076872000,1,94.00000000,16.4300
1627436112395000,1,60.86000000,16.4200
1627436112486000,1,0.00797736,16.4200
1627436118247000,0,25.40000000,16.4300
1627436142729000,0,24.90000000,16.4800
1627436157165000,1,94.00000000,16.4800
1627436166144000,0,25.50000000,16.4800
1627436219553000,0,128.52021221,16.4700
1627436219651000,1,128.52021221,16.4700
1627436357043000,1,386.00000000,16.5000
1627436403009000,1,60.59651000,16.5000
1627436403325000,1,0.00000206,16.5000
1627436469148000,1,6.25000000,16.4900
1627436523219000,0,25.40000000,16.5200
1627436523462000,1,6.25000000,16.5200
1627436539274000,0,25.50000000,16.5400
1627436542804000,1,60.44000000,16.5400
1627436542812000,1,0.00487427,16.5400
1627436542812000,1,60.43512573,16.5400
1627436563459000,0,1.22011036,16.5500
1627436568258000,0,486.00000000,16.6100
1627436573864000,1,60.11710000,16.6300
1627436574000000,1,0.00000813,16.6300
1627436574000000,1,60.10999187,16.6300
1627436578992000,1,7.96740000,16.6400
1627436579025000,1,52.11864321,16.6400
1627436580744000,1,25.30000000,16.6300
1627436585339000,1,60.10048802,16.6300
1627436585339000,1,150.17677198,16.6300
1627436588897000,1,60.15616541,16.6200
1627436591867000,0,25.30000000,16.6400
1627436592846000,1,6.25000000,16.6400
1627436595937000,1,349.38000000,16.6600
1627436603618000,0,24.60000000,16.6600
1627436606679000,1,30.00000000,16.6500
1627436611477000,1,60.05212000,16.6300
1627436647032000,1,60.16000000,16.6200
1627436647055000,1,0.00050824,16.6200
1627436647097000,1,28.00000000,16.6200
1627436688054000,0,25.20000000,16.6500
1627436709575000,0,368.00000000,16.6600
1627436727115000,1,24.00000000,16.6600
1627436732253000,0,114.28043607,16.6700
1627436732253000,0,24.70000000,16.6700
1627436732253000,0,60.02689205,16.6700
1627436732253000,0,148.81528188,16.6700
1627436765340000,0,18.50000000,16.7000
1627436768941000,0,59.80646628,16.7300
1627436776975000,0,59.78644000,16.7300
1627436821866000,0,59.85371000,16.7100
1627436880121000,1,24.60000000,16.7300
1627436950523000,1,59.76500000,16.7300
1627437063519000,0,13.51601198,16.7500
1627437063519000,0,59.70933496,16.7500
1627437067736000,0,46.00000000,16.7600
1627437093330000,0,59.68000000,16.7600
1627437093345000,0,0.00438895,16.7600
1627437118760000,1,390.00000000,16.7900
1627437123076000,1,59.54436000,16.7900
1627437123205000,1,0.00000651,16.7900
1627437131703000,0,1.20131900,16.8000
1627437132121000,0,0.02451671,16.8000
1627437134507000,1,3.31000000,16.8000
1627437134539000,1,21.69000000,16.8000
1627437136679000,1,59.51672420,16.7900
1627437142739000,0,25.10000000,16.8000
1627437164685000,0,1.20169082,16.8100
1627437165800000,0,148.72498035,16.8200
1627437172974000,1,59.45303210,16.8100
1627437172974000,1,24.49999790,16.8100
1627437241047000,0,30.00000000,16.8500
1627437243041000,1,59.33098000,16.8500
1627437257438000,1,6.25000000,16.8400
1627437259416000,0,59.35563000,16.8500
1627437277899000,1,39.07006091,16.8500
1627437280337000,0,11.00000000,16.8600
1627437290296000,1,59.34084000,16.8500
1627437329022000,1,15.00350525,16.8300
1627437329134000,1,44.36620000,16.8300
1627437329144000,1,0.00002569,16.8300
1627437333866000,0,24.40000000,16.8400
1627437333866000,0,28.00000000,16.8400
1627437374965000,1,464.00000000,16.8200
1627437377191000,0,59.43536000,16.8300
1627437470787000,0,24.50000000,16.8600
1627437486696000,1,74.42000000,16.8400
1627437486724000,1,11.95346091,16.8400
1627437486737000,1,277.92000000,16.8400
1627437486817000,1,23.70653000,16.8400
1627437491132000,1,0.00000909,16.8400
1627437491132000,1,4.99999091,16.8200
1627437563217000,0,49.90000000,16.8400
1627437569244000,0,49.41911727,16.8500
1627437569277000,0,9.94286020,16.8500
1627437569277000,0,24.90000000,16.8500
1627437589764000,0,62.50000000,16.8800
1627437720187000,1,1.39000000,16.7800
1627437743855000,0,125.90000000,16.7900
1627437755598000,1,126.03133160,16.7700
1627437755598000,1,1092.64000000,16.7700
1627437755598000,1,59.57233585,16.7700
1627437755598000,1,30.00000000,16.7700
1627437755598000,1,210.81891803,16.7600
1627437755598000,1,86.18700000,16.7600
1627437755598000,1,377.80211579,16.7600
1627437755598000,1,244.53829873,16.7600
1627437755639000,1,142.88033087,16.7600
1627437755639000,1,149.03029782,16.7600
1627437755674000,1,30.00000000,16.7700
1627437755677000,1,378.08776452,16.7500
1627437755677000,1,36.00000000,16.7500
1627437755785000,1,59.60666089,16.7600
1627437755866000,1,30.00000000,16.7400
1627437755866000,1,57.79000000,16.7100
1627437755872000,1,234.73305914,16.7100
1627437756003000,1,1.99330000,16.7500
1627437756013000,1,28.00000000,16.7500
1627437756076000,1,1.56720000,16.7500
1627437756152000,1,15.46120000,16.7200
1627437756211000,1,21.26644190,16.7200
1627437756278000,1,9.52960000,16.7200
1627437756345000,1,16.62710000,16.7200
1627437759127000,1,6.25000000,16.7400
1627437759127000,1,61.23080000,16.7400
1627437761894000,1,125.90000000,16.7200
1627437761894000,1,59.72573940,16.7200
1627437761894000,1,93.99999060,16.7200
1627437762476000,1,149.49069877,16.7100
1627437762476000,1,59.72573940,16.7100
1627437762476000,1,125.80000000,16.7100
1627437762476000,1,93.99998183,16.7100
1627437773403000,1,59.87737000,16.6900
1627437792592000,1,59.73929770,16.7300
1627437792592000,1,24.69999230,16.7300
1627437808897000,1,59.76357530,16.7300
1627437808897000,1,149.38171470,16.7300
1627437809072000,1,0.00000604,16.7300
1627437815437000,0,59.79144743,16.7300
1627437815437000,0,25.20000000,16.7300
1627437815437000,0,126.51174947,16.7300
1627437815437000,0,89.49793732,16.7300
1627437815439000,0,60.02760381,16.7300
1627437815464000,0,30.00000000,16.7300
1627437815701000,0,6.25000000,16.7400
1627437815731000,0,143.22368971,16.7400
1627437816612000,0,59.68581000,16.7600
1627437816686000,0,0.00000388,16.7600
1627437821731000,1,59.68510000,16.7500
1627437821740000,1,0.00000140,16.7500
1627437822558000,0,6.24999000,16.7500
1627437822696000,0,0.00000860,16.7500
1627437830336000,1,59.65875000,16.7600
1627437836720000,0,219.45990815,16.7700
1627437836720000,0,59.67156769,16.7700
1627437887679000,0,25.00000000,16.8500
1627437900825000,1,6.25000000,16.8100
1627437900833000,1,53.21080938,16.8100
1627437914419000,1,59.44243000,16.8200
1627437979233000,1,59.44737718,16.8100
1627438083400000,1,59.45444000,16.8100
1627438105373000,1,59.40994047,16.8200
1627438129464000,1,92.12000000,16.8100
1627438132580000,1,45.26000000,16.8000
1627438132581000,1,14.20575962,16.8000
1627438172537000,0,1.54366812,16.8200
1627438172548000,0,0.03150343,16.8200
1627438187424000,0,59.31000000,16.8600
1627438187503000,0,0.00972143,16.8600
1627438274492000,1,24.50000000,16.8000
1627438282065000,1,32.78000000,16.7800
1627438282109000,1,26.77642376,16.7800
1627438304140000,1,24.70000000,16.7700
1627438328043000,0,59.60896000,16.7800
1627438357457000,0,59.57000000,16.7900
1627438357477000,0,0.00203450,16.7900
1627438375362000,1,4.93034331,16.8200
1627438375371000,1,54.51350009,16.8200
1627438377217000,1,24.80000000,16.8100
1627438438922000,0,6.25000000,16.8900
1627438526481000,1,6.25000000,16.8400
1627438526571000,1,280.11980000,16.8400
1627438541513000,0,59.46505239,16.8300
1627438553876000,0,125.30000000,16.8500
1627438626274000,0,153.06985736,16.8700
1627438629059000,0,2.45000000,16.8700
1627438629424000,0,219.28072000,16.8700
1627438629493000,0,117.19942000,16.8700
1627438629670000,0,0.00000264,16.8700
1627438675376000,1,94.00000000,16.9000
1627438678137000,0,124.70000000,16.9000
1627438765081000,1,6.25000000,16.8600
1627438815160000,1,59.44267000,16.8200
1627438815799000,0,59.43395105,16.8300
1627438815799000,0,125.20000000,16.8300
1627438815799000,0,30.00000000,16.8300
1627438965072000,0,59.52380952,16.8100
1627438965072000,0,50.40188395,16.8200
1627438965706000,0,176.90930000,16.8200
1627438965782000,0,159.53831374,16.8200
1627438965782000,0,65.46168626,16.8200
1627438965852000,0,83.28762000,16.8200
1627438989700000,0,125.20000000,16.8300
1627439044647000,1,28.00000000,16.8100
1627439044691000,1,94.00000000,16.8000
1627439044691000,1,4.95864134,16.8000
1627439227389000,1,126.19260000,16.7400
1627439332605000,0,126.10000000,16.7600
1627439337419000,0,125.70000000,16.7800
1627439340348000,1,94.00000000,16.7700
1627439340348000,1,125.92793522,16.7700
1627439340348000,1,416.00000000,16.7700
1627439340348000,1,149.07102855,16.7600
1627439340348000,1,231.67401911,16.7600
1627439425917000,0,386.62399924,16.8300
1627439425917000,0,121.08838076,16.8300
1627439425991000,0,27.57425021,16.8300
1627439425991000,0,59.45798104,16.8300
1627439443619000,1,59.36416000,16.8400
1627439471198000,1,434.00000000,16.8100
1627439486704000,0,386.56421724,16.8300
1627439486704000,0,148.65202345,16.8300
1627439486704000,0,59.45444600,16.8300
1627439487031000,0,380.00000000,16.8400
1627439488800000,0,125.50000000,16.8500
1627439495603000,1,59.37043000,16.8400
1627439495612000,1,0.00000590,16.8400
1627439502928000,1,162.05740000,16.8100
1627439503343000,1,205.00000000,16.8100
1627439503406000,1,138.94260000,16.8100
1627439544972000,0,125.20000000,16.8100
1627439598081000,0,125.20000000,16.8400
1627439693704000,1,3.16000000,16.8400
1627439717381000,1,59.36338704,16.8400
1627439898606000,0,6.25000000,16.8200
1627439917814000,1,148.41639000,16.8200
1627439924533000,1,0.00000806,16.8200
1627439962729000,0,125.20000000,16.8000
1627440033874000,0,59.53302297,16.8000
1627440033874000,0,125.19999703,16.8000
1627440167390000,1,3.16000000,16.7900
1627440296971000,1,59.54933000,16.7900
1627440297185000,1,0.00000067,16.7900
1627440315818000,1,59.50000000,16.7900
1627440341481000,1,59.61678000,16.7700
1627440356601000,1,59.61678000,16.7600
1627440384511000,1,59.72502000,16.7400
1627440412588000,1,59.72645000,16.7400
1627440412615000,1,0.00000285,16.7400
1627440434893000,1,59.71931000,16.7400
1627440440575000,1,28.55895454,16.7300
1627440440579000,1,120.72999227,16.7300
1627440440579000,1,59.71931920,16.7300
1627440440800000,1,200.00000000,16.7200
1627440442213000,1,59.80575000,16.7000
1627440466951000,1,59.90606000,16.6900
1627440500688000,1,59.87235000,16.6900
1627440504169000,1,59.87235000,16.6800
1627440517558000,0,115.79701000,16.7000
1627440530936000,0,0.00000169,16.7000
1627440530936000,0,24.49999831,16.7100
1627440531077000,0,0.00000169,16.7100
1627440538910000,1,59.79001000,16.7200
1627440549190000,1,0.00000746,16.7200
1627440549190000,1,149.47638254,16.7200
1627440562066000,0,25.10000000,16.7200
1627440579498000,0,24.60000000,16.7300
1627440584344000,1,59.73644000,16.7300
1627440584429000,1,0.00000281,16.7300
1627440631992000,1,59.79430000,16.7200
1627440684428000,1,59.80145000,16.7200
1627440807818000,1,59.76857000,16.7200
1627440819277000,1,59.89889000,16.6900
1627440874608000,1,59.74786401,16.7300
1627440874608000,1,55.95257599,16.7300
1627440874658000,1,93.42200000,16.7300
1627440886198000,0,24.70000000,16.7400
1627440901168000,1,135.00000000,16.7400
1627440901223000,1,14.29072984,16.7400
1627440901223000,1,59.71431016,16.7400
1627440933703000,1,59.65804011,16.7600
1627440933703000,1,67.61491989,16.7600
1627440933771000,1,81.50127548,16.7600
1627440933771000,1,83.49872452,16.7600
1627440933821000,1,240.00000000,16.7600
1627440981549000,0,37.40000000,16.7700
1627441069638000,1,59.62247052,16.7600
1627441073588000,1,59.68510000,16.7500
1627441073608000,1,0.00000140,16.7500
1627441073792000,1,149.11975322,16.7400
1627441073792000,1,25.88024678,16.7400
1627441073846000,1,282.71490000,16.7400
1627441081086000,1,7.17600000,16.7300
1627441101628000,1,59.84440000,16.7000
1627441102440000,1,149.66431953,16.6900
1627441102440000,1,59.88596047,16.6900
1627441102487000,1,0.00001663,16.6900
1627441108469000,1,59.88597000,16.6700
1627441108601000,1,0.00000710,16.6700
1627441110293000,1,59.99304000,16.6600
1627441110431000,1,0.00000081,16.6600
1627441114347000,0,94.00000000,16.6600
1627441114347000,0,27.80000000,16.6600
1627441117974000,0,25.00000000,16.6700
1627441128691000,0,24.80000000,16.6800
1627441145140000,0,24.70000000,16.6900
1627441167081000,0,25.00000000,16.7000
1627441178701000,0,25.00000000,16.7000
1627441195633000,0,24.70000000,16.7100
1627441195823000,0,19.30000000,16.7200
1627441214346000,0,24.80000000,16.7200
1627441228146000,0,2.95520000,16.7300
1627441228393000,0,22.14480000,16.7300
1627441231544000,1,59.75786115,16.7300
1627441231544000,1,149.38171885,16.7300
1627441240639000,1,59.76286000,16.7300
1627441261772000,1,157.48000000,16.7100
1627441261809000,1,97.41188867,16.7100
1627441261891000,1,93.10811133,16.7100
1627441263137000,0,235.00000000,16.7200
1627441267984000,1,6.76501427,16.7000
1627441267987000,1,53.07580914,16.7000
1627441275604000,1,59.92258000,16.6800
1627441275686000,1,0.00000003,16.6800
1627441280085000,1,59.92258003,16.6600
1627441281080000,1,372.00000000,16.6500
1627441283698000,0,24.70000000,16.6500
1627441291767000,1,25.66000000,16.6300
1627441306551000,0,1.19735258,16.6200
1627441309235000,0,24.00264000,16.6200
1627441348584000,1,94.00000000,16.6300
1627441360191000,1,60.15000000,16.6200
1627441360201000,1,0.00688917,16.6200
1627441393316000,1,24.70000000,16.6000
1627441419924000,1,60.22354982,16.5900
1627441419924000,1,150.62921160,16.5900
1627441457040000,1,60.22790000,16.6000
1627441480082000,1,60.31363000,16.5700
1627441482557000,1,60.31360000,16.5500
1627441485936000,0,25.20000000,16.5600
1627441486811000,1,8.98640000,16.5500
1627441489154000,0,25.30000000,16.5600
1627441493094000,0,25.40000000,16.5700
1627441495194000,1,60.36241595,16.5600
1627441495194000,1,150.90561405,16.5600
1627441501308000,0,25.30000000,16.5600
1627441582932000,1,24.70000000,16.6300
1627441670950000,0,13.65000000,16.6300
1627441670999000,0,4076.91000000,16.6300
1627441671043000,0,5.39000000,16.6300
1627441671067000,0,761.71083008,16.6300
1627441691937000,1,60.08820000,16.6400
1627441692176000,1,0.00000949,16.6400
1627441719813000,0,126.90000000,16.6400
1627441745917000,1,60.08532000,16.6400
1627441837437000,0,95.40000000,16.6500
1627441846136000,1,60.01896000,16.6500
1627441846159000,1,0.00000599,16.6500
1627441865041000,0,24.80000000,16.6600
1627441867219000,1,60.00096000,16.6600
1627441881388000,1,60.00000000,16.6600
1627441930041000,1,59.96000000,16.6700
1627441930130000,1,0.00498045,16.6700
1627441943933000,1,59.96498000,16.6600
1627441944092000,1,0.00000045,16.6600
1627441959415000,1,60.00672000,16.6600
1627441970193000,1,60.00024000,16.6600
1627441971419000,1,60.03626000,16.6500
1627441986093000,0,24.90000000,16.6400
1627441997002000,1,60.08000000,16.6300
1627442056009000,1,60.08965000,16.6400
1627442106414000,1,60.20397000,16.6000
1627442115764000,0,25.20000000,16.6000
1627442128722000,0,25.00000000,16.6100
1627442129057000,1,60.19092000,16.6100
1627442129181000,1,0.00000562,16.6100
1627442152889000,0,25.20000000,16.6100
1627442181501000,1,60.12433000,16.6300
1627442345089000,1,24.80000000,16.5800
1627442449796000,0,59.96066000,16.6800
1627442709636000,1,6.25000000,16.6800
1627442943051000,0,6.25000000,16.7100
1627442977479000,0,75.60000000,16.7400
1627443019666000,0,64.60000000,16.7700
1627443037624000,0,46.70000000,16.7900
1627443051974000,0,42.50000000,16.7900
1627443060508000,0,59.52947900,16.8100
1627443060508000,0,125.85730059,16.8100
1627443060508000,0,32.60000000,16.8100
1627443060508000,0,148.77985506,16.8100
1627443060508000,0,30.00000000,16.8100
1627443060698000,1,6.25000000,16.8100
1627443060698000,1,94.00000000,16.8100
1627443060862000,0,94.00000000,16.8100
1627443060924000,0,41.59300000,16.8100
1627443062230000,0,215.00000000,16.8200
1627443062265000,0,243.00000000,16.8200
1627443062265000,0,32.90000000,16.8200
1627443062265000,0,26.59802883,16.8300
1627443062412000,0,12.50000000,16.8300
1627443062545000,0,6.25000000,16.8300
1627443062545000,0,40.70798104,16.8300
1627443103351000,1,6.25000000,16.8300
1627443103358000,1,142.15449792,16.8300
1627443103358000,1,59.36550152,16.8300
1627443133879000,0,44.50000000,16.8400
1627443161682000,1,30.67289759,16.8400
1627443161703000,1,117.61892166,16.8400
1627443161703000,1,59.34084193,16.8400
1627443168416000,1,59.41417000,16.8200
1627443168433000,1,0.00000622,16.8200
1627443204161000,1,11.04030000,16.8400
1627443204187000,1,48.29983767,16.8400
1627443205056000,1,33.78314062,16.8300
1627443205214000,1,25.55699000,16.8300
1627443209451000,1,59.38242280,16.8300
1627443209485000,1,125.46696097,16.8200
1627443209485000,1,30.00000000,16.8200
1627443209485000,1,147.78366633,16.8200
1627443209491000,1,0.68957916,16.8200
1627443209491000,1,201.47750570,16.8200
1627443209642000,1,125.55172345,16.8200
1627443220610000,0,73.00000000,16.8000
1627443223413000,1,148.56868000,16.8200
1627443231031000,1,59.39512000,16.8300
1627443232281000,1,148.48559154,16.8200
1627443232281000,1,59.39511846,16.8200
1627443235845000,1,6.25000000,16.8100
1627443237214000,1,94.00000000,16.8000
1627443257170000,1,59.57558000,16.7800
1627443257957000,1,59.59333000,16.7700
1627443263035000,1,20.00000000,16.7700
1627443293229000,0,126.05759926,16.7800
1627443293229000,0,123.39999074,16.7800
1627443374331000,1,59.63598197,16.7600
1627443406851000,1,34.36410000,16.6900
1627443406981000,1,115.23215512,16.6900
1627443406981000,1,59.79644488,16.6900
1627443465683000,0,30.00000000,16.7100
1627443465744000,1,29.83795000,16.7100
1627443465747000,1,0.00000881,16.7100
1627443478975000,0,125.80000000,16.7100
1627443505093000,1,59.75000000,16.7300
1627443550074000,0,29.15188022,16.7200
1627443550103000,0,91.64811978,16.7200
1627443566130000,1,59.79716000,16.7200
1627443606700000,0,126.00000000,16.7100
1627443623274000,0,98.30000000,16.7200
1627443738762000,1,126.20000000,16.6700
1627443764794000,1,126.40000000,16.6800
1627444017325000,1,65.10000000,16.6800
1627444149965000,1,59.94000000,16.6800
1627444301772000,0,24.70000000,16.6600
1627444382393000,1,60.08893000,16.6400
1627444382410000,1,0.00000162,16.6400
1627444461076000,1,60.16340380,16.6100
1627444464765000,1,150.45696820,16.6000
1627444464765000,1,60.20303180,16.6000
1627444477263000,1,60.27205000,16.5800
1627444502222000,1,60.30562000,16.5800
1627444508351000,1,60.30562000,16.5700
1627444525191000,0,69.50000000,16.5700
1627444563287000,0,127.68080446,16.5700
1627444617340000,0,24.90000000,16.5800
1627444617340000,0,114.86540000,16.5800
1627444625726000,1,60.29181000,16.5800
1627444670518000,1,25.40000000,16.5800
1627444707345000,0,25.30000000,16.5900
1627444716014000,1,60.26492000,16.5900
1627444734475000,0,127.20000000,16.5900
1627444748075000,0,127.20000000,16.6000
1627444750014000,0,126.90000000,16.6100
1627444760182000,1,6.25000000,16.6000
1627444760257000,1,53.94889716,16.6000
1627444760257000,1,150.44429216,16.6000
1627444760559000,1,60.26492461,16.5900
1627444776085000,0,127.60000000,16.5700
1627444811512000,0,127.00000000,16.5600
1627444811512000,0,115.03188000,16.5600
1627444837442000,0,0.00000118,16.5600
1627444837442000,0,114.97681281,16.5600
1627444837442000,0,127.59999601,16.5600
1627444851858000,0,127.40000000,16.5800
1627444866915000,0,127.40000000,16.5900
1627444882489000,1,60.27800000,16.5800
1627444882616000,1,0.00000215,16.5800
1627444888616000,1,60.29544769,16.5800
1627444933280000,0,127.00000000,16.6000
1627444935654000,1,30.00000000,16.6000
1627444936065000,1,150.55119000,16.6000
1627444940202000,0,108.72546571,16.5900
1627444940667000,0,12.97453000,16.5900
1627444948568000,0,77.40000000,16.6100
1627444954350000,0,30.27190000,16.6200
1627444954358000,0,430.58918000,16.6200
1627444954414000,0,753.36892000,16.6200
1627444971911000,0,25.00000000,16.6400
1627444974075000,0,11.00000000,16.6500
1627444981493000,1,94.00000000,16.6400
1627444985442000,1,60.08387709,16.6400
1627444985442000,1,93.99999291,16.6400
1627444988023000,1,94.00000000,16.6300
1627444988023000,1,60.08387000,16.6300
1627445006174000,1,60.10121044,16.6300
1627445006174000,1,150.26162956,16.6300
1627445027147000,1,60.11204000,16.6300
1627445037126000,1,10.00000000,16.6200
1627445049179000,1,24.90000000,16.6000
1627445049179000,1,60.20390000,16.6000
1627445059342000,1,60.25690000,16.5900
1627445068208000,1,24.70000000,16.5800
1627445068208000,1,101.93910000,16.5800
1627445080087000,0,25.30000000,16.5900
1627445100072000,1,60.28817000,16.5800
1627445120779000,0,24.90000000,16.5400
1627445224380000,1,378.00000000,16.5200
1627445226562000,1,151.18648616,16.5000
1627445226562000,1,60.49679972,16.5000
1627445226562000,1,25.40000000,16.5000
1627445288431000,0,25.50000000,16.5200
1627445322967000,1,60.60973000,16.4900
1627445326758000,0,24.90000000,16.5000
1627445334314000,0,25.20000000,16.5100
1627445359019000,1,60.56000000,16.5000
1627445412854000,1,60.67224000,16.4800
1627445455042000,0,94.00000000,16.4600
1627445457467000,0,24.90000000,16.4700
1627445460178000,1,60.70000000,16.4700
1627445464319000,1,60.70908000,16.4700
1627445508254000,0,25.00000000,16.4600
1627445629438000,0,400.00000000,16.4600
1627445640494000,0,5.72611212,16.4700
1627445653491000,0,102.82912000,16.4700
1627445653533000,0,0.00000401,16.4700
1627445742535000,1,60.77254054,16.4500
1627445742535000,1,127.80000000,16.4500
1627445742535000,1,151.92211865,16.4500
1627445742535000,1,394.93990837,16.4500
1627445742535000,1,128.45728361,16.4500
1627445842289000,1,128.10000000,16.4700
1627445969913000,0,526.00000000,16.4500
1627446016420000,1,128.30000000,16.4400
1627446021223000,1,400.00000000,16.4200
1627446039256000,0,152.27786232,16.4300
1627446039256000,0,10.48998768,16.4300
1627446039417000,0,39.92432000,16.4300
1627446042540000,0,10.48999000,16.4300
1627446068482000,1,57.86617506,16.4200
1627446079761000,1,110.26004012,16.4100
1627446079831000,1,10.41431000,16.4100
1627446079934000,1,45.00000000,16.4100
1627446080001000,1,55.00000000,16.4100
1627446096711000,0,60.94068000,16.4200
1627446099330000,0,24.22398052,16.4300
1627446117184000,0,60.90059000,16.4300
1627446120218000,0,15.05842670,16.4400
1627446129306000,0,60.86279000,16.4400
1627446164349000,1,128.00000000,16.4200
1627446197712000,0,61.02994000,16.3900
1627446225162000,1,60.73400000,16.3900
1627446241648000,0,61.03813663,16.3900
1627446256661000,0,61.02845000,16.3900
1627446263620000,0,2.44402200,16.3900
1627446282836000,1,122.06658000,16.3800
1627446308757000,0,61.08959000,16.3800
1627446308920000,0,0.00000400,16.3800
1627446325801000,1,120.80000000,16.3800
1627446433140000,0,61.02323000,16.3900
1627446602720000,0,396.53975845,16.4000
1627446602720000,0,152.57338797,16.4000
1627446602720000,0,61.01802472,16.4000
1627446603084000,0,60.95470000,16.4100
1627446603097000,0,0.00009592,16.4100
1627446603298000,0,57.26920000,16.4200
1627446603328000,0,396.15176073,16.4200
1627446603328000,0,30.00000000,16.4200
1627446603461000,0,204.86339658,16.4300
1627446614145000,1,64.60000000,16.4300
1627446614145000,1,60.83465000,16.4300
1627446694934000,1,60.89466000,16.4200
1627446704521000,1,60.94959000,16.4000
1627446725340000,0,25.60000000,16.4000
1627446772851000,0,25.50000000,16.4300
1627446786504000,1,60.87909000,16.4200
1627446810608000,0,25.00000000,16.4200
1627446816914000,0,10.00000000,16.4200
1627446858212000,0,94.00000000,16.4000
1627446858212000,0,25.30000000,16.4000
1627446858212000,0,60.18661000,16.4000
1627446884139000,1,61.00000000,16.3900
1627446901017000,0,25.10000000,16.3900
1627446934098000,0,103.23535142,16.4000
1627446934098000,0,25.09999858,16.4000
1627447022907000,1,60.81689000,16.4400
1627447023067000,1,0.00000250,16.4400
1627447048042000,0,25.50000000,16.4300
1627447075434000,1,25.50000000,16.4000
1627447144555000,1,60.96891000,16.3900
1627447155404000,0,47.90000000,16.4000
1627447156094000,0,42.80000000,16.4100
1627447165899000,0,94.00000000,16.4200
1627447165899000,0,52.20000000,16.4200
1627447180496000,0,48.70000000,16.4200
1627447221216000,0,50.00000000,16.4100
1627447243098000,0,25.00000000,16.4000
1627447250692000,0,103.24812000,16.4000
1627447254176000,0,103.16902000,16.4100
1627447277133000,0,61.02320000,16.3900
1627447285070000,0,128.20000000,16.4100
1627447401114000,0,128.20000000,16.4000
1627447401114000,0,60.98453000,16.4000
1627447468367000,0,92.12000000,16.3600
1627447468386000,0,1.88000000,16.3600
1627447471638000,0,1.21563836,16.3700
1627447473098000,0,168.78436164,16.3700
1627447473098000,0,94.00000000,16.3700
1627447473098000,0,18.68112400,16.3700
1627447478614000,0,110.41887600,16.3700
1627447478614000,0,61.12543400,16.3700
1627447502592000,0,129.00000000,16.3800
1627447540724000,1,61.14951000,16.3500
1627447558193000,1,20.70377000,16.3300
1627447558193000,1,1.22510735,16.3300
1627447558193000,1,61.15722028,16.3300
1627447558193000,1,129.35231731,16.3300
1627447558193000,1,52.56158506,16.3300
1627447561935000,0,128.90000000,16.3300
1627447652067000,0,129.00000000,16.3500
1627447699078000,0,59.97680000,16.3600
1627447699182000,0,69.12320000,16.3600
1627447734984000,0,61.19876134,16.3500
1627447804301000,0,61.24373783,16.3300
1627447818048000,0,1.59678779,16.3400
1627447845203000,0,59.95717345,16.3500
1627447877413000,0,1.59670000,16.3600
1627447877664000,0,127.00330000,16.3600
1627448002352000,0,7.54661625,16.4100
1627448002487000,0,53.43048000,16.4100
1627448002504000,0,0.00000075,16.4100
1627448158368000,1,61.05304000,16.3700
1627448295793000,1,61.23098000,16.3300
1627448297406000,0,94.00000000,16.3300
1627448304039000,1,61.26700159,16.3200
1627448340872000,0,61.35571000,16.3100
1627448340972000,0,0.00000590,16.3100
1627448370279000,0,3.94878638,16.3000
1627448400279000,0,7.18216017,16.3000
1627448456541000,0,61.28000000,16.3200
1627448456613000,0,0.00577557,16.3200
1627448458384000,0,25.50000000,16.3300
1627448468105000,0,25.30000000,16.3300
1627448473289000,0,25.50000000,16.3400
1627448506629000,0,61.15160000,16.3600
1627448530860000,0,61.09000000,16.3700
1627448577143000,0,18.47920000,16.3900
1627448620905000,1,25.00000000,16.3900
1627448634001000,0,25.50000000,16.4000
1627448634312000,0,116.22582596,16.4100
1627448634312000,0,36.25264589,16.4100
1627448634312000,0,60.98007171,16.4100
1627448634882000,0,302.00000000,16.4300
1627448635022000,0,11.00000000,16.4400
1627448671486000,0,60.80136000,16.4500
1627448707841000,0,60.73120000,16.4700
1627448737384000,1,25.10000000,16.4400
1627448758941000,1,410.00000000,16.4300
1627448762000000,1,60.89466000,16.4200
1627448770860000,0,152.18331342,16.4400
1627448770860000,0,60.85537658,16.4400
1627448801027000,1,25.10000000,16.4500
1627448836968000,0,60.75112000,16.4700
1627448856851000,1,60.70908208,16.4700
1627448856851000,1,151.72808365,16.4700
1627448870330000,1,60.82651000,16.4300
1627448874620000,0,25.00000000,16.4400
1627448874620000,0,60.86427000,16.4400
1627448874690000,0,28.00000000,16.4400
1627448891636000,0,60.79323000,16.4600
1627448949119000,1,60.69000000,16.4700
1627448952879000,1,60.73046000,16.4600
1627448953020000,1,0.00000605,16.4600
1627449008056000,0,60.75703263,16.4700
1627449240792000,0,24.90000000,16.5000
1627449296537000,0,13.92186553,16.5100
1627449425015000,0,6.25000000,16.5100
1627449553258000,1,60.59871000,16.5000
1627449765502000,1,60.69729000,16.4700
1627449778637000,0,128.20000000,16.4800
1627449793372000,0,6.25000000,16.5000
1627449798081000,1,60.57742401,16.5000
1627449798081000,1,151.45781599,16.5000
1627449862884000,1,60.66856000,16.4800
1627450036448000,1,71.02717500,16.4800
1627450094715000,1,60.67298000,16.4800
1627450094780000,1,0.00000475,16.4800
1627450327349000,1,60.72080000,16.4600
1627450345771000,1,60.74374000,16.4600
1627450345776000,1,0.00000643,16.4600
1627450355844000,0,6.04189435,16.4700
1627450390854000,1,10.30630000,16.4500
1627450402747000,0,115.83773617,16.4500
1627450402747000,0,127.99999383,16.4500
1627450408150000,1,6.25000000,16.4400
1627450468912000,0,3.27000000,16.4300
1627450469638000,1,116.01536995,16.4200
1627450470100000,1,249.98463000,16.4200
1627450470215000,1,0.00000005,16.4200
1627450491609000,1,1660.00000000,16.3600
1627450491720000,1,60.00000000,16.3600
1627450491752000,1,81.00000000,16.3600
1627450501778000,0,116.51799338,16.3600
1627450533532000,0,116.46756000,16.3600
1627450665725000,1,61.07392000,16.3700
1627450724678000,1,61.07616197,16.3700
1627450724678000,1,108.92383803,16.3700
1627450724878000,1,43.74019522,16.3700
1627450724906000,1,0.00000001,16.3700
1627450725461000,1,6.25000000,16.3600
1627450725548000,1,37.24253105,16.3600
1627450725577000,1,17.61647520,16.3600
1627450742634000,0,25.80000000,16.3700
1627450793720000,1,60.95000000,16.4000
1627450793739000,1,0.00182368,16.4000
1627451039884000,0,6.25000000,16.4700
1627451075633000,0,4.25000000,16.4700
1627451258381000,0,60.98750976,16.4000
1627451348903000,0,25.20000000,16.4500
1627451352515000,1,60.74522000,16.4600
1627451388208000,0,25.30000000,16.4400
1627451412888000,1,25.00000000,16.4500
1627451480072000,1,60.82059142,16.4300
1627451497849000,0,1.97000000,16.4100
1627451765254000,1,6.25000000,16.3800
1627451872315000,0,6.25000000,16.3700
1627451872842000,0,16.19302228,16.3700
1627451895691000,0,2.65697772,16.3700
1627451895691000,0,103.42182228,16.3700
1627451907783000,1,59.77942612,16.3900
1627451921517000,1,1.21998829,16.3900
1627451923802000,0,103.27451922,16.4000
1627451923802000,0,75.79999078,16.4000
1627451923808000,0,0.00000922,16.4000
1627451932164000,1,60.91617000,16.4100
1627451961970000,1,60.89466000,16.4200
1627451967908000,1,60.88724899,16.4200
1627452008136000,1,60.96743000,16.4000
1627452024817000,1,60.99718000,16.3800
1627452025012000,1,0.00000193,16.3800
1627452031547000,0,3.03909590,16.3700
1627452063876000,0,103.53321845,16.3600
1627452063876000,0,25.39999155,16.3600
1627452096626000,1,61.06721057,16.3700
1627452096626000,1,152.67134943,16.3700
1627452120160000,0,3.03900000,16.3900
1627452120195000,0,21.96100000,16.3900
1627452129994000,0,25.00000000,16.4000
1627452131959000,0,103.22829283,16.4100
1627452131959000,0,25.19999717,16.4100
1627452138208000,1,60.92137000,16.4100
1627452152127000,1,0.00000487,16.4100
1627452152127000,1,152.28447513,16.4100
1627452152225000,1,0.00000657,16.4100
1627452156420000,1,152.28090000,16.4000
1627452156524000,1,0.00000483,16.4000
1627452181715000,0,19.61669215,16.3900
1627452181871000,0,6.08330785,16.3900
1627452423693000,0,2.93597560,16.4000
1627452504964000,1,61.00685000,16.3900
1627452508455000,0,1.58000000,16.3900
1627452535270000,1,25.40000000,16.3600
1627452535270000,1,53.77415709,16.3600
1627452535283000,1,95.00000000,16.3600
1627452535433000,1,3.91225376,16.3600
1627452535433000,1,2.33774624,16.3600
1627452539825000,1,61.10000000,16.3600
1627452539853000,1,0.00825939,16.3600
1627452553284000,1,61.11647577,16.3600
1627452553294000,1,0.00000001,16.3600
1627452624441000,0,129.34563000,16.3700
1627452624463000,0,0.00000211,16.3700
1627452624675000,0,2.93590000,16.3800
1627452624771000,0,149.82020791,16.3800
1627452624771000,0,61.09183324,16.3800
1627452630314000,1,61.01951404,16.3800
1627452630314000,1,152.58003596,16.3800
1627452630492000,1,0.00000732,16.3800
1627452646474000,1,61.04037000,16.3800
1627452646508000,1,0.00000210,16.3800
1627452646674000,1,152.65644343,16.3700
1627452646674000,1,396.86526171,16.3700
1627452654683000,1,20.00000000,16.3500
1627452749537000,0,90.68442000,16.3500
1627452767821000,1,152.66589781,16.3700
1627452767821000,1,61.02410219,16.3700
1627452767870000,1,0.00956398,16.3700
1627452907141000,0,61.17255554,16.3500
1627452907141000,0,25.49999446,16.3500
1627453042843000,1,61.12021000,16.3500
1627453091524000,1,61.26000000,16.3200
1627453097742000,1,61.37981832,16.2900
1627453097742000,1,113.73915168,16.2900
1627453098418000,1,25.20000000,16.2800
1627453098418000,1,153.41149317,16.2800
1627453098418000,1,61.38207889,16.2800
1627453098418000,1,2.49939281,16.2700
1627453098418000,1,63.59700000,16.2700
1627453098418000,1,45.14357550,16.2700
1627453113732000,0,25.70000000,16.3000
1627453115912000,0,30.00000000,16.3000
1627453116459000,1,31.32787106,16.3000
1627453142770000,1,61.45601593,16.2700
1627453142770000,1,153.61133413,16.2700
1627453154820000,0,104.14008000,16.2600
1627453154894000,0,0.00000734,16.2600
1627453161830000,1,61.49758000,16.2500
1627453196942000,0,104.27171000,16.2400
1627453211581000,1,61.55058227,16.2400
1627453246300000,1,59.16000000,16.2700
1627453272657000,0,24.32700939,16.2700
1627453272659000,0,1.57299061,16.2700
1627453279358000,1,17.92300000,16.2800
1627453305205000,1,43.49300747,16.2800
1627453305205000,1,141.50699253,16.2800
1627453305402000,1,11.99869000,16.2800
1627453344105000,0,69.42710000,16.2800
1627453357737000,1,61.37906000,16.2900
1627453365437000,1,61.37000000,16.2900
1627453365462000,1,0.00228428,16.2900
1627453381608000,0,25.59999999,16.3000
1627453381685000,0,0.00000001,16.3000
1627453434050000,1,2.00000000,16.3000
1627453540686000,1,25.00000000,16.2900
1627453625907000,1,61.37680000,16.2900
1627453749113000,1,61.21599000,16.3300
1627453791301000,1,1.55003069,16.2900
1627453793786000,1,154.93000000,16.2800
1627453793802000,1,125.07000000,16.2800
1627453800464000,1,1.55003069,16.2700
1627453841956000,0,9.15082771,16.3100
1627453913691000,1,5.00000000,16.3200
1627453913765000,1,56.26775233,16.3200
1627453962508000,1,9.74000000,16.3400
1627453962538000,1,51.44902514,16.3400
1627454091300000,1,25.40000000,16.3000
1627454112753000,1,25.20000000,16.2900
1627454120912000,0,61.43185364,16.2800
1627454278682000,0,5.00000000,16.3300
1627454389616000,1,61.36851000,16.2900
1627454405937000,0,91.57055214,16.3000
1627454422833000,0,2.09000000,16.2600
1627454449930000,1,61.53000000,16.2300
1627454454338000,1,18.50000000,16.2000
1627454454338000,1,30.00000000,16.2000
1627454471888000,1,55.00000000,16.1700
1627454472314000,1,61.80087757,16.1600
1627454472314000,1,33.77727954,16.1600
1627454472416000,1,6.25000000,16.1600
1627454472477000,1,6.05415000,16.1600
1627454480086000,0,61.96017200,16.1500
1627454485424000,1,61.90263000,16.1400
1627454488719000,0,2.09000000,16.1400
1627454489014000,0,23.91000000,16.1400
1627454503116000,0,10.21550000,16.1500
1627454503166000,0,15.68450000,16.1500
1627454559112000,1,61.91183000,16.1500
1627454577329000,0,5.00000000,16.1400
1627454588240000,0,62.02781327,16.1300
1627454592131000,0,155.05643483,16.1300
1627454592131000,0,62.02472517,16.1300
1627454607886000,0,91.86754857,16.1500
1627454607886000,0,61.96323143,16.1500
1627454629644000,0,94.00000000,16.0800
1627454630256000,1,2.38185095,16.0600
1627454630256000,1,5.83902747,16.0600
1627454632720000,0,43.71323000,16.0700
1627454632995000,0,96.60681000,16.0800
1627454633870000,0,62.19679065,16.0800
1627454634640000,0,145.00000000,16.0900
1627454634711000,0,10.46333000,16.0900
1627454634864000,0,6.25000000,16.0900
1627454636569000,1,62.18000000,16.0900
1627454644921000,1,43.35537640,16.0800
1627454646174000,0,62.20065000,16.0800
1627454646922000,0,62.19060000,16.0900
1627454650330000,1,6.25000000,16.0500
1627454653644000,0,62.31461402,16.0600
1627454653644000,0,43.45401598,16.0600
1627454653725000,0,112.38337260,16.0600
1627454655906000,1,62.31927411,16.0400
1627454655906000,1,28.00000000,16.0400
1627454657124000,0,25.60000000,16.0600
1627454657124000,0,62.31073000,16.0600
1627454657624000,0,0.00000115,16.0600
1627454657624000,0,25.99999885,16.0600
1627454659088000,0,0.00000115,16.0600
1627454659088000,0,62.27192906,16.0700
1627454659088000,0,155.67616979,16.0700
1627454663715000,1,62.26805151,16.0500
1627454663715000,1,107.73194849,16.0500
1627454663766000,1,47.95366056,16.0500
1627454671635000,0,62.36746000,16.0400
1627454671640000,0,0.00000913,16.0400
1627454676687000,0,25.80000000,16.0500
1627454676687000,0,62.32937000,16.0500
1627454679532000,0,62.30840166,16.0600
1627454690541000,1,62.09868723,16.0800
1627454690541000,1,155.41041951,16.0800
1627454693672000,1,62.09000000,16.0700
1627454693695000,1,0.00868723,16.0700
1627454693695000,1,62.08131277,16.0700
1627454693733000,1,93.42771275,16.0700
1627454703278000,0,62.25564659,16.0700
1627454703278000,0,31.74435341,16.0700
1627454703447000,0,123.92613419,16.0700
1627454746639000,1,62.06000000,16.1100
1627454746674000,1,0.00708210,16.1100
1627454748442000,1,62.06000000,16.1000
1627454753788000,1,62.13650000,16.0900
1627454758138000,0,26.20000000,16.0900
1627454773596000,1,62.12492000,16.0900
1627454773614000,1,0.00000079,16.0900
1627454800923000,0,25.80000000,16.1200
1627454808235000,1,62.02319000,16.1100
1627454818585000,0,19.46374780,16.1200
1627454824255000,1,62.02781000,16.1100
1627454830003000,0,6.25000000,16.1200
1627454830179000,0,19.65000000,16.1200
1627454896045000,1,61.95786000,16.1300
1627454907132000,0,6.16099071,16.1500
1627454926821000,1,61.90953000,16.1400
1627454963382000,0,1.83085502,16.1500
1627454971719000,1,6.25000000,16.1300
1627454977823000,0,92.12000000,16.1300
1627455040607000,0,25.80000000,16.1500
1627455043916000,1,61.91000000,16.1500
1627455043926000,1,0.00337081,16.1500
1627455064322000,1,25.80000000,16.1200
1627455071598000,1,26.00000000,16.1000
1627455090160000,1,155.08840650,16.1100
1627455090160000,1,57.68624298,16.1100
1627455102291000,0,62.07941198,16.1100
1627455102291000,0,25.69998802,16.1100
1627455102301000,0,0.00001198,16.1100
1627455120809000,0,44.98620000,16.1300
1627455133289000,0,26.26332920,16.1200
1627455164395000,0,25.70000000,16.1100
1627455348747000,0,1.56734947,16.1100
1627455356041000,1,25.70000000,16.0900
1627455387730000,1,62.09000000,16.1000
1627455387791000,1,0.00406008,16.1000
1627455454946000,1,25.40000000,16.1300
1627455496537000,0,22.19330855,16.1400
1627455572061000,1,25.60000000,16.1000
1627455582257000,0,94.00000000,16.1000
1627455582288000,0,30.00000000,16.1000
1627455647872000,0,62.12414000,16.1000
1627455649944000,0,8.24081928,16.1100
1627455673306000,0,62.09250000,16.1100
1627455673346000,0,0.00001785,16.1100
1627455679160000,0,58.44160000,16.1100
1627455679193000,0,3.63781198,16.1100
1627455687461000,0,26.20000000,16.1200
1627455687461000,0,62.06245000,16.1200
1627455687479000,0,0.00000966,16.1200
1627455707594000,0,62.02000000,16.1300
1627455707603000,0,0.00473546,16.1300
1627455712247000,0,60.74882222,16.1400
1627455712261000,0,28.00000000,16.1400
1627455768127000,0,13.46900000,16.2000
1627455791880000,1,5.21000000,16.2000
1627455960245000,0,8.70248817,16.2100
1627456101659000,0,61.52256032,16.2600
1627456123466000,1,28.01325478,16.2500
1627456197279000,1,61.52483142,16.2500
1627456197279000,1,93.99516858,16.2500
1627456208172000,1,94.00000000,16.2300
1627456218163000,0,6.25000000,16.2400
1627456220735000,0,19.74999999,16.2400
1627456224645000,1,61.56640000,16.2400
1627456235460000,0,93.99999999,16.2400
1627456239665000,1,60.44200000,16.2400
1627456255077000,1,61.56270777,16.2400
1627456255077000,1,93.99999223,16.2400
1627456300590000,1,61.56720000,16.2400
1627456311473000,1,3.21000000,16.2300
1627456311588000,1,119.38827479,16.2300
1627456311588000,1,92.87803450,16.2300
1627456311617000,1,1.12196550,16.2300
1627456319247000,1,61.60360000,16.2300
1627456327470000,1,61.60590000,16.2300
1627456443670000,1,3.22310000,16.2300
1627456443749000,1,58.34870000,16.2300
1627456466853000,1,44.04213836,16.2500
1627456486501000,1,153.78039868,16.2500
1627456486501000,1,61.49379132,16.2500
1627456545534000,1,44.04210000,16.2100
1627456546109000,1,154.10157352,16.2100
1627456546109000,1,61.64695648,16.2100
1627456603779000,0,26.00000000,16.2400
1627456618104000,0,61.59000764,16.2400
1627456618104000,0,104.33573501,16.2400
1627456618104000,0,25.70000000,16.2400
1627456618104000,0,94.00000000,16.2400
1627456618104000,0,104.30915242,16.2500
1627456618104000,0,2.59299826,16.2500
1627456618104000,0,94.00000000,16.2500
1627456618104000,0,153.96086067,16.2500
1627456618104000,0,400.25204647,16.2500
1627456618104000,0,36.00000000,16.2500
1627456618104000,0,423.25919953,16.2500
1627456623566000,1,61.60000000,16.2300
1627456623604000,1,0.00670281,16.2300
1627456751352000,1,61.64164016,16.2200
1627456751352000,1,27.35835984,16.2100
1627456845064000,1,61.56270000,16.2400
1627456902029000,1,137.77000000,16.2500
1627456902054000,1,0.00876923,16.2500
1627456922434000,0,91.23790000,16.2500
1627456923497000,0,0.00004166,16.2500
1627456923497000,0,69.40375834,16.2500
1627457040873000,0,61.45903754,16.2800
1627457040877000,0,0.00000001,16.2800
1627457043235000,1,6.25000000,16.3000
1627457050867000,1,61.37000000,16.2900
1627457051065000,1,43.00000000,16.3000
1627457051095000,1,30.00000000,16.2900
1627457069983000,1,61.30000000,16.3100
1627457069995000,1,0.00305780,16.3100
1627457131152000,0,24.38725490,16.3200
1627457467405000,1,25.60000000,16.3300
1627457506957000,1,61.34000000,16.2900
1627457508246000,1,520.00000000,16.2800
1627457517993000,1,153.72291983,16.2300
1627457517993000,1,61.45601593,16.2300
1627457517993000,1,28.00000000,16.2300
1627457525490000,0,61.63632105,16.2300
1627457525490000,0,25.89999895,16.2300
1627457542746000,0,25.40000000,16.2400
1627457602351000,1,61.47490594,16.2600
1627457602351000,1,83.52509406,16.2600
1627457602410000,1,70.16367675,16.2600
1627457602410000,1,25.79999325,16.2600
1627457611333000,1,399.71000000,16.2500
1627457633696000,1,0.00588172,16.2500
1627457708561000,1,25.39999999,16.2400
1627457708576000,1,0.00000001,16.2400
1627457809310000,0,153.66686603,16.2800
1627457809310000,0,61.46280397,16.2800
1627457828956000,0,0.00001103,16.2800
1627457829136000,0,6.25000000,16.2900
1627457829469000,0,82.00000000,16.2900
1627457829483000,0,311.15976745,16.2900
1627457873433000,1,6.25000000,16.3300
1627457874686000,1,537.75000000,16.3300
1627457901210000,0,30.00000000,16.3700
1627457905782000,0,25.30000000,16.4000
1627457910338000,0,25.20000000,16.3900
1627457911224000,0,25.30000000,16.4000
1627457911224000,0,28.00000000,16.4100
1627457911224000,0,224.81538896,16.4200
1627457911224000,0,2.56011032,16.4200
1627457911224000,0,116.22977654,16.4300
1627457911224000,0,103.09472418,16.4300
1627457918161000,0,25.40000000,16.4000
1627457928816000,0,6.25000000,16.3900
1627457933343000,1,195.00000000,16.3700
1627457933407000,1,25.99026000,16.3700
1627458008825000,1,30.00000000,16.4200
1627458059327000,0,25.50000000,16.4200
1627458059327000,0,30.00000000,16.4200
1627458059327000,0,116.17737390,16.4200
1627458059458000,0,6.25000000,16.4200
1627458059810000,0,60.56056667,16.4600
1627458084410000,1,30.00000000,16.4400
1627458102505000,0,25.00000000,16.4700
1627458142660000,0,30.00000000,16.5000
1627458207194000,0,115.58089128,16.5000
1627458209336000,0,115.49968000,16.5100
1627458209383000,0,0.00000527,16.5100
1627458219854000,1,94.00000000,16.5100
1627458219854000,1,30.00000000,16.5100
1627458272215000,0,102.56000000,16.5300
1627458279111000,0,22.61000000,16.5300
1627458488265000,0,2.33786510,16.5900
1627458488265000,0,34.93272270,16.5900
1627458488265000,0,102.23616227,16.5900
1627458488265000,0,94.00000000,16.5900
1627458488265000,0,30.00000000,16.5900
1627458488265000,0,24.90000000,16.5900
1627458488265000,0,47.43747086,16.6000
1627458911101000,1,50.00000000,16.5400
1627458911318000,1,26.26332920,16.5400
1627458926706000,1,25.00000000,16.5700
1627458978096000,1,25.00000000,16.5800
1627459111481000,1,10.00000000,16.5800
1627459170553000,0,25.50000000,16.5800
1627459170553000,0,76.71299000,16.5800
1627459178680000,0,0.00000672,16.5800
1627459194497000,0,1.20253164,16.5900
1627459232940000,0,6.25000000,16.5900
1627459381360000,0,25.00000000,16.5400
1627459381360000,0,94.00000000,16.5500
1627459381360000,0,61.83141993,16.5500
1627459474741000,0,25.60000000,16.5000
1627459538981000,0,7.13680000,16.4800
1627459642716000,0,25.60000000,16.5100
1627459733807000,1,6.11555009,16.4900
1627459925006000,0,128.11649816,16.5500
1627459925006000,0,24.89999184,16.5500
1627459925152000,0,6.25000000,16.5600
1627459941939000,0,1.21563836,16.6200
1627459942929000,0,20.70377000,16.6500
1627459942929000,0,412.00000000,16.6500
1627459943981000,1,30.00000000,16.6500
1627459969001000,0,127.34496926,16.6500
1627459969001000,0,25.19999074,16.6500
1627460021220000,1,6.00000000,16.6900
1627460082891000,0,18.50000000,16.7000
1627460097914000,1,12.11550000,16.7200
1627460097919000,1,12.88450000,16.7200
1627460140588000,1,25.00000000,16.7100
1627460226079000,0,2.40109341,16.6200
1627460226079000,0,9.57363583,16.6200
1627460251494000,1,25.20000000,16.5900
1627460289032000,0,9.57360000,16.6200
1627460481607000,1,25.10000000,16.5500
1627460647716000,0,20.66746987,16.6000
1627460828256000,0,60.39000000,16.5600
1627460946305000,1,5.92844162,16.5200
1627460947330000,1,60.44706000,16.5200
1627460952685000,0,48.73000000,16.5300
1627460952760000,0,11.78144271,16.5300
1627460956922000,0,60.50000000,16.5300
1627460956937000,0,0.00997810,16.5300
1627460973624000,0,60.50412000,16.5300
1627460973653000,0,0.00000033,16.5300
1627461058752000,1,25.40000000,16.4900
1627461065506000,1,25.20000000,16.4800
1627461081846000,1,219.88937284,16.4600
1627461081846000,1,24.89999716,16.4600
1627461084281000,0,60.76515000,16.4600
1627461105389000,0,4.70000000,16.4500
1627461105416000,0,56.10210132,16.4500
1627461106358000,0,60.77401789,16.4600
1627461142925000,0,60.72000000,16.4700
1627461142945000,0,0.00751564,16.4700
1627461166700000,0,24.88000000,16.5000
1627461166712000,0,44.05000000,16.5000
1627461166746000,0,149.09169617,16.5000
1627461194951000,0,60.69139639,16.4800
1627461194951000,0,119.85756361,16.4800
1627461208993000,0,145.00000000,16.5000
1627461209236000,0,77.20995776,16.5000
1627461259725000,1,25.30000000,16.5000
1627461300027000,1,25.20000000,16.4800
1627461333943000,0,60.83169088,16.4500
1627461349780000,0,60.87687000,16.4300
1627461349791000,0,0.00000044,16.4300
1627461351496000,0,60.85834611,16.4400
1627461359615000,1,6.25000000,16.4300
1627461359822000,1,18.85000000,16.4300
1627461372082000,0,60.92000000,16.4200
1627461443457000,1,152.15101000,16.4200
1627461448269000,1,0.00000882,16.4200
1627461478112000,0,50.07602424,16.4100
1627461478157000,0,6.25000000,16.4100
1627461478226000,0,4.65330377,16.4100
1627461499907000,1,25.20000000,16.4100
1627461555724000,1,1.67382962,16.3800
1627461596967000,0,61.00834000,16.4000
1627461632207000,1,25.20000000,16.3700
1627461649520000,0,152.79718684,16.3700
1627461649520000,0,61.12992554,16.3700
1627461652434000,0,1.21489621,16.3800
1627461704723000,0,6.25000000,16.3100
1627461710456000,1,25.60000000,16.3100
1627461740413000,1,61.26850000,16.3200
1627461857854000,0,61.32034000,16.3100
1627461898051000,1,61.33388000,16.3000
1627461898055000,1,0.00000943,16.3000
1627461916617000,0,61.38283000,16.3000
1627461916635000,0,0.00000245,16.3000
1627461917198000,0,6.25000000,16.3100
1627461917205000,0,55.07335807,16.3100
1627461917459000,0,153.28038677,16.3200
1627461917459000,0,61.31282323,16.3200
1627461917604000,0,0.00000709,16.3200
1627461931141000,1,61.19000000,16.3400
1627461931171000,1,0.00351838,16.3400
1627462075803000,0,61.07094000,16.3800
1627462076394000,0,152.65548514,16.3900
1627462076394000,0,61.04483486,16.3900
1627462076402000,0,0.00000868,16.3900
1627462141569000,1,61.03000000,16.3800
1627462163146000,1,61.08000000,16.3600
1627462163164000,1,0.00063866,16.3600
1627462216763000,0,25.50000000,16.3700
1627462247178000,1,61.07000000,16.3700
1627462247188000,1,0.00989250,16.3700
1627462251772000,1,61.07989250,16.3600
1627462413801000,1,61.14000000,16.3500
1627462444080000,0,25.80000000,16.3500
1627462444080000,0,61.17180714,16.3500
1627462445776000,0,25.10000000,16.3600
1627462453913000,1,61.11000000,16.3500
1627462453950000,1,0.00274078,16.3500
1627462544474000,1,34.45000000,16.3300
1627462544487000,1,26.74351838,16.3300
1627462547025000,0,61.22199094,16.3400
1627462552292000,1,61.18000000,16.3400
1627462579314000,0,25.70000000,16.3700
1627462598941000,1,61.11647578,16.3600
1627462598941000,1,152.73352422,16.3600
1627462598975000,1,0.00312844,16.3600
1627462601597000,0,25.40000000,16.3700
1627462629532000,0,17.06898656,16.3800
1627462693265000,1,61.08000000,16.3600
1627462771502000,0,61.13515000,16.3600
1627462777940000,0,18.28370000,16.3700
1627462811574000,1,61.07000000,16.3700
1627462811609000,1,0.00317788,16.3700
1627462820939000,1,25.30000000,16.3600
1627462904069000,1,61.15000000,16.3500
1627462904101000,1,0.00459883,16.3500
1627462988606000,0,10.87485035,16.3600
1627462988606000,0,14.82514965,16.3600
1627463088516000,1,40.97592397,16.4200
1627463104246000,0,13.85261875,16.4200
1627463171137000,1,60.91840000,16.4100
1627463233936000,0,60.83761225,16.4400
1627463259119000,1,25.40000000,16.4400
1627463295171000,1,60.82207000,16.4300
1627463373170000,0,281.46000000,16.4000
1627463373400000,0,0.00548564,16.4000
1627463476655000,1,15.57590000,16.4000
1627463476721000,1,6.25000000,16.4000
1627463483574000,0,25.60000000,16.4100
1627463522531000,0,25.30000000,16.4100
1627463586256000,0,25.40000000,16.4300
1627463871380000,0,16.38599293,16.4400
1627463872200000,0,8.61400706,16.4400
1627463915467000,0,25.69999999,16.4300
1627463936002000,0,53.13780105,16.4300
1627464011465000,1,60.85760000,16.4300
1627464138372000,0,102.96942661,16.4900
1627464138372000,0,25.10000000,16.4900
1627464138372000,0,151.73073985,16.4900
1627464138372000,0,30.00000000,16.4900
1627464138372000,0,60.67740252,16.4900
1627464138372000,0,308.78914450,16.5000
1627464138372000,0,2.48648592,16.5000
1627464138372000,0,1146.40042336,16.5000
1627464195514000,0,60.68771000,16.4800
1627464195543000,0,0.00000317,16.4800
1627464254732000,1,25.30000000,16.4900
1627464312367000,1,25.40000000,16.5000
1627464327826000,1,60.67077000,16.4800
1627464378765000,1,60.63178000,16.4900
1627464434906000,1,60.63472000,16.4900
1627464544384000,1,24.80000000,16.4900
1627464559012000,0,5.00429272,16.4800
1627464559037000,0,0.00000001,16.4800
1627464693132000,1,25.00000000,16.4800
1627465032010000,1,25.40000000,16.4800
1627465074872000,0,2.53023533,16.5200
1627465074872000,0,0.45823554,16.5200
1627465183095000,1,60.63472000,16.4900
1627465230671000,1,25.60000000,16.4800
1627465439324000,1,60.74817452,16.4500
1627465454264000,1,25.00000000,16.4500
1627465501925000,1,25.60000000,16.4300
1627465622979000,1,60.70908000,16.4700
1627465839933000,0,30.00000000,16.4500
1627465923984000,1,25.10000000,16.4600
1627466042623000,0,1.50944308,16.4700
1627466078009000,0,30.00000000,16.4800
1627466078117000,0,30.71940349,16.4800
1627466078117000,0,4.80577881,16.4800
1627466078182000,0,146.95614161,16.4800
1627466139324000,0,60.65000000,16.4900
1627466295765000,0,60.54661484,16.5200
1627466310848000,0,25.30000000,16.5500
1627466310848000,0,60.46461006,16.5500
1627466310996000,0,6.25000000,16.5600
1627466311062000,0,386.68819384,16.5600
1627466311062000,0,151.09250906,16.5600
1627466338638000,1,57.62385920,16.6000
1627466338659000,1,2.56706642,16.6000
1627466338796000,1,6.25000000,16.5900
1627466338862000,1,150.55440535,16.5900
1627466338862000,1,60.24096386,16.5900
1627466339459000,1,60.24096000,16.5800
1627466388745000,1,60.22935000,16.6000
1627466388848000,1,0.00000338,16.6000
1627466394296000,1,60.22790238,16.6000
1627466394296000,1,29.99999762,16.6000
1627466422868000,1,60.28236000,16.5800
1627466436271000,1,24.90000000,16.5700
1627466453571000,1,32.96304404,16.5600
1627466453572000,1,43.23477406,16.5600
1627466453773000,1,5.83132639,16.5600
1627466504055000,1,1.48395331,16.5100
1627466506914000,0,15.36594485,16.5300
1627466507036000,0,60.84493594,16.5300
1627466507075000,0,83.78911921,16.5300
1627466509156000,1,6.25000000,16.5300
1627466524033000,1,25.00000000,16.5200
1627466538692000,1,1.30000000,16.5000
1627466585734000,0,89.68824896,16.5300
1627466585734000,0,49.82550180,16.5300
1627466585810000,0,78.40479391,16.5300
1627466585821000,0,6.25000000,16.5300
1627466585830000,0,10.64805684,16.5300
1627466585833000,0,6.16206449,16.5300
1627466585833000,0,15.26279526,16.5300
1627466585839000,0,9.03813772,16.5300
1627466585841000,0,369.13869192,16.5300
1627466585841000,0,60.53855095,16.5300
1627466585841000,0,89.69878285,16.5300
1627466586218000,0,60.53855095,16.5500
1627466586218000,0,33.46144905,16.5500
1627466586224000,0,11.00000000,16.5500
1627466586616000,0,106.87475784,16.5500
1627466586616000,0,393.43010095,16.5500
1627466591531000,0,94.00000000,16.5800
1627466591531000,0,2.46784990,16.5800
1627466591531000,0,49.00093644,16.5800
1627466600057000,0,19.19906356,16.5800
1627466600057000,0,2.43668467,16.5800
1627466600057000,0,94.00000000,16.5800
1627466600057000,0,30.00000000,16.5800
1627466626808000,0,26.80000000,16.5900
1627466628875000,0,215.39159962,16.6100
1627466628875000,0,26.80000000,16.6100
1627466628875000,0,718.19704017,16.6200
1627466648283000,1,25.10000000,16.6100
1627466648730000,1,25.30000000,16.6000
1627466688257000,0,44.66244225,16.6100
1627466688257000,0,290.27171467,16.6100
1627466688257000,0,111.64997155,16.6100
1627466761162000,0,36.44720000,16.5400
1627466762168000,0,0.00001679,16.5400
1627466762168000,0,57.55288321,16.5400
1627466762235000,1,89.47056017,16.5400
1627466773243000,0,25.40000000,16.5600
1627466773243000,0,2.50031299,16.5600
1627466773243000,0,94.00000000,16.5600
1627466773243000,0,81.25338924,16.5600
1627466780351000,1,127.85674080,16.5300
1627466795221000,0,94.00000000,16.5400
1627466795221000,0,25.00000000,16.5400
1627466810972000,0,33.86809328,16.5300
1627466810972000,0,84.61565751,16.5300
1627466810972000,0,171.51624921,16.5300
1627466810973000,0,48.61036571,16.5300
1627466813422000,0,220.25970236,16.5400
1627466813422000,0,33.88856975,16.5400
1627466813422000,0,84.71800789,16.5400
1627466813504000,0,0.00002160,16.5400
1627466861852000,0,11.02040000,16.5500
1627466862348000,0,0.00004049,16.5500
1627466863507000,0,71.61536394,16.5600
1627466863507000,0,27.55383606,16.5600
1627466911233000,1,94.00000000,16.5700
1627466911409000,0,29.20030000,16.5700
1627466920940000,1,94.00000000,16.5800
1627466965441000,0,1.21489621,16.6300
1627466965441000,0,24.70000000,16.6300
1627466965441000,0,33.91853734,16.6300
1627467043942000,1,25.30000000,16.5700
1627467135143000,1,30.00000000,16.5600
1627467391467000,1,10.00000000,16.5800
1627467398413000,0,25.40000000,16.6000
1627467398413000,0,71.70301204,16.6000
1627467453437000,1,25.00000000,16.5900
1627467520891000,1,33.60000000,16.5500
1627467985428000,1,127.40000000,16.5800
1627467985543000,1,2.60000000,16.5800
1627468017663000,1,25.40000000,16.5700
1627468054672000,1,25.10000000,16.5600
1627468444504000,1,66.30000000,16.4800
1627469130274000,0,10.00000000,16.5200
1627469378987000,0,1.46000000,16.5200
1627469426278000,1,143.75651000,16.5100
1627469426340000,1,0.00000120,16.5100
1627469776088000,0,24.90000000,16.5700
1627469829854000,0,25.30000000,16.5600
1627470102135000,0,24.90000000,16.4700
1627470145636000,0,25.75520898,16.4800
1627470145636000,0,25.29999102,16.4800
1627470972544000,0,1.99153055,16.5300
1627470975143000,1,12.74700000,16.5200
1627471397591000,0,3.45150000,16.5100
1627471397825000,1,14.39421338,16.5000
1627471882509000,1,14.39420000,16.6900
1627471888916000,1,24.60000000,16.6900
1627471897946000,0,1.94843342,16.7000
1627471900376000,1,94.00000000,16.7100
1627471911845000,1,55.75573000,16.7000
1627471932864000,0,25.10000000,16.6800
1627471933549000,0,6.25000000,16.6900
1627471936788000,1,155.00000000,16.7000
1627472020007000,0,25.10000000,16.7000
1627472021952000,0,145.00000000,16.7100
1627472022025000,0,165.00000000,16.7100
1627472022092000,0,170.00000000,16.7100
1627472022115000,1,160.00000000,16.7000
1627472022115000,1,47.17182886,16.6900
1627472022140000,1,23.60531091,16.7000
1627472022159000,0,144.90316205,16.7100
1627472022189000,1,30.00000000,16.7100
1627472022201000,1,46.13120795,16.7100
1627472022271000,1,30.00000000,16.7000
1627472022273000,1,102.82817114,16.6900
1627472026765000,1,94.00000000,16.6700
1627472029921000,1,4.00000000,16.6700
1627472041464000,0,26.35292807,16.6700
1627472043386000,0,24.99999999,16.6700
1627472043388000,0,0.00000001,16.6700
1627472057908000,0,2.46804013,16.6500
1627472057908000,0,47.46079566,16.6500
1627472057908000,0,42.74467000,16.6500
1627472057908000,0,25.00000000,16.6500
1627472057908000,0,76.39922771,16.6500
1627472057908000,0,2.58882443,16.6600
1627472057908000,0,4.72924203,16.6600
1627472172753000,1,25.30000000,16.6300
1627472182980000,1,24.80000000,16.6200
1627472217722000,0,2.49625808,16.6200
1627472217722000,0,63.76617042,16.6200
1627472217722000,0,53.73757150,16.6200
1627472333700000,0,7.05000000,16.6300
1627472334040000,0,5.97000000,16.6300
1627472334247000,0,7.02000000,16.6300
1627472347539000,1,6.21890546,16.6000
1627472490196000,1,70.53670000,16.6000
1627472696019000,0,25.10000000,16.6400
1627472877382000,1,94.00000000,16.6400
1627472877382000,1,25.20000000,16.6400
1627472877382000,1,106.04839124,16.6400
1627472974701000,1,25.40000000,16.6300
1627473002354000,1,24.80000000,16.6100
1627473120263000,0,2.20506638,16.6600
1627473508308000,1,43.80000000,16.6400
1627473531715000,0,225.01845648,16.6500
1627473609977000,0,41.52000000,16.6900
1627473610298000,0,248.48000000,16.6900
1627473813268000,1,14.08627692,16.6000
1627473813361000,1,11.01372308,16.6000
1627473814608000,1,2.71887318,16.5700
1627473814608000,1,25.34152702,16.5700
1627473820910000,0,6.00000000,16.5900
1627473824573000,0,6.00000000,16.5700
1627473824753000,0,6.00000000,16.5700
1627473824862000,0,82.00000000,16.5700
1627473825150000,0,6.00000000,16.5800
1627473830449000,0,6.00000000,16.5700
1627474247570000,0,106.00000000,16.5700
1627474254519000,0,1.50124453,16.5900
1627474289246000,1,94.00000000,16.5900
1627474289246000,1,21.79701169,16.5900
1627474374088000,0,3.11665664,16.6200
1627474595135000,1,24.90000000,16.6100
1627474605303000,0,94.00000000,16.6100
1627474605303000,0,25.30000000,16.6100
1627474605303000,0,103.35562913,16.6100
1627474705943000,0,25.10000000,16.6200
1627474730396000,0,2.91660000,16.6500
1627474920747000,1,25.20000000,16.5500
1627474996531000,0,1.50271903,16.5500
1627475577394000,1,6.25000000,16.5400
1627475577453000,1,19.05000000,16.5400
1627475579228000,1,6.22263914,16.5300
1627475830335000,1,24.90000000,16.4800
1627475830468000,1,10.00000000,16.4700
1627475831716000,1,25.50000000,16.4700
1627475989347000,0,94.00000000,16.4600
1627476023169000,1,10.00000000,16.4500
1627476043895000,0,94.00000000,16.4300
1627476044154000,1,10.00000000,16.4100
1627476052311000,0,122.59827000,16.4300
1627476059429000,0,0.00000479,16.4300
1627476059429000,0,61.60986455,16.4300
1627476059429000,0,130.52122066,16.4300
1627476059480000,0,23.47765462,16.4300
1627476059480000,0,291.69510000,16.4300
1627476059743000,0,25.20000000,16.4400
1627476060340000,0,61.60986455,16.4400
1627476060340000,0,153.99887528,16.4400
1627476060340000,0,224.39126017,16.4400
1627476060419000,0,67.30383000,16.4400
1627476062152000,0,171.34533000,16.4400
1627476064908000,0,25.00000000,16.4500
1627476064908000,0,94.00000000,16.4500
1627476064908000,0,0.98748629,16.4500
1627476065551000,0,30.00000000,16.4500
1627476070034000,0,94.00000000,16.4500
1627476070034000,0,25.10000000,16.4500
1627476070034000,0,2.51638663,16.4500
1627476070034000,0,25.80120919,16.4500
1627476070034000,0,107.51551435,16.4500
1627476071150000,0,28.00000000,16.4400
1627476071150000,0,132.93311017,16.4500
1627476072100000,0,14.81551626,16.4500
1627476122758000,0,25.40000000,16.3600
1627476122874000,1,273.42191653,16.3500
1627476125818000,0,6.25000000,16.3700
1627476125860000,0,97.41428830,16.3700
1627476125877000,0,384.33571170,16.3700
1627476125877000,0,71.41512830,16.3700
1627476125952000,0,82.67087812,16.3700
1627476125952000,0,61.64633716,16.3700
1627476125952000,0,25.68278472,16.3700
1627476125975000,0,374.83845959,16.3700
1627476126601000,0,1.21341463,16.4000
1627476133782000,1,39.76495623,16.3700
1627476133844000,1,6.25000000,16.3700
1627476133905000,1,6.46800000,16.3700
1627476133962000,1,34.83013555,16.3700
1627476134031000,1,180.38931822,16.3700
1627476159117000,0,61.60089000,16.2800
1627476159336000,0,0.00000539,16.2800
1627476159346000,1,154.00410107,16.2800
1627476160390000,0,61.60601939,16.2800
1627476161899000,0,61.60089539,16.2900
1627476161899000,0,154.00063940,16.2900
1627476161899000,0,61.60599521,16.2900
1627476165313000,1,30.00000000,16.2800
1627476169179000,1,189.59379401,16.2700
1627476172007000,1,111.94012069,16.2700
1627476174271000,0,25.60000000,16.2900
1627476174271000,0,61.68941904,16.2900
1627476174271000,0,45.58964096,16.2900
1627476174346000,0,108.64000000,16.2900
1627476177398000,0,0.00000946,16.2900
1627476177398000,0,400.71617054,16.2900
1627476178001000,0,300.90003000,16.2900
1627476179129000,0,2.66430000,16.2900
1627476179260000,0,215.00000000,16.2900
1627476179564000,0,21.65426000,16.2900
1627476180824000,0,0.00000326,16.2900
1627476181243000,0,61.66389972,16.3000
1627476181243000,0,83.33610028,16.3000
1627476201226000,0,25.60000000,16.2800
1627476202068000,1,6.25000000,16.2800
1627476202081000,1,6.25000000,16.2800
1627476206790000,0,30.79980541,16.2900
1627476207910000,0,274.37433000,16.2900
1627476216184000,0,94.00000000,16.2700
1627476216184000,0,25.70000000,16.2700
1627476217124000,0,30.00000000,16.2700
1627476217124000,0,86.45301152,16.2700
1627476234205000,0,180.45300000,16.2800
1627476234297000,0,223.54700000,16.2800
1627476234297000,0,25.40000000,16.2800
1627476240324000,1,3.30536250,16.2800
1627476287401000,1,14.10710000,16.3000
1627476289301000,1,18.99274650,16.2900
1627476290204000,1,140.00000000,16.3000
1627476304895000,0,25.20000000,16.3200
1627476311402000,1,9.80000000,16.3200
1627476321231000,1,0.20000000,16.3200
1627476352717000,0,12.30000000,16.2900
1627476352816000,0,13.10000000,16.2900
1627476363282000,0,25.80000000,16.2900
1627476391034000,0,25.50000000,16.2900
1627476423311000,0,25.70000000,16.3000
1627476500593000,1,94.00000000,16.2500
1627476500593000,1,2.44297117,16.2500
1627476500593000,1,7.02831477,16.2500
1627476506114000,1,123.30974506,16.2500
1627476506114000,1,2.58068157,16.2500
1627476538032000,1,94.00000000,16.2600
1627476538032000,1,30.00000000,16.2600
1627476538032000,1,2.43819526,16.2600
1627476575433000,1,130.26990000,16.2600
1627476575604000,1,0.00001674,16.2600
1627476582924000,1,188.00000000,16.2400
1627476583341000,1,6.25000000,16.2400
1627476620100000,1,4.15357146,16.2300
1627476624123000,0,61.66903120,16.2400
1627476624123000,0,154.16891880,16.2400
1627476624147000,0,0.00000785,16.2400
1627476624147000,0,81.30419733,16.2400
1627476624361000,0,110.28619000,16.2400
1627476624570000,1,14.00000000,16.2400
1627476626021000,0,61.67073856,16.2500
1627476626021000,0,154.16034480,16.2500
1627476626021000,0,55.89758664,16.2500
1627476626208000,0,0.00001336,16.2500
1627476627494000,0,22.10000000,16.2500
1627476630151000,0,22.04368602,16.2600
1627476633223000,0,3.65631398,16.2600
1627476633223000,0,91.31246635,16.2700
1627476633223000,0,2.43389637,16.2700
1627476633223000,0,36.58436332,16.2700
1627476633223000,0,30.00000000,16.2700
1627476633223000,0,50.22255640,16.2700
1627476636163000,0,25.80000000,16.2600
1627476639074000,0,25.60000000,16.2600
1627476659357000,0,386.19303145,16.2600
1627476662056000,0,121.80696855,16.2600
1627476662056000,0,91.32305602,16.2600
1627476663027000,0,76.83406155,16.2600
1627476685463000,0,61.68538000,16.2500
1627476694055000,0,154.16786544,16.2500
1627476694055000,0,61.68041456,16.2500
1627476699165000,1,25.80000000,16.2600
1627476699679000,0,91.28091404,16.2700
1627476699679000,0,73.55670818,16.2700
1627476700716000,0,94.00000000,16.2700
1627476700716000,0,89.67535655,16.2700
1627476701642000,0,1.60555749,16.2700
1627476701642000,0,28.00000000,16.2700
1627476701642000,0,40.20000000,16.2700
1627476702607000,0,91.28091404,16.2700
1627476702607000,0,94.00000000,16.2700
1627476703747000,0,91.28091404,16.2700
1627476737132000,1,15.66960038,16.2500
1627476738170000,1,3.92352442,16.2500
1627476767258000,0,25.40000000,16.2700
1627476767258000,0,61.64025095,16.2700
1627476767258000,0,12.55180224,16.2700
1627476767282000,0,141.54520806,16.2700
1627476767282000,0,287.86584962,16.2700
1627476767400000,1,6.25000000,16.2700
1627476767400000,1,55.34961357,16.2700
1627476767403000,1,38.65038643,16.2700
1627476767403000,1,2.44149138,16.2600
1627476767419000,0,112.90715611,16.2600
1627476777278000,0,696.31608319,16.3000
1627476826241000,1,61.55000000,16.2200
1627476826253000,1,0.00704793,16.2200
1627476826253000,1,61.54295207,16.2200
1627476826346000,1,400.51422571,16.2200
1627476826397000,0,61.55704793,16.2200
1627476826418000,0,153.98287052,16.2200
1627476827669000,1,1.23390525,16.2100
1627476827669000,1,153.97846726,16.2100
1627476827669000,1,61.55704793,16.2100
1627476827669000,1,61.55057956,16.2100
1627476831251000,1,60.36756797,16.2200
1627476832033000,0,298.00000000,16.2300
1627476832033000,0,91.52944000,16.2300
1627476835857000,0,0.00000458,16.2300
1627476836655000,1,30.00000000,16.2300
1627476837803000,1,28.00000000,16.2200
1627476846192000,1,94.00000000,16.2200
1627476849249000,1,94.00000000,16.2200
1627476857846000,1,87.52108550,16.2300
1627476857846000,1,61.56552043,16.2300
1627476859891000,1,11.75000000,16.2300
1627476859988000,1,0.00244000,16.2300
1627476861208000,1,61.56552043,16.2200
1627476861208000,1,10.28608079,16.2200
1627476861223000,1,1.46635921,16.2200
1627476861683000,0,73.31790000,16.2200
1627476863131000,1,11.93622300,16.2100
1627476865850000,1,94.00000000,16.2200
1627476876686000,1,94.00000000,16.2300
1627476879683000,1,17.33007839,16.2300
1627476910681000,0,12.93180000,16.2600
1627476946803000,1,61.50650000,16.2500
1627476946991000,0,5.00000000,16.2600
1627476949187000,1,57.22735546,16.2400
1627476956778000,1,73.13541601,16.2400
1627476956778000,1,94.00000000,16.2400
1627476956778000,1,63.59700000,16.2400
1627476970467000,1,61.52860000,16.2500
1627476973702000,1,90.52860000,16.2400
1627476983292000,1,5.36328986,16.2300
1627476984207000,1,30.83181271,16.2300
1627477024231000,1,7.96681231,16.2400
1627477042157000,1,61.56540000,16.2300
1627477047782000,1,124.56564356,16.2200
1627477074780000,1,5.00000000,16.2300
1627477090209000,1,125.46963899,16.2300
1627477090209000,1,15.47536101,16.2300
1627477090731000,1,6.25000000,16.2300
1627477090899000,1,39.86226344,16.2300
1627477097289000,1,131.97552030,16.2200
1627477097289000,1,154.03328970,16.2200
1627477098551000,1,6.25000000,16.2100
1627477098559000,1,147.78235447,16.2100
1627477098559000,1,61.58236323,16.2100
1627477099392000,1,18.50000000,16.2000
1627477105190000,1,153.97877091,16.2100
1627477105190000,1,61.57282909,16.2100
1627477105208000,1,0.00000299,16.2100
1627477106464000,1,61.57283208,16.2000
1627477106464000,1,153.97877091,16.2000
1627477106464000,1,325.79637701,16.2000
1627477107674000,1,0.00000694,16.2000
1627477113091000,1,94.00000000,16.1800
1627477113091000,1,2.58144660,16.1800
1627477113091000,1,130.83574908,16.1800
1627477113091000,1,25.90000000,16.1800
1627477113091000,1,63.59700000,16.1800
1627477118632000,1,94.00010000,16.2000
1627477120506000,1,2.56021451,16.1800
1627477120506000,1,129.54314519,16.1800
1627477123321000,1,1.29260389,16.1800
1627477144936000,1,20.00000000,16.1600
1627477151493000,1,25.60000000,16.1600
1627477151493000,1,77.96187635,16.1600
1627477157115000,1,87.79000000,16.1600
1627477158856000,0,10.00000000,16.1800
1627477169785000,1,6.25000000,16.1600
1627477170110000,1,51.66564930,16.1600
1627477170110000,1,75.47627978,16.1600
1627477170231000,1,183.98129639,16.1600
1627477178724000,1,134.77213286,16.1400
1627477210215000,1,10.45060985,16.1900
1627477210274000,1,51.13698815,16.1900
1627477210274000,1,25.10226537,16.1900
1627477210378000,1,36.48533000,16.1900
1627477222728000,1,0.00000263,16.1900
1627477223642000,1,50.25289632,16.1800
1627477223642000,1,61.58227138,16.1800
1627477223642000,1,169.05598230,16.1800
1627477226032000,1,2.43762019,16.1600
1627477235571000,1,69.94716797,16.1600
1627477235571000,1,27.25606980,16.1600
1627477235571000,1,154.15275223,16.1600
1627477238094000,1,2.38960880,16.1400
1627477238094000,1,30.09177573,16.1400
1627477238975000,1,207.62205839,16.1400
1627477241974000,1,25.50000000,16.1400
1627477245233000,1,94.00000000,16.1400
1627477264483000,1,120.57089783,16.1500
1627477268134000,1,1.78100000,16.1500
1627477273491000,1,94.00000000,16.1400
1627477276579000,1,7.82195268,16.1400
1627477279584000,1,66.08182966,16.1400
1627477339331000,0,25.90000000,16.1800
1627477346143000,0,117.87699369,16.1900
1627477346143000,0,25.89999631,16.1900
1627477349557000,1,106.96003550,16.1700
1627477363048000,1,25.55771051,16.2000
1627477373145000,1,147.12620000,16.2200
1627477548005000,0,29.40000000,16.2600
1627477591766000,1,1.61260000,16.2500
1627477608888000,0,94.00000000,16.2700
1627477639178000,0,58.87645974,16.2700
1627477793854000,1,58.91205000,16.2600
1627477829032000,1,25.89999999,16.2800
1627477829034000,1,0.00000001,16.2800
1627477874675000,1,0.00000412,16.2600
1627477894094000,1,43.33375156,16.2400
1627477905396000,0,94.00000000,16.2500
1627477925638000,1,25.80000000,16.2300
1627477936415000,0,4.42000000,16.2300
1627477936496000,0,89.58000000,16.2300
1627477963423000,0,54.95009242,16.2300
1627478073846000,1,61.55941725,16.2300
1627478073846000,1,2.53684100,16.2200
1627478073846000,1,70.90374175,16.2200
1627478077700000,0,28.00000000,16.2400
1627478078190000,1,33.56714000,16.2400
1627478078458000,1,0.00000167,16.2400
1627478086736000,1,61.54995554,16.2400
1627478086736000,1,153.88004446,16.2400
1627478086770000,1,0.00214697,16.2400
1627478104235000,1,15.89022622,16.2300
1627478107181000,1,9.80977378,16.2300
1627478107672000,1,40.73871890,16.2300
1627478140930000,0,153.80344280,16.2600
1627478140930000,0,61.54065720,16.2600
1627478145311000,0,0.00008448,16.2600
1627478145311000,0,53.54071552,16.2600
1627478154167000,0,61.54713527,16.2600
1627478154167000,0,73.45286473,16.2600
1627478154236000,0,80.36077000,16.2600
1627478154265000,0,0.00001449,16.2600
1627478157991000,0,399.89000000,16.2700
1627478158028000,0,0.00523472,16.2700
1627478159831000,0,34.44184879,16.2700
1627478159831000,0,75.87815121,16.2700
1627478159868000,0,196.01109438,16.2700
1627478162739000,0,61.51000000,16.2700
1627478169133000,0,73.99908990,16.2700
1627478169133000,0,153.77102010,16.2700
1627478172427000,0,283.10711000,16.2700
1627478172515000,0,45.00905884,16.2700
1627478178550000,0,61.51000000,16.2800
1627478178592000,0,0.00773476,16.2800
1627478181937000,0,19.28000000,16.2800
1627478243185000,0,2.00000000,16.2500
1627478293071000,0,39.50428821,16.2500
1627478294758000,0,22.08251771,16.2500
1627478294758000,0,141.54745229,16.2500
1627478296714000,0,64.72114609,16.2500
1627478454977000,1,26.00000000,16.2300
1627478454977000,1,9.22788896,16.2300
1627478617638000,0,94.00000000,16.2200
1627478776153000,0,96.00010000,16.2500
1627478790027000,1,1.60000000,16.2300
1627478872514000,1,1.60000000,16.2300
1627478913945000,1,36.85000000,16.2400
1627478914080000,1,116.95393997,16.2400
1627478914200000,1,61.52157599,16.2400
1627478925085000,1,153.89739824,16.2300
1627478931819000,1,61.53000000,16.2300
1627478931821000,1,0.00624573,16.2300
1627478949540000,1,36.50000000,16.2300
1627478954714000,1,20.16850454,16.2300
1627478954714000,1,13.38149546,16.2300
1627478954750000,1,0.00598260,16.2300
1627478957123000,1,20.16000000,16.2300
1627478957146000,1,0.00850454,16.2300
1627478957615000,1,13.34313719,16.2300
1627478957615000,1,48.13980503,16.2300
1627478958484000,1,25.50000000,16.2200
1627478963960000,1,30.00000000,16.2200
1627478963960000,1,62.04885025,16.2200
1627478967096000,1,61.53630000,16.2300
1627478972336000,1,153.80000000,16.2300
1627478972361000,1,0.00377511,16.2300
1627478974343000,1,15.76959998,16.2300
1627478974444000,1,0.32182857,16.2300
1627478975503000,1,19.11332223,16.2200
1627478979588000,1,19.56000000,16.2300
1627478979764000,1,0.00618300,16.2300
1627478979764000,1,89.66381700,16.2300
1627478979795000,1,0.00216115,16.2300
1627478980906000,1,153.82000000,16.2300
1627478981032000,1,0.00237839,16.2300
1627478981040000,1,8.38667777,16.2200
1627478982699000,1,89.66597815,16.2200
1627478982699000,1,153.82218185,16.2200
1627478982722000,1,0.00001151,16.2200
1627478992037000,1,25.90000000,16.2100
1627478998948000,1,2.43540616,16.2100
1627478998948000,1,94.00000000,16.2100
1627478998948000,1,28.00000000,16.2100
1627478999471000,1,130.66846610,16.2100
1627479002228000,1,94.51250000,16.2100
1627479002852000,1,61.53631833,16.2100
1627479002852000,1,26.02986265,16.2100
1627479002852000,1,10.37501902,16.2100
1627479015173000,1,94.00000000,16.2200
1627479019558000,1,94.00000000,16.2000
1627479019558000,1,2.57895794,16.2000
1627479019558000,1,114.40132705,16.2000
1627479022990000,1,94.00000000,16.2100
1627479025809000,1,59.23046400,16.2200
1627479025809000,1,34.76953600,16.2200
1627479025981000,1,103.83874000,16.2200
1627479033137000,1,94.00000000,16.2200
1627479042230000,1,94.00010000,16.2300
1627479047532000,1,94.00000000,16.2200
1627479054294000,0,1.53080750,16.2400
1627479055605000,1,44.77333546,16.2300
1627479055605000,1,48.12716596,16.2300
1627479055605000,1,1.09949858,16.2300
1627479061020000,1,24.80050142,16.2300
1627479064547000,1,14.67527527,16.2300
1627479078324000,1,61.50678134,16.2500
1627479078324000,1,21.59321866,16.2500
1627479078356000,1,0.00543117,16.2500
1627479095434000,1,153.69000000,16.2500
1627479095462000,1,0.00336302,16.2500
1627479103237000,1,60.94000000,16.2400
1627479103253000,1,0.00125180,16.2400
1627479115656000,1,59.77514421,16.2300
1627479115656000,1,70.85586898,16.2300
1627479116184000,1,57.70921523,16.2300
1627479116184000,1,36.71078477,16.2300
1627479116214000,1,19.92928000,16.2300
1627479116516000,1,5.13272421,16.2200
1627479117547000,1,44.86000000,16.2300
1627479117548000,1,0.00635278,16.2300
1627479121734000,1,5.13290000,16.2300
1627479121981000,1,54.07000000,16.2300
1627479122070000,1,0.00266270,16.2300
1627479123243000,1,59.19941275,16.2200
1627479123243000,1,165.23058725,16.2200
1627479123563000,1,234.83171218,16.2200
1627479123563000,1,153.74873454,16.2200
1627479124753000,1,48.92815774,16.2000
1627479136081000,1,130.68743237,16.2000
1627479136081000,1,94.00000000,16.2000
1627479136081000,1,378.56547700,16.2000
1627479139429000,1,94.00000000,16.2000
1627479159403000,1,61.49949485,16.1800
1627479159403000,1,153.74873713,16.1800
1627479159403000,1,104.73795802,16.1800
1627479168566000,1,53.90036300,16.1600
1627479176989000,1,153.91453262,16.1500
1627479176989000,1,92.71435738,16.1500
1627479177054000,1,307.82540079,16.1500
1627479177054000,1,61.56579921,16.1500
1627479177401000,1,6.25000000,16.1500
1627479177572000,1,244.09000000,16.1500
1627479178743000,1,0.00739691,16.1500
1627479180613000,1,94.00000000,16.1300
1627479182902000,1,2.47112141,16.1200
1627479182902000,1,131.31639020,16.1200
1627479182902000,1,94.00000000,16.1200
1627479193311000,1,188.00000000,16.1200
1627479204795000,1,153.91430544,16.1200
1627479204795000,1,140.10657456,16.1200
1627479207198000,1,22.30843473,16.1000
1627479207953000,1,6.25000000,16.1000
1627479208143000,1,2.49746589,16.1000
1627479208143000,1,61.56572218,16.1000
1627479208143000,1,2.43616193,16.1000
1627479208277000,1,0.00001796,16.1000
1627479214255000,0,20.00000000,16.1100
1627479218937000,1,94.00000000,16.0800
1627479218937000,1,2.51716462,16.0800
1627479218937000,1,63.59700000,16.0800
1627479218937000,1,86.26495593,16.0800
1627479220222000,1,94.00000000,16.0900
1627479220222000,1,2.53537473,16.0900
1627479265050000,1,28.88618777,16.1100
1627479265156000,1,32.75348275,16.1100
1627479265156000,1,154.09917630,16.1100
1627479265156000,1,1.14734095,16.1100
1627479265521000,1,205.08857000,16.1100
1627479265586000,1,90.27834000,16.1100
1627479265588000,1,0.00000904,16.1100
1627479272480000,1,245.00000000,16.1100
1627479278923000,1,10.14729349,16.1100
1627479371489000,1,10.14740000,16.1800
1627479383073000,1,30.39096109,16.1800
1627479383073000,1,138.38208196,16.1800
1627479383073000,1,136.06695695,16.1800
1627479383101000,1,17.91802266,16.1800
1627479387877000,1,6.25000000,16.1600
1627479388682000,1,118.67877098,16.1600
1627479388682000,1,142.99122902,16.1600
1627479388815000,1,257.62163488,16.1600
1627479388815000,1,19.02814283,16.1600
1627479390590000,1,26.10000000,16.1500
1627479391646000,1,10.65345663,16.1400
1627479488576000,0,10.00000000,16.1800
1627479529381000,0,10.00000000,16.2000
1627479529664000,0,15.70000000,16.2000
1627479540916000,1,16.52007736,16.1900
1627479540916000,1,7.68135764,16.1900
1627479540916000,1,3.52856500,16.1900
1627479541539000,1,11.62653132,16.1900
1627479541600000,1,1.39993612,16.1900
1627479553677000,1,260.92118355,16.1700
1627479553677000,1,153.25253027,16.1700
1627479553677000,1,61.63628618,16.1700
1627479553701000,1,0.00755590,16.1700
1627479558652000,1,26.00000000,16.1600
1627479559625000,1,25.50000000,16.1600
1627479608869000,1,154.15312748,16.1900
1627479608869000,1,61.64574612,16.1900
1627479608869000,1,140.25112640,16.1900
1627479608887000,1,0.00121964,16.1900
1627479611974000,1,40.73000000,16.1800
1627479612061000,1,20.85545226,16.1800
1627479612061000,1,61.63959421,16.1800
1627479612061000,1,38.26549907,16.1800
1627479612092000,1,120.76054554,16.1800
1627479612289000,1,226.17000000,16.1800
1627479616132000,1,25.70000000,16.1700
1627479618686000,1,26.00000000,16.1700
1627479618686000,1,130.99438615,16.1700
1627479618686000,1,94.00000000,16.1700
1627479625160000,1,94.00000000,16.1800
1627479625160000,1,25.60000000,16.1800
1627479625160000,1,90.70069913,16.1800
1627479625650000,1,40.18850134,16.1800
1627479625650000,1,14.46536642,16.1800
1627479626188000,1,76.11219779,16.1800
1627479633663000,1,61.64683137,16.1900
1627479633663000,1,247.98711549,16.1900
1627479633663000,1,154.11605314,16.1900
1627479633698000,1,0.00324788,16.1900
1627479636233000,1,130.99438615,16.1700
1627479636233000,1,47.87349516,16.1700
1627479637161000,1,174.20516851,16.1700
1627479637161000,1,25.90000000,16.1700
1627479648781000,1,47.82711907,16.1700
1627479651749000,1,31.97142851,16.1700
1627479692665000,1,61.63837893,16.1900
1627479692665000,1,154.14162107,16.1900
1627479692665000,1,0.00111524,16.1900
1627479695985000,1,61.63000000,16.1900
1627479696019000,1,0.00220036,16.1900
1627479696019000,1,61.62779964,16.1900
1627479700218000,1,25.90000000,16.1800
1627479700218000,1,130.91183328,16.1800
1627479700725000,1,61.84217705,16.1800
1627479702695000,1,69.06965623,16.1800
1627479702695000,1,25.80000000,16.1800
1627479702695000,1,111.56974377,16.1800
1627479702885000,1,0.00005664,16.1800
1627479702885000,1,61.63226096,16.1800
1627479703744000,1,25.40000000,16.1700
1627479709818000,1,130.99019439,16.1700
1627479720816000,1,68.99900718,16.1700
1627479769543000,0,3.08029647,16.1900
1627479774620000,1,10.50590000,16.1900
1627479778785000,1,129.35470000,16.1900
1627479779578000,1,33.82107395,16.1800
1627479779578000,1,9.39368986,16.1800
1627479779617000,1,52.26077102,16.1800
1627479779617000,1,43.20922898,16.1800
1627479779687000,1,95.47000000,16.1800
1627479779689000,1,15.45692322,16.1800
1627479783433000,1,25.50000000,16.1600
1627479787017000,1,61.65446088,16.1500
1627479787017000,1,154.13615220,16.1500
1627479787017000,1,307.52938692,16.1500
1627479787034000,1,93.32189649,16.1500
1627479835424000,1,20.02502398,16.1300
1627479836362000,1,5.57497602,16.1300
1627479841413000,1,40.38729840,16.1300
1627479841413000,1,17.53140160,16.1300
1627479841772000,1,0.00001386,16.1300
1627479843061000,1,19.04978000,16.1200
1627479843341000,1,19.04000000,16.1200
1627479843844000,1,6.09000000,16.1200
1627479848870000,1,136.81329992,16.1200
1627479848870000,1,401.44670008,16.1200
1627479853427000,1,26.30000000,16.1100
1627479856458000,1,26.10000000,16.1100
1627479856458000,1,2.54869893,16.1100
1627479856458000,1,40.82417244,16.1100
1627479887938000,1,4.75000000,16.1200
1627479939801000,1,30.29000000,16.1200
1627479939884000,1,1.81968064,16.1200
1627479944616000,1,25.80000000,16.1000
1627479944616000,1,60.95197180,16.1000
1627479944616000,1,6.01308429,16.1000
1627479947058000,1,66.02839983,16.0900
1627479947058000,1,60.95196017,16.0900
1627479947231000,1,0.00001163,16.0900
1627479957571000,1,61.73454174,16.0900
1627479957571000,1,154.37215581,16.0900
1627479957571000,1,35.68330245,16.0900
1627479957627000,1,0.00757069,16.0900
1627479963153000,0,94.00000000,16.0800
1627479963194000,1,25.80000000,16.0700
1627479967665000,0,92.12000000,16.0800
1627480131052000,1,133.93650054,16.0900
1627480131052000,1,127.17349946,16.0900
1627480131114000,1,0.00582841,16.0900
1627480133180000,1,80.14000000,16.0800
1627480133180000,1,74.03301188,16.0800
1627480133180000,1,127.21633368,16.0800
1627480133180000,1,61.66135732,16.0800
1627480139910000,1,26.20000000,16.0700
1627480200161000,0,186.12000000,16.1100
1627480260471000,1,61.60914306,16.1400
1627480260471000,1,5.85085694,16.1400
1627480291377000,1,210.00000000,16.1400
1627480291433000,1,135.00000000,16.1400
1627480291525000,1,11.76000000,16.1400
1627480295325000,0,25.59999999,16.1500
1627480385126000,1,22.78000000,16.1600
1627480385175000,1,38.80049716,16.1600
1627480385175000,1,153.95124291,16.1600
1627480385175000,1,400.51538128,16.1600
1627480419854000,1,220.96924786,16.1400
1627480419854000,1,29.00000000,16.1400
1627480549536000,1,55.87000000,16.1400
1627480549617000,1,5.79046486,16.1400
1627480549617000,1,92.27818229,16.1400
1627480549634000,1,61.85794887,16.1400
1627480549634000,1,27.15870168,16.1400
1627480552317000,1,61.66046486,16.1300
1627480552317000,1,14.46509755,16.1300
1627480552317000,1,118.50109321,16.1300
1627480554893000,1,61.66046486,16.1200
1627480554893000,1,118.50109321,16.1200
1627480554893000,1,14.45844193,16.1200
1627480556738000,1,62.63000000,16.1200
1627480556842000,1,0.00105307,16.1200
1627480556842000,1,6.24894693,16.1200
1627480556865000,1,62.63000000,16.1200
1627480556870000,1,95.00000000,16.1200
1627480556889000,1,62.63000000,16.1200
1627480556889000,1,70.05069766,16.1200
1627480556945000,1,104.85097213,16.1200
1627480561391000,1,401.41061672,16.1100
1627480561391000,1,40.59938328,16.1100
1627480561429000,1,21.13656239,16.1100
1627480561429000,1,154.33986416,16.1100
1627480568103000,1,44.00000000,16.1000
1627480568103000,1,94.00000000,16.1000
1627480568103000,1,1.52255261,16.1000
1627480623874000,1,25.70000000,16.1000
1627480623874000,1,61.74239912,16.1000
1627480623874000,1,6.55760088,16.1000
1627480629784000,0,94.00000000,16.1100
