timestamp ms,type,amount,price
1622246559164000,1,43.20059212,23.1500
1622246561105000,1,43.20059212,23.1200
1622246569428000,1,70.00000000,23.0800
1622246574008000,1,891.53989647,23.0600
1622246574051000,1,81.54461513,23.0600
1622246574676000,1,11.88339122,23.0600
1622246574733000,1,44.51002673,23.0600
1622246574794000,1,59.16207045,23.0600
1622246673052000,1,31.46199213,22.8900
1622246798352000,0,108.60499062,23.0300
1622246798352000,0,43.43368938,23.0300
1622246871037000,0,2.22523000,23.2000
1622246894687000,0,7.93485763,23.1800
1622246933813000,1,43.14338000,23.1800
1622246955930000,1,43.16099724,23.1400
1622246985857000,0,53.17604000,23.1900
1622247028309000,1,43.29592000,23.0900
1622247183116000,1,43.04683000,23.2300
1622247198267000,0,21.44000000,23.3000
1622247331114000,0,5.00000000,23.4400
1622247362616000,1,70.00000000,23.5000
1622247363160000,1,106.36034886,23.4900
1622247363160000,1,42.56015049,23.4900
1622247363160000,1,276.62129344,23.4900
1622247377928000,1,42.56285000,23.4900
1622247410878000,0,44.80000000,23.5500
1622247491942000,0,70.00000000,23.5500
1622247491942000,0,87.27852000,23.5500
1622247534236000,1,125.59074845,23.5800
1622247535306000,1,106.04075926,23.5700
1622247555820000,1,870.36827144,23.5800
1622247558202000,1,42.40760399,23.5600
1622247586781000,1,42.66634740,23.4300
1622247594736000,0,87.61981000,23.4500
1622247597089000,0,0.00000332,23.4500
1622247597089000,0,87.61980668,23.4500
1622247601558000,1,42.63216000,23.4500
1622247602148000,1,42.64383000,23.4400
1622247705173000,0,70.00000000,23.4800
1622247741693000,1,42.58443000,23.4800
1622247815798000,1,42.51248000,23.4900
1622247869428000,0,10.34719864,23.5600
1622247942871000,1,42.42093000,23.5600
1622247974706000,1,42.34763000,23.6100
1622247979584000,1,42.38311000,23.5900
1622248018952000,1,42.37645000,23.5900
1622248056229000,1,42.36579028,23.6000
1622248137284000,1,47.16958592,23.5900
1622248184347000,1,42.32496000,23.6200
1622248219673000,1,42.28229000,23.6100
1622248256722000,1,42.45521000,23.5400
1622248256923000,1,0.00000895,23.5400
1622248278270000,1,42.48175000,23.5100
1622248282031000,1,42.54109000,23.5000
1622248382778000,1,42.51871856,23.5000
1622248622058000,1,42.63140000,23.4500
1622248636869000,1,42.70104000,23.4200
1622248637392000,1,31.46199213,23.4000
1622248658080000,1,42.64426000,23.4300
1622248800254000,0,6.95893148,23.5700
1622248811377000,1,42.49435734,23.5000
1622248838775000,0,87.33995090,23.5400
1622248838878000,1,106.21394037,23.5400
1622248838884000,1,872.86816486,23.5400
1622248839155000,0,42.46897641,23.5500
1622248839155000,0,106.19678359,23.5500
1622248839244000,0,31.79800000,23.5500
1622248859282000,0,42.27007194,23.6600
1622248864010000,1,42.30180000,23.6400
1622248869177000,1,42.28793000,23.6400
1622248918568000,1,42.34132000,23.6000
1622249055134000,1,42.46758623,23.5300
1622249055134000,1,106.19795377,23.5300
1622249055248000,1,0.00000697,23.5300
1622249057742000,1,42.50880000,23.5200
1622249074864000,1,42.56304000,23.4900
1622249099587000,1,42.48905022,23.5300
1622249120429000,1,42.45219000,23.5400
1622249120768000,1,0.00000266,23.5400
1622249218730000,1,87.00670640,23.5800
1622249218730000,1,70.00000000,23.5800
1622249218730000,1,42.39421360,23.5800
1622249218783000,1,0.00001594,23.5800
1622249380351000,1,42.28757000,23.6400
1622249510659000,1,69.99999999,23.6900
1622249510660000,1,0.00000001,23.6900
1622249510660000,1,27.16014394,23.6900
1622249510720000,1,70.00000000,23.6900
1622249522666000,0,0.86814000,23.7300
1622249522666000,0,0.00000976,23.7300
1622249566177000,0,86.21825987,23.8400
1622249566177000,0,29.13102000,23.8400
1622249566177000,0,69.99999013,23.8400
1622249566291000,0,41.95440000,23.8400
1622249566669000,0,104.88600000,23.8500
1622249571318000,0,41.90833000,23.8700
1622249588846000,0,1.79360531,23.9000
1622249592583000,1,1.88000000,23.8900
1622249776739000,1,41.75194000,23.9400
1622249791533000,1,41.73972000,23.9400
1622249793460000,1,41.77903000,23.9200
1622249796049000,1,41.77903249,23.9100
1622249800410000,1,41.80118000,23.9200
1622249815465000,1,41.75628000,23.9500
1622249832049000,1,104.25093617,23.9600
1622249832049000,1,41.68736383,23.9600
1622249837235000,1,41.73708000,23.9600
1622249838184000,1,41.73708000,23.9500
1622249873686000,1,41.67092000,24.0000
1622249877197000,1,41.69598000,23.9800
1622249952955000,1,41.66932000,23.9900
1622249962296000,1,41.71278000,23.9400
1622250015823000,1,41.66579000,23.9900
1622250033701000,1,41.70675000,23.9600
1622250034035000,1,0.00000609,23.9600
1622250127288000,0,4.09668168,24.1500
1622250161707000,0,41.28853252,24.2400
1622250175311000,0,43.40000000,24.3100
1622250193756000,1,70.00000000,24.3100
1622250195253000,1,41.11041504,24.3200
1622250205027000,1,41.15251476,24.2800
1622250205027000,1,41.14935558,24.2800
1622250212740000,1,41.16467236,24.2800
1622250212740000,1,102.93598204,24.2800
1622250226843000,1,41.16022382,24.2900
1622250232625000,1,103.00366751,24.2600
1622250273868000,1,103.10636619,24.2400
1622250273868000,1,164.98070381,24.2300
1622250310432000,1,41.19203000,24.2700
1622250329904000,1,41.25395894,24.2300
1622250336874000,1,41.25230092,24.2400
1622250337613000,1,41.25230092,24.2200
1622250354934000,1,41.30372000,24.2100
1622250356720000,1,41.30372000,24.1900
1622250357437000,1,0.00000242,24.1900
1622250377421000,0,41.39107000,24.1600
1622250402478000,1,41.39095000,24.1600
1622250498435000,1,41.39282000,24.1500
1622250498525000,1,103.48390000,24.1400
1622250574292000,0,8.26432621,24.1100
1622250740318000,1,41.45303000,24.1100
1622250763564000,1,41.48733000,24.0600
1622250782330000,1,41.60054000,24.0400
1622250874162000,1,41.60496000,24.0300
1622250998579000,1,85.54381516,23.9800
1622250998579000,1,40.00000000,23.9800
1622250998579000,1,60.36246908,23.9700
1622250998580000,1,34.99351322,23.9700
1622250998593000,1,75.67995817,23.9700
1622250998593000,1,110.22632607,23.9700
1622250999265000,1,41.68300969,23.9400
1622250999265000,1,104.32311949,23.9400
1622251014630000,1,41.87690000,23.8600
1622251014745000,1,0.00000995,23.8600
1622251014745000,1,104.69449005,23.8600
1622251015284000,1,41.87936000,23.8700
1622251023805000,1,41.83661000,23.8900
1622251032390000,1,41.85067000,23.8800
1622251034122000,1,41.85067000,23.8700
1622251050396000,1,41.80722000,23.9200
1622251052054000,1,41.80722000,23.9100
1622251072516000,1,41.88222000,23.8700
1622251076339000,1,104.72607000,23.8600
1622251076551000,1,41.90890000,23.8600
1622251091027000,1,41.89831000,23.8600
1622251138094000,1,41.84962000,23.8900
1622251147700000,1,41.86153000,23.8900
1622251151842000,1,41.87831000,23.8800
1622251217515000,0,41.88902758,23.8700
1622251217531000,0,0.00000001,23.8700
1622251222495000,1,41.90574476,23.8600
1622251256371000,0,41.88937000,23.8700
1622251256426000,0,0.00000853,23.8700
1622251333844000,1,41.73359000,23.9600
1622251365176000,1,85.00000000,23.9300
1622251381290000,0,226.00000000,23.9600
1622251391393000,0,27.63045847,24.0000
1622251404339000,1,41.65229000,23.9900
1622251701870000,1,41.36969186,24.1700
1622251745068000,0,103.41603859,24.1800
1622251745068000,0,41.37003331,24.1800
1622251780650000,1,41.29077000,24.2100
1622251787676000,1,41.28233000,24.2100
1622251866647000,0,41.54050000,24.0800
1622251949369000,1,41.59200594,24.0400
1622252063928000,0,85.40110000,24.0700
1622252159782000,1,41.51120185,24.0800
1622252159782000,1,68.48879815,24.0800
1622252162767000,0,54.96154594,24.0900
1622252198822000,1,41.46467000,24.1100
1622252205601000,1,41.50150000,24.0900
1622252205977000,1,0.00000375,24.0900
1622252367067000,1,41.28906000,24.2100
1622252367129000,1,0.00000650,24.2100
1622252405089000,1,41.27168450,24.2300
1622252428200000,0,41.31977000,24.2000
1622252445751000,0,84.99231000,24.1900
1622252453330000,1,70.00000000,24.2000
1622252453370000,1,30.00000000,24.2000
1622252453557000,0,41.30607348,24.2000
1622252463968000,1,41.33099944,24.1800
1622252464632000,1,20.00000000,24.1700
1622252464632000,1,21.36010968,24.1700
1622252478715000,1,25.00000000,24.1700
1622252515234000,1,41.36108719,24.1700
1622252607774000,0,41.42104777,24.1500
1622252616763000,1,35.87617000,24.1400
1622252616869000,1,5.52910236,24.1400
1622252654036000,0,41.56468000,24.0600
1622252711552000,0,19.44504710,24.0700
1622252711678000,0,0.00000001,24.0700
1622252756187000,1,31.56468000,24.1100
1622252756312000,1,9.90137238,24.1100
1622252778623000,1,41.47538962,24.1100
1622252789903000,1,41.49638737,24.0900
1622252822765000,1,41.57658407,24.0500
1622252838596000,1,41.63737992,23.9900
1622252863659000,0,75.00000000,23.9900
1622252863793000,0,165.00000000,23.9900
1622252875841000,1,41.70093000,23.9800
1622252886348000,1,41.72041704,23.9500
1622252889942000,1,41.78806000,23.9300
1622252891259000,1,41.78806000,23.9100
1622252891397000,1,0.00000347,23.9100
1622252900130000,0,41.75489000,23.9500
1622252922704000,1,41.72041704,23.9600
1622252922704000,1,104.32576346,23.9600
1622252932382000,0,41.74791754,23.9600
1622252996133000,1,7.93485763,24.0100
1622253027496000,1,41.68106359,23.9900
1622253070632000,1,104.37541750,23.9400
1622253070632000,1,41.76223433,23.9400
1622253078070000,0,85.90020000,23.9400
1622253083331000,1,41.77933384,23.9300
1622253083331000,1,104.44605988,23.9300
1622253087329000,1,41.80058743,23.9100
1622253117195000,0,86.08241841,23.9000
1622253162880000,0,86.10460466,23.8900
1622253162880000,0,23.89539534,23.8900
1622253162974000,0,17.96816000,23.8900
1622253257036000,1,41.91523000,23.8500
1622253257080000,1,0.00000007,23.8500
1622253278776000,1,273.51306631,23.7300
1622253278776000,1,105.10826151,23.7300
1622253278776000,1,42.06651930,23.7300
1622253303468000,0,42.19742000,23.7000
1622253336117000,0,42.04838000,23.7900
1622253403333000,1,41.84086000,23.9000
1622253403445000,1,0.00000813,23.9000
1622253403771000,1,104.58238000,23.8900
1622253406900000,0,75.00000000,23.8900
1622253409247000,0,41.82837930,23.9100
1622253438674000,1,41.78277229,23.9300
1622253443484000,0,0.00000643,23.9400
1622253485298000,1,41.81252587,23.9000
1622253495861000,0,41.89024241,23.8700
1622253504870000,1,41.89380000,23.8600
1622253505132000,1,0.00000640,23.8600
1622253512262000,1,41.96020128,23.8100
1622253512262000,1,104.90273418,23.8100
1622253529447000,0,42.01058000,23.8100
1622253550056000,0,41.82853000,23.9100
1622253572478000,0,41.80336000,23.9200
1622253597592000,0,41.78205000,23.9400
1622253604807000,1,41.75520000,23.9500
1622253629806000,0,41.69604510,23.9900
1622253662996000,0,42.61441394,24.1500
1622253702569000,0,103.48367442,24.1700
1622253702569000,0,36.51632558,24.1700
1622253710623000,1,41.38333000,24.1600
1622253729158000,0,41.38881000,24.1600
1622253746825000,1,41.44508000,24.1200
1622253760825000,1,41.48551000,24.0900
1622253813108000,0,41.40938000,24.1500
1622253813439000,0,0.00000460,24.1500
1622253825010000,1,41.38749912,24.1500
1622253825010000,1,8.61250088,24.1500
1622253962496000,0,41.67067810,24.0000
1622253962496000,0,93.91048190,24.0000
1622253980470000,1,41.61312000,24.0300
1622253989875000,1,41.70227000,23.9700
1622254001854000,0,41.75314000,23.9600
1622254009625000,1,41.75923000,23.9200
1622254036359000,1,41.92993000,23.8500
1622254038589000,0,41.93729000,23.8600
1622254044429000,0,41.91374000,23.8800
1622254045665000,0,86.15707611,23.8900
1622254045665000,0,3.84292389,23.8900
1622254045810000,0,38.02449231,23.8900
1622254047968000,0,104.64454341,23.9000
1622254071099000,0,41.86320000,23.8900
1622254072930000,0,41.84399000,23.9100
1622254092318000,0,41.78205246,23.9400
1622254092318000,0,78.24210754,23.9400
1622254092418000,0,26.21005000,23.9400
1622254108851000,0,41.71234000,23.9800
1622254132493000,1,41.70232000,23.9700
1622254145079000,0,41.69222000,23.9900
1622254147180000,0,41.66442000,24.0100
1622254160978000,0,41.62142000,24.0300
1622254188528000,1,41.63108000,24.0200
1622254216437000,0,41.53907704,24.0800
1622254225283000,1,41.52809637,24.0700
1622254284313000,0,85.34952000,24.1000
1622254285787000,1,41.50603000,24.0900
1622254290334000,1,41.52982107,24.0800
1622254339089000,0,0.00000014,24.1000
1622254402999000,0,19.06721450,24.1000
1622254435882000,1,41.48743000,24.1000
1622254481711000,1,70.00000000,24.0700
1622254481711000,1,3.69184233,24.0600
1622254512252000,1,41.55427000,24.0500
1622254525408000,0,41.69237000,23.9900
1622254528707000,0,104.21877605,24.0000
1622254528707000,0,41.67777395,24.0000
1622254577023000,0,41.84275000,23.9000
1622254584828000,1,41.84816000,23.8900
1622254649657000,1,104.63140449,23.8900
1622254649657000,1,41.83730551,23.8900
1622254665727000,1,41.81532000,23.8800
1622254717986000,1,41.98204000,23.8200
1622254783428000,0,41.35180521,23.8600
1622254836039000,1,41.91517000,23.8500
1622254883470000,0,41.29979036,23.8400
1622254979107000,1,866.19954513,23.7400
1622254990541000,0,42.15069000,23.7300
1622255159820000,0,41.50863885,23.7800
1622255173286000,1,42.07515000,23.7400
1622255173484000,1,0.00000980,23.7400
1622255222958000,0,42.14820997,23.7300
1622255222958000,0,58.60325900,23.7300
1622255331805000,1,105.71182112,23.6300
1622255331805000,1,42.30814888,23.6300
1622255331843000,1,0.00001054,23.6300
1622255332060000,1,274.88273000,23.6200
1622255332300000,1,0.00000349,23.6200
1622255352449000,0,105.88912985,23.6300
1622255352449000,0,42.32337015,23.6300
1622255363927000,1,42.33877000,23.6100
1622255909333000,1,42.43869000,23.5500
1622255909378000,1,0.00000245,23.5500
1622255909581000,1,105.93737050,23.5400
1622255909685000,1,42.00000000,23.5400
1622255909702000,1,0.43869245,23.5400
1622255910393000,1,42.43869245,23.5000
1622255910393000,1,106.33788755,23.5000
1622255923592000,0,70.00000000,23.5500
1622256023452000,1,42.32069000,23.6200
1622256184102000,1,42.36118643,23.6000
1622256184102000,1,69.99414357,23.6000
1622256413624000,0,42.17060000,23.7200
1622256419538000,0,42.16029000,23.7200
1622256574996000,0,42.23900000,23.6800
1622256628879000,0,42.31980000,23.6400
1622256641257000,0,42.27436000,23.6600
1622256723063000,0,42.47763000,23.5400
1622256803722000,1,30.62033859,23.4800
1622256841443000,0,42.55101000,23.5000
1622256863509000,0,42.62065000,23.4700
1622256874761000,1,42.62821000,23.4500
1622256901958000,0,42.60758000,23.4800
1622256910138000,0,42.54812000,23.5200
1622256926001000,0,42.43905000,23.5700
1622257001805000,0,42.44878000,23.5600
1622257005225000,0,106.09224084,23.5700
1622257005225000,0,42.43688916,23.5700
1622257005238000,0,0.00000718,23.5700
1622257005245000,0,70.00000000,23.5800
1622257049859000,0,42.64065000,23.4500
1622257056384000,1,0.85341000,23.4400
1622257057215000,1,0.00000708,23.4400
1622257177103000,0,42.50869303,23.5300
1622257204026000,0,42.43221454,23.5800
1622257208866000,0,42.33951000,23.6200
1622257426063000,0,42.58000000,23.4900
1622257639620000,0,42.50688000,23.5300
1622257681385000,0,236.02858000,23.5000
1622257681790000,0,40.68491000,23.5000
1622257682489000,0,0.00000510,23.5000
1622257800269000,0,4.18704276,23.4900
1622257836557000,1,11.19051446,23.5100
1622257836736000,1,31.33897113,23.5100
1622257843828000,1,42.52948000,23.5100
1622257856288000,1,42.53062903,23.5100
1622257856288000,1,42.51760097,23.5100
1622258332775000,0,42.36031686,23.6100
1622258461707000,0,42.26114004,23.6700
1622258461707000,0,12.21183988,23.6700
1622258461802000,0,93.44101021,23.6700
1622258499444000,0,95.75158595,23.7400
1622258682596000,0,41.78610000,23.9400
1622258732061000,0,41.84415563,23.9000
1622258732061000,0,69.99999437,23.9000
1622258732159000,0,34.61477221,23.9000
1622258779160000,1,41.80908000,23.8900
1622259208007000,1,105.01635000,23.7700
1622259224133000,1,0.00000518,23.7700
1622259478214000,1,42.24800000,23.6600
1622259480302000,0,10.76203383,23.6800
1622259937200000,0,42.29796000,23.6400
1622259937212000,0,0.00000378,23.6400
1622259937411000,0,105.74490944,23.6500
1622260247959000,1,34.83327689,23.6000
1622260248064000,1,7.53810653,23.6000
1622260249135000,0,87.09256000,23.6100
1622260336145000,1,174.16169000,23.5600
1622260363453000,0,87.29210000,23.5500
1622260375390000,1,39.84894125,23.5200
1622260375543000,1,42.50168000,23.5200
1622260437766000,1,42.56883000,23.4900
1622260806613000,0,42.15179000,23.7300
1622260925587000,0,42.34524929,23.6200
1622260925587000,0,105.86311071,23.6200
1622260971054000,0,42.09321000,23.7600
1622260977454000,0,0.00000121,23.7600
1622260978037000,0,105.25783960,23.7700
1622261003138000,0,42.01221715,23.8000
1622261003138000,0,70.00000000,23.8000
1622261003783000,0,105.03054000,23.8100
1622261868531000,1,10.11660755,23.5400
1622261868544000,1,32.34976007,23.5400
1622261919641000,1,70.00000000,23.5500
1622261919641000,1,87.18305706,23.5500
1622261919641000,1,32.48167232,23.5400
1622261919740000,1,42.44662607,23.5600
1622261920008000,1,73.70406000,23.5400
1622262153194000,0,42.49966000,23.5400
1622262394188000,0,42.53907000,23.5100
1622262583710000,0,42.38042000,23.6000
1622262665619000,1,42.37349000,23.5800
1622262783282000,0,105.84429000,23.6300
1622262784443000,0,0.00000880,23.6300
1622262973197000,0,17.55291240,23.6600
1622263078180000,0,86.96152615,23.6400
1622263078180000,0,913.03847385,23.6400
1622263125857000,0,20.00000000,23.5800
1622263303280000,1,42.63413514,23.4500
1622263306075000,1,106.60283529,23.4400
1622263311271000,0,87.62082000,23.4500
1622263313126000,0,0.00000227,23.4500
1622263313126000,0,87.62081773,23.4500
1622263324758000,1,42.64705054,23.4400
1622263326265000,1,42.67510378,23.4300
1622263333006000,1,42.68322902,23.4300
1622263337374000,1,42.68160956,23.4300
1622263344652000,1,42.67479968,23.4200
1622263344652000,1,106.68875249,23.4200
1622263354637000,1,42.69246000,23.4200
1622263354675000,1,0.00000374,23.4200
1622263388261000,1,42.71208000,23.4100
1622263388363000,1,0.00000519,23.4100
1622263388681000,1,106.78678000,23.4000
1622263685567000,0,80.00000000,23.4900
1622263713902000,1,106.46387122,23.4800
1622263714735000,1,42.60683058,23.4700
1622263727899000,0,87.50515000,23.4900
1622263763462000,1,42.67195050,23.4200
1622263817749000,1,42.81142000,23.3500
1622263817756000,1,0.00000975,23.3500
1622263817773000,1,107.03407733,23.3400
1622263858768000,0,42.87245000,23.3300
1622263990408000,1,107.88305000,23.1700
1622263990473000,1,0.00000779,23.1700
1622263990473000,1,30.62033080,23.1600
1622263990527000,1,57.94048538,23.1600
1622263990527000,1,280.48998857,23.1500
1622263990527000,1,21.01380002,23.1400
1622263996348000,0,43.18108000,23.1600
1622264003542000,1,25.00000000,23.1000
1622264003542000,1,0.86596000,23.1000
1622264003905000,1,0.00000206,23.1000
1622264031869000,1,43.40000000,23.0000
1622264040302000,0,4.24673259,23.0300
1622264103056000,0,43.25820825,23.1200
1622264103056000,0,108.18482175,23.1200
1622264135375000,0,43.21035666,23.1400
1622264176791000,1,281.39184523,23.0800
1622264210860000,0,43.58247000,22.9500
1622264221427000,0,43.56880000,22.9500
1622264221556000,0,0.00000822,22.9500
1622264289796000,1,2.25208000,22.8600
1622264291008000,1,0.00000167,22.8600
1622264313231000,0,43.78628789,22.8600
1622264313231000,0,109.46570211,22.8600
1622264338346000,0,43.60566000,22.9700
1622264342987000,0,43.57450000,22.9700
1622264344008000,0,43.52595000,22.9800
1622264380514000,0,24.16899563,22.9000
1622264381578000,0,85.09673864,22.9000
1622264381578000,0,43.70781136,22.9000
1622264391985000,0,43.69330000,22.9000
1622264419115000,0,70.00000000,22.9800
1622264423139000,0,43.51231000,23.0000
1622264437415000,0,43.47788000,23.0000
1622264491018000,0,43.45332000,23.0200
1622264502288000,1,33.23378902,22.9900
1622264608181000,0,43.30541000,23.1000
1622264608698000,0,0.00000578,23.1000
1622264631524000,0,43.42237000,23.0300
1622264631858000,0,40.00000000,23.0400
1622264646477000,0,2.25208910,23.0800
1622264661750000,1,89.03172000,23.0600
1622264661750000,1,178.06344000,23.0500
1622264661873000,0,89.03172000,23.0400
1622264661879000,0,108.47120294,23.0400
1622264661881000,0,239.40191706,23.0400
1622264674863000,0,43.31479000,23.0900
1622264698314000,0,43.34370000,23.0800
1622264703110000,0,43.32980918,23.0900
1622264703110000,0,56.67019082,23.0900
1622264703237000,0,51.64212000,23.0900
1622264807902000,0,66.36732241,23.1500
1622264807907000,0,19.46054132,23.1500
1622264808168000,0,12.27500755,23.1500
1622264808193000,0,20.40500485,23.1500
1622264808238000,0,228.73331513,23.1500
1622265003430000,0,43.49111000,23.0000
1622265096881000,0,43.26307410,23.1200
1622265121703000,1,10.00000000,23.1100
1622265191196000,0,10.00000000,23.1100
1622265242159000,1,6.32737611,23.0800
1622265260307000,0,43.23651236,23.1400
1622265299395000,0,6.29762419,23.1500
1622265321537000,0,80.00000000,23.2100
1622265333160000,0,40.00000000,23.2900
1622265565166000,0,50.00000000,23.6800
1622265565166000,0,136.49583866,23.6900
1622265565166000,0,86.73081322,23.6900
1622265565166000,0,77.01394419,23.7100
1622265600309000,0,1.66722499,23.6800
1622265685752000,1,42.55609076,23.4900
1622265687606000,1,42.59571000,23.4700
1622265804646000,1,42.61321433,23.4600
1622265804646000,1,47.38678567,23.4600
1622265815189000,1,42.61357000,23.4500
1622265828998000,1,42.60746000,23.4600
1622265829211000,1,0.00000520,23.4600
1622265829211000,1,106.51622480,23.4600
1622265839984000,1,42.60201000,23.4700
1622265853452000,1,42.46638000,23.5500
1622265860901000,1,42.47631000,23.5400
1622265864760000,1,42.48076000,23.5300
1622265865456000,1,42.51537953,23.5200
1622265903161000,1,42.50423540,23.5100
1622265903161000,1,106.31962460,23.5100
1622265908988000,0,10.99110500,23.5400
1622265919391000,1,42.52707000,23.5100
1622265966478000,1,42.36457000,23.6000
1622265966948000,1,105.87926000,23.5900
1622265967031000,1,0.00000376,23.5900
1622265967031000,1,42.36456624,23.5900
1622265979929000,1,42.40510000,23.5700
1622265997448000,0,78.00000000,23.7300
1622265999586000,1,10.00000000,23.6600
1622266153096000,0,0.86596000,23.7900
1622266153173000,0,0.00000206,23.7900
1622266167919000,1,105.16485000,23.7300
1622266184187000,1,0.00000643,23.7300
1622266184187000,1,42.13418357,23.7300
1622266227587000,1,42.24154000,23.6700
1622266235807000,0,7.99324038,23.6700
1622266239947000,1,42.27888126,23.6400
1622266239947000,1,105.70555874,23.6400
1622266247660000,1,42.27173000,23.6400
1622266261496000,1,42.32869000,23.6200
1622266310245000,1,42.41359000,23.5700
1622266310307000,1,0.00000131,23.5700
1622266310307000,1,106.05712223,23.5700
1622266326475000,0,105.89810000,23.6100
1622266348270000,1,42.39462000,23.5900
1622266397164000,0,42.41421725,23.5800
1622266397164000,0,2.86319445,23.5900
1622266402780000,0,8.78023739,23.6200
1622266417965000,1,42.25137000,23.6600
1622266527576000,1,42.33902000,23.6100
1622266527771000,1,0.00000853,23.6100
1622266598079000,1,42.35546000,23.6000
1622266615324000,1,42.35694000,23.6100
1622266632160000,0,1.00169419,23.6100
1622266648035000,1,42.37275000,23.6000
1622266705700000,1,42.36521000,23.5900
1622266707129000,1,42.39963000,23.5800
1622266740545000,1,42.39451000,23.5900
1622266740587000,1,0.00000805,23.5900
1622266741288000,1,42.39451805,23.5800
1622266756135000,1,42.39221000,23.5900
1622266758486000,1,105.99474225,23.5800
1622266758486000,1,42.39220775,23.5800
1622266760373000,1,0.00001178,23.5800
1622266817643000,1,42.23530000,23.6600
1622266817819000,1,0.00000988,23.6600
1622266825304000,1,42.33036730,23.6000
1622266838886000,1,42.29926000,23.6400
1622266839040000,1,0.00000920,23.6400
1622266839465000,0,1.24218089,23.6600
1622266845409000,1,42.32218438,23.6200
1622266845409000,1,105.80846129,23.6200
1622266855756000,0,86.90514583,23.6400
1622266855756000,0,105.76817309,23.6400
1622266855756000,0,42.30846891,23.6400
1622266855756000,0,117.31757021,23.6500
1622266857361000,1,42.33323000,23.6100
1622266857466000,1,0.00000453,23.6100
1622266858676000,1,42.36479000,23.6000
1622266858776000,1,0.00000973,23.6000
1622266886227000,1,42.37742000,23.5900
1622266911861000,1,42.35983342,23.6000
1622266911861000,1,105.90975658,23.6000
1622266920553000,1,42.38095000,23.5900
1622266920749000,1,0.00000922,23.5900
1622266959523000,1,42.34363000,23.6100
1622266959706000,1,0.00000150,23.6100
1622266976649000,1,42.34189000,23.6100
1622266997397000,1,42.31036000,23.6300
1622266997402000,1,0.00000564,23.6300
1622267004445000,1,42.31836000,23.6200
1622267004505000,1,0.00000956,23.6200
1622267036045000,1,42.30356391,23.6300
1622267036045000,1,105.76189609,23.6300
1622267047873000,1,42.27667000,23.6400
1622267048344000,1,0.00000854,23.6400
1622267058348000,1,42.30100056,23.6300
1622267058348000,1,105.75205944,23.6300
1622267067831000,1,42.31209000,23.6300
1622267067912000,1,0.00000783,23.6300
1622267086487000,1,42.27167000,23.6500
1622267087672000,1,42.27167000,23.6400
1622267087738000,1,0.00000453,23.6400
1622267088812000,1,76.80409000,23.6300
1622267088928000,1,28.86572985,23.6300
1622267088928000,1,42.27166015,23.6300
1622267105587000,0,96.13739000,23.6800
1622267105666000,0,145.86261000,23.6800
1622267116566000,1,42.23382548,23.6500
1622267116566000,1,105.64033452,23.6500
1622267125200000,1,42.27780000,23.6500
1622267125593000,1,0.00000875,23.6500
1622267125822000,1,95.00000000,23.6400
1622267143817000,1,42.30583736,23.6300
1622267151130000,1,42.32827540,23.6200
1622267153394000,1,42.34620000,23.6100
1622267153474000,1,0.00000032,23.6100
1622267160617000,1,42.34620032,23.6000
1622267187642000,0,87.08774894,23.5900
1622267187785000,1,87.08774894,23.5900
1622267241780000,1,42.35588610,23.6100
1622267243295000,1,42.35552000,23.6000
1622267243401000,1,0.00000729,23.6000
1622267264237000,1,42.28782092,23.6400
1622267282277000,0,42.33651898,23.6200
1622267283583000,0,30.00000000,23.6200
1622267284499000,1,42.33651000,23.6100
1622267284516000,1,0.00000898,23.6100
1622267309900000,1,42.35690402,23.5900
1622267331393000,1,42.39359515,23.5800
1622267339155000,1,42.42807155,23.5400
1622267367875000,0,167.15209000,23.5400
1622267367961000,0,155.00000000,23.5400
1622267368070000,0,530.00000000,23.5400
1622267369200000,1,42.47240000,23.5400
1622267369248000,1,0.00000224,23.5400
1622267372821000,0,87.23201000,23.5400
1622267373659000,0,0.00000560,23.5400
1622267376832000,1,42.47895000,23.5400
1622267376859000,1,0.00000718,23.5400
1622267392111000,1,42.50959000,23.5200
1622267392368000,1,0.00000601,23.5200
1622267394462000,1,106.26902215,23.5100
1622267394462000,1,42.50958785,23.5100
1622267423763000,1,42.47823000,23.5400
1622267446737000,1,42.46049000,23.5500
1622267455199000,1,42.43491000,23.5600
1622267467519000,1,42.47131000,23.5300
1622267471708000,1,42.51363000,23.5200
1622267478769000,1,42.50959000,23.5200
1622267499033000,1,42.50387000,23.5200
1622267503463000,1,42.50026000,23.5200
1622267508814000,1,96.12017000,23.5100
1622267527689000,1,42.48437000,23.5300
1622267537014000,1,42.49008824,23.5300
1622267537014000,1,106.23378176,23.5300
1622267596642000,1,42.45509000,23.5500
1622267630552000,1,42.48900000,23.5300
1622267630555000,1,0.00000500,23.5300
1622267640297000,0,1.41121320,23.5500
1622267640630000,1,42.48401000,23.5300
1622267645252000,1,21.36366000,23.5300
1622267645383000,1,21.13190519,23.5300
1622267718369000,0,87.30714000,23.5300
1622267768083000,0,80.00000000,23.5200
1622267770567000,0,0.00000097,23.5300
1622267770567000,0,42.49411903,23.5400
1622267786090000,1,42.50092000,23.5200
1622267832165000,1,42.51212000,23.5100
1622267856372000,0,87.34794000,23.5200
1622267994237000,1,42.46338000,23.5500
1622267994321000,1,0.00000444,23.5500
1622267999452000,1,42.46338444,23.5200
1622267999452000,1,106.22747977,23.5200
1622268088612000,1,42.40036000,23.5700
1622268143614000,1,42.37491000,23.6000
1622268148872000,0,42.37306000,23.6000
1622268166150000,1,42.37233929,23.6000
1622268166150000,1,79.89823071,23.6000
1622268166244000,1,26.01331000,23.6000
1622268167915000,1,42.37952000,23.5900
1622268225708000,1,42.21997000,23.6800
1622268226072000,1,0.00000415,23.6800
1622268233631000,1,42.23102000,23.6700
1622268285607000,0,86.67384374,23.7100
1622268304579000,0,231.16998000,23.7300
1622268306737000,0,220.00000000,23.7500
1622268325864000,1,42.08316000,23.7600
1622268348091000,1,105.20557169,23.7500
1622268348091000,1,42.09160729,23.7500
1622268405136000,1,42.01944000,23.8000
1622268423861000,1,42.01844005,23.7900
1622268442876000,1,42.03604000,23.7900
1622268444314000,0,2.09033613,23.8000
1622268450298000,1,42.09627032,23.7300
1622268450298000,1,105.24366012,23.7300
1622268470555000,1,105.00000000,23.7400
1622268480318000,0,8.56562338,23.7500
1622268487487000,0,42.08170000,23.7700
1622268491431000,1,42.07743000,23.7600
1622268492591000,1,42.07743000,23.7500
1622268505713000,1,42.08593000,23.7500
1622268525337000,1,42.04953000,23.7800
1622268525920000,1,80.00000000,23.7700
1622268526028000,1,25.11798443,23.7700
1622268533811000,1,42.06581000,23.7600
1622268549205000,1,42.08558000,23.7600
1622268598228000,1,105.20645715,23.7500
1622268598228000,1,19.79354285,23.7500
1622268600329000,1,1.38819022,23.7100
1622268648439000,0,65.97500000,23.7300
1622268648541000,0,86.61488601,23.7300
1622268662780000,1,42.15868583,23.7100
1622268662780000,1,34.45619417,23.7100
1622268662877000,1,70.95786000,23.7100
1622268705101000,0,42.19564538,23.7000
1622268745180000,0,1.40580000,23.8000
1622268748642000,0,104.96880000,23.8200
1622268781290000,0,42.07421497,23.7700
1622268795631000,0,42.03247000,23.7900
1622268861253000,0,86.57977000,23.7400
1622268928397000,0,66.12247474,23.7600
1622268979089000,0,42.19956000,23.7000
1622269011231000,1,42.24244000,23.6600
1622269011327000,1,0.00000657,23.6600
1622269018887000,0,42.28950000,23.6500
1622269037403000,0,42.28133000,23.6500
1622269046917000,0,42.31455000,23.6400
1622269053198000,0,86.89996730,23.6500
1622269053198000,0,35.15434270,23.6500
1622269103767000,0,2.11045281,23.6300
1622269113141000,0,42.27627000,23.6600
1622269129895000,0,1.75707646,23.6700
1622269139698000,0,42.27019000,23.6600
1622269143768000,0,80.45354000,23.6900
1622269143901000,0,25.12435114,23.6900
1622269143901000,0,42.22593428,23.6900
1622269147547000,0,42.16824468,23.7200
1622269156302000,0,42.18816000,23.7100
1622269204359000,0,42.25733000,23.6700
1622269351293000,0,42.14762000,23.7300
1622269392815000,1,42.02550000,23.7700
1622269424831000,1,42.17652000,23.7100
1622269431240000,0,29.04474000,23.7000
1622269467707000,0,8.29992600,23.7400
1622269503699000,1,42.14239000,23.7200
1622269531151000,0,42.15935000,23.7300
1622269560265000,1,42.15655307,23.7200
1622269560265000,1,171.04529655,23.7100
1622269565803000,1,42.15655000,23.7100
1622269639773000,1,100.00000000,23.7000
1622269677833000,1,42.17931000,23.7000
1622269685713000,1,42.20429000,23.6900
1622269723470000,1,1.75707646,23.7100
1622269761967000,1,42.12955000,23.7100
1622269769560000,1,42.17296000,23.7100
1622269780681000,1,42.16763000,23.7100
1622269829814000,0,42.21630000,23.6900
1622269865144000,0,42.28485000,23.6500
1622269995765000,0,42.35326000,23.6100
1622270102673000,0,42.30811000,23.6400
1622270153907000,1,0.89171699,23.6200
1622270227924000,0,42.30274000,23.6400
1622270228792000,0,100.80293575,23.6500
1622270275560000,0,10.87447168,23.6600
1622270334646000,0,42.25091000,23.6700
1622270366423000,0,19.51209279,23.7000
1622270366424000,0,22.69103169,23.7000
1622270393767000,0,105.66803331,23.6700
1622270393767000,0,42.26215669,23.6700
1622270397540000,0,42.22593428,23.7000
1622270397540000,0,86.81207771,23.7000
1622270397540000,0,131.71525667,23.7100
1622270495978000,0,42.38988000,23.5900
1622270499084000,0,105.93310113,23.6100
1622270499084000,0,42.36982887,23.6100
1622270530210000,0,42.35577000,23.6100
1622270539215000,0,42.32422639,23.6300
1622270581496000,1,42.29599000,23.6300
1622270650026000,0,42.28056000,23.6600
1622270760277000,0,13.18012188,23.6700
1622270789143000,0,42.34507000,23.6200
1622270804260000,0,42.35475000,23.6100
1622270815721000,1,74.15254000,23.6000
1622270817783000,1,0.00000237,23.6000
1622270847697000,1,42.44578000,23.5500
1622270865760000,0,106.24553769,23.5400
1622270865760000,0,42.49333231,23.5400
1622270943584000,0,106.50625405,23.4800
1622270943584000,0,42.59759595,23.4800
1622271011941000,1,42.56532000,23.4900
1622271029519000,0,42.61829000,23.4700
1622271035132000,0,106.52713033,23.4800
1622271035132000,0,42.59432967,23.4800
1622271039546000,0,42.55874457,23.5000
1622271039546000,0,76.27220342,23.5100
1622271083699000,1,106.58071997,23.4300
1622271083699000,1,42.63137003,23.4300
1622271084678000,1,42.69339000,23.4200
1622271120272000,0,3.76896392,23.3800
1622271121760000,0,39.01958000,23.3800
1622271123828000,0,106.91619481,23.3900
1622271123828000,0,28.08380519,23.3900
1622271123934000,0,14.67996000,23.3900
1622271163086000,0,42.76665000,23.3900
1622271199064000,0,42.65428868,23.4500
1622271203180000,0,42.65422000,23.4500
1622271249892000,0,42.04737000,23.4500
1622271290568000,1,107.01230213,23.3500
1622271290568000,1,42.78972395,23.3500
1622271355721000,0,42.92962000,23.3000
1622271365188000,0,42.89348000,23.3300
1622271390714000,0,0.85677530,23.3200
1622271397363000,0,42.04227564,23.3200
1622271397363000,0,107.23353436,23.3200
1622271424478000,0,42.78525646,23.3800
1622271434884000,1,42.78136000,23.3700
1622271458638000,0,42.85676000,23.3400
1622271493670000,1,42.83224000,23.3400
1622271543853000,0,42.87403000,23.3300
1622271545861000,0,42.84611000,23.3400
1622271565743000,0,42.89794000,23.3100
1622271595053000,0,42.93183000,23.3000
1622271650031000,1,198.80560000,23.3800
1622271666550000,1,0.00000307,23.3800
1622271723828000,1,42.93419000,23.2800
1622271746972000,0,42.86785000,23.3300
1622271811355000,0,42.91746000,23.3000
1622271817693000,0,42.91163000,23.3100
1622271817872000,0,0.00000255,23.3100
1622271891908000,1,42.75606000,23.3800
1622271898435000,1,42.75752000,23.3800
1622272029018000,0,11.99000000,23.4100
1622272029023000,0,4.28000000,23.4100
1622272029380000,0,4.28000000,23.4100
1622272029535000,0,11.92000000,23.4100
1622272029865000,0,4.28000000,23.4100
1622272030023000,0,11.85000000,23.4200
1622272031010000,0,4.28000000,23.4200
1622272031151000,0,11.71000000,23.4200
1622272031573000,0,4.28000000,23.4200
1622272032829000,0,106.80018113,23.4200
1622272032829000,0,42.71324887,23.4200
1622272087131000,1,87.78129000,23.4000
1622272130172000,0,42.73485583,23.4000
1622272236207000,1,42.67431000,23.4200
1622272274475000,1,42.64089000,23.4400
1622272389101000,1,42.74917000,23.3900
1622272481588000,0,42.69757000,23.4200
1622272509366000,0,42.58592000,23.4900
1622272534881000,1,42.51724000,23.5100
1622272596276000,1,42.57946488,23.4700
1622272607012000,0,42.64446000,23.4500
1622272630487000,0,42.71879105,23.4100
1622272630487000,0,106.80655895,23.4100
1622272647773000,1,42.75386000,23.3900
1622272663769000,0,42.82336000,23.3600
1622272672735000,0,42.78495000,23.3800
1622272685791000,0,42.80137000,23.3800
1622272751210000,1,42.68233000,23.4300
1622272767741000,1,106.82938919,23.3800
1622272767741000,1,42.75605081,23.3800
1622272822343000,0,42.65531000,23.4500
1622272831326000,0,32.73775002,23.4800
1622272859609000,0,42.44248000,23.5600
1622272888631000,0,42.58375000,23.4900
1622272889832000,0,42.55373000,23.5000
1622272901104000,1,42.60201000,23.4700
1622272913956000,0,42.64149000,23.4700
1622272914406000,0,304.00000000,23.4800
1622272928861000,0,346.00000000,23.5100
1622272956900000,1,42.56502000,23.4900
1622272990025000,0,42.63428000,23.4600
1622272995774000,0,42.60298000,23.4800
1622273040298000,1,1.86056219,23.4000
1622273084587000,0,42.65095000,23.4500
1622273107891000,1,42.62701000,23.4500
1622273122454000,0,42.70249000,23.4300
1622273147134000,0,1.06700810,23.4300
1622273211353000,1,42.73048000,23.3900
1622273255851000,0,4.25759520,23.3700
1622273269763000,0,42.81499466,23.3600
1622273280292000,0,8.81987758,23.3700
1622273281585000,0,33.97123000,23.3700
1622273283558000,0,42.77060000,23.3900
1622273300299000,1,42.75276000,23.3800
1622273331793000,1,42.68451000,23.4200
1622273350467000,0,106.66348098,23.4500
1622273350467000,0,42.65864902,23.4500
1622273370599000,1,42.60050665,23.4700
1622273370599000,1,106.49898335,23.4700
1622273383195000,1,42.58490000,23.4800
1622273437584000,0,42.62955000,23.4600
1622273565068000,1,24.16899563,23.3400
1622273594156000,0,42.86815000,23.3300
1622273623353000,0,42.84875000,23.3400
1622273640277000,0,10.59485122,23.3600
1622273749878000,0,42.88764000,23.3200
1622273826885000,0,38.82670000,23.3000
1622273826899000,1,25.88447023,23.2900
1622273827516000,0,0.00000535,23.3000
1622273827630000,0,51.76894000,23.3100
1622273829285000,0,16.17779000,23.3000
1622273829459000,0,0.00000390,23.3000
1622273831219000,1,19.41335268,23.3000
1622273837396000,1,3.23555879,23.3000
1622273837933000,0,0.00000046,23.3100
1622273845230000,0,42.87373385,23.3300
1622273845230000,0,107.16826615,23.3300
1622273870738000,0,42.82409000,23.3600
1622273881033000,0,6.75000000,23.4000
1622273881057000,0,4.28000000,23.4000
1622273893699000,1,42.73340000,23.4000
1622273915178000,1,59.00000000,23.3200
1622273940820000,1,42.88153000,23.3200
1622273967605000,1,43.00206000,23.2500
1622274000031000,0,107.66673000,23.2300
1622274012761000,1,43.06466000,23.2200
1622274035766000,0,43.17714720,23.1700
1622274035766000,0,107.95311280,23.1700
1622274045213000,0,43.12481000,23.1900
1622274058782000,1,43.18002451,23.1500
1622274058782000,1,107.94100376,23.1400
1622274058782000,1,201.17832977,23.1300
1622274073197000,0,43.14148000,23.1800
1622274109881000,0,43.22615092,23.1400
1622274109881000,0,51.77384908,23.1400
1622274109990000,0,56.31930000,23.1400
1622274114630000,0,43.19410000,23.1600
1622274123463000,0,43.20156000,23.1600
1622274153913000,0,12.07625665,23.1700
1622274186244000,1,43.15982000,23.1700
1622274249126000,1,43.27982253,23.1000
1622274249126000,1,108.20355747,23.1000
1622274254150000,1,2.24516223,23.0900
1622274256539000,1,0.86669007,23.0800
1622274259498000,0,43.36222000,23.0800
1622274296921000,0,43.19515000,23.1600
1622274303203000,0,43.14260000,23.1800
1622274310964000,1,43.10891534,23.1900
1622274395366000,1,43.09695000,23.2000
1622274416562000,0,43.11440000,23.2000
1622274461573000,0,42.96620000,23.2800
1622274480258000,0,2.27613757,23.3300
1622274521248000,0,1.06972644,23.3000
1622274615003000,0,42.91153000,23.3100
1622274615262000,0,0.00000611,23.3100
1622274645265000,0,42.86082000,23.3400
1622274648928000,1,42.84331000,23.3400
1622274656123000,1,42.86235000,23.3300
1622274701596000,1,42.97441000,23.2700
1622274734819000,1,43.01686000,23.2400
1622274900870000,1,40.00000000,23.1900
1622274952826000,0,43.08282356,23.2200
1622274952826000,0,43.07755644,23.2200
1622274964250000,1,43.06651000,23.2200
1622275315186000,0,43.16352000,23.1700
1622275327855000,0,42.99169000,23.2600
1622275346605000,1,43.02518000,23.2400
1622275353204000,1,107.58981598,23.2300
1622275356863000,1,43.04427000,23.2300
1622275380676000,1,43.06726000,23.2100
1622275394931000,1,43.08433000,23.1800
1622275403057000,1,107.95312244,23.1400
1622275403057000,1,27.04687756,23.1400
1622275403138000,1,16.15406000,23.1400
1622275406853000,1,43.20094000,23.1100
1622275407066000,1,0.00000657,23.1100
1622275407066000,1,107.95311343,23.1000
1622275426008000,1,76.08695652,23.0000
1622275426333000,1,43.46871223,22.9900
1622275426333000,1,43.48868108,22.9900
1622275426333000,1,263.28320276,22.9700
1622275426417000,1,3.00000000,22.9800
1622275440312000,0,1.67878155,23.0100
1622275444651000,0,79.40000000,23.0100
1622275445328000,0,79.30000000,23.0100
1622275445964000,0,80.90000000,23.0200
1622275452896000,0,72.60000000,23.0400
1622275456966000,1,43.38716636,23.0400
1622275456966000,1,108.45283364,23.0400
1622275456994000,1,0.00985953,23.0400
1622275457844000,1,108.46269317,23.0200
1622275457844000,1,43.37730683,23.0200
1622275461071000,1,108.56000000,23.0200
1622275462227000,1,108.55000000,23.0100
1622275462264000,1,0.03140565,23.0100
1622275462264000,1,43.43163857,23.0100
1622275466270000,1,43.44711213,23.0000
1622275471768000,0,74.90000000,23.0100
1622275478951000,1,43.43925472,23.0100
1622275478951000,1,108.60074528,23.0100
1622275478955000,1,0.00047105,23.0100
1622275479483000,1,108.57763301,23.0000
1622275479483000,1,108.59236699,23.0000
1622275483169000,1,43.46000000,23.0000
1622275484502000,0,73.70000000,23.0100
1622275485951000,0,69.20000000,23.0200
1622275490043000,0,59.20000000,23.0300
1622275491170000,0,39.80000000,23.0500
1622275495253000,1,43.39000000,23.0400
1622275495266000,1,0.00168479,23.0400
1622275498929000,0,44.00000000,23.0600
1622275498929000,0,43.38788234,23.0600
1622275505044000,0,38.80000000,23.0700
1622275506024000,0,35.50000000,23.0800
1622275506973000,0,2.24516224,23.0900
1622275513954000,1,108.18857702,23.0900
1622275513954000,1,43.26142298,23.0900
1622275517593000,0,35.30000000,23.1100
1622275528386000,0,35.00000000,23.1700
1622275529558000,0,35.10000000,23.1800
1622275545641000,0,35.30000000,23.1800
1622275561794000,1,43.12000000,23.1800
1622275561794000,1,0.00074638,23.1800
1622275563800000,1,107.79672125,23.1600
1622275563800000,1,43.12073875,23.1600
1622275567495000,0,35.00000000,23.1700
1622275573436000,1,42.27589734,23.1700
1622275587226000,1,43.11000000,23.1900
1622275587413000,1,0.00300427,23.1900
1622275590240000,1,43.11300427,23.1700
1622275618346000,1,43.24000000,23.1100
1622275618559000,1,0.00201702,23.1100
1622275627937000,1,43.23491000,23.1300
1622275630243000,1,43.23000000,23.1200
1622275630291000,1,0.00491248,23.1200
1622275643502000,1,43.25204000,23.1200
1622275644160000,1,108.14552061,23.1100
1622275644160000,1,43.24447939,23.1100
1622275644160000,1,0.00757006,23.1100
1622275644333000,1,281.18000000,23.1000
1622275646248000,1,43.25204000,23.0900
1622275655440000,1,43.36653759,23.0500
1622275674148000,1,7.81000000,23.0300
1622275676199000,1,1.95000000,23.0200
1622275676204000,1,41.40788805,23.0200
1622275676204000,1,108.57763301,23.0200
1622275676204000,1,29.92456000,23.0200
1622275680340000,1,1.95101383,23.0000
1622275681867000,0,35.60000000,23.0300
1622275693932000,1,43.38685878,23.0400
1622275706153000,0,43.47987184,23.0000
1622275706153000,0,35.49999816,23.0000
1622275715110000,0,35.20000000,23.0200
1622275721333000,1,43.43390000,23.0200
1622275729925000,1,43.44302000,23.0100
1622275729927000,1,0.00000909,23.0100
1622275729927000,1,43.43999091,23.0100
1622275730101000,1,65.17066000,23.0100
1622275734828000,1,43.44302000,22.9900
1622275734897000,1,0.00000909,22.9900
1622275737745000,0,35.30000000,23.0100
1622275753049000,0,105.00000000,23.0300
1622275753179000,0,3.60631592,23.0300
1622275753179000,0,43.43649408,23.0300
1622275759236000,0,43.38336000,23.0500
1622275768397000,1,43.45655000,23.0100
1622275768405000,1,0.00000264,23.0100
1622275772241000,1,108.45798771,23.0000
1622275772241000,1,43.45201229,23.0000
1622275773956000,0,35.40000000,23.0100
1622275791019000,1,43.50000000,22.9700
1622275793064000,1,43.50196634,22.9500
1622275795409000,1,2.25518721,22.9300
1622275795409000,1,43.50196634,22.9100
1622275795626000,1,43.50196634,22.9000
1622275795626000,1,290.00000000,22.8900
1622275819487000,0,35.60000000,22.9300
1622275823832000,1,43.62000000,22.9200
1622275823879000,1,0.00697194,22.9200
1622275827099000,0,43.59998913,22.9400
1622275827099000,0,60.48524917,22.9400
1622275832486000,1,109.11122362,22.9000
1622275832486000,1,43.65118178,22.9000
1622275834491000,0,35.40000000,22.9100
1622275839146000,1,43.64127561,22.8900
1622275839146000,1,43.64872439,22.8900
1622275843057000,1,108.83000000,22.8700
1622275843309000,1,0.00318758,22.8700
1622275856790000,0,35.60000000,22.9500
1622275859321000,1,108.90493906,22.9500
1622275865240000,0,35.50000000,22.9700
1622275872715000,1,43.50192425,22.9800
1622275872715000,1,91.49807575,22.9800
1622275872759000,1,17.25904784,22.9800
1622275880083000,1,43.52616121,22.9700
1622275880083000,1,108.81383879,22.9700
1622275880088000,1,0.00008939,22.9700
1622275885642000,1,43.55000000,22.9600
1622275889308000,1,43.53336000,22.9600
1622275895963000,1,18.68000000,22.9500
1622275896335000,1,24.89433000,22.9500
1622275920303000,0,2.15030409,22.9800
1622275936489000,1,43.43283979,23.0100
1622275945215000,1,43.44937000,23.0100
1622275945218000,1,0.00000748,23.0100
1622275945885000,1,57.78000000,23.0000
1622275956561000,1,43.49473410,22.9800
1622275956561000,1,108.73913590,22.9800
1622275982037000,1,43.46002189,23.0100
1622275982037000,1,108.62479811,23.0100
1622275987257000,1,43.44899000,23.0000
1622275990157000,1,108.62480991,22.9900
1622275990157000,1,43.48382009,22.9900
1622276008075000,1,43.44000000,23.0000
1622276014708000,1,43.47475000,23.0000
1622276016699000,1,43.47475000,22.9900
1622276017116000,1,108.73536000,22.9800
1622276021350000,1,43.47475000,22.9700
1622276021410000,1,0.00000974,22.9700
1622276042274000,1,43.48225159,22.9600
1622276042274000,1,108.78172841,22.9600
1622276064827000,1,43.43849000,23.0200
1622276077406000,1,43.43784000,23.0100
1622276077440000,1,0.00000479,23.0100
1622276101277000,1,43.50230000,22.9800
1622276115982000,1,43.49624000,22.9900
1622276116213000,1,0.00000762,22.9900
1622276116515000,1,108.74293171,22.9800
1622276121557000,1,43.53070000,22.9700
1622276126795000,0,280.00000000,23.0300
1622276160306000,0,10.75882071,23.1000
1622276170697000,1,108.10436828,23.1000
1622276170697000,1,43.25091172,23.1000
1622276182560000,1,43.20757068,23.1300
1622276182560000,1,108.03428932,23.1300
1622276187571000,1,108.03055000,23.1300
1622276193972000,1,43.23783619,23.1200
1622276212452000,1,43.17883000,23.1600
1622276215085000,1,0.00000902,23.1600
1622276215085000,1,107.97363716,23.1500
1622276215506000,1,43.17883000,23.1400
1622276222550000,1,43.21503000,23.1400
1622276223364000,1,40.02180000,23.1300
1622276225130000,1,43.21503971,23.1100
1622276254318000,1,43.28000000,23.1000
1622276280311000,0,10.69370381,23.1000
1622276287514000,1,43.31000000,23.0800
1622276287599000,1,0.00424864,23.0800
1622276303813000,1,108.33000000,23.0700
1622276303974000,1,0.00860581,23.0700
1622276364569000,0,178.20000000,23.0600
1622276385878000,1,43.39432000,23.0400
1622276409460000,1,43.38076000,23.0500
1622276427929000,1,43.33571000,23.0700
1622276473202000,1,25.00000000,23.0600
1622276476149000,1,43.34000000,23.0500
1622276482484000,1,108.34236186,23.0300
1622276482484000,1,43.39763814,23.0300
1622276482517000,1,0.00164852,23.0300
1622276508740000,0,178.20000000,23.0400
1622276514732000,0,177.80000000,23.0600
1622276552722000,1,43.48000000,22.9800
1622276558942000,1,43.56000000,22.9500
1622276558960000,1,0.00074037,22.9500
1622276560530000,1,43.59000000,22.9300
1622276560566000,1,0.00295230,22.9300
1622276571411000,0,43.63620000,22.9200
1622276572903000,0,176.00000000,22.9300
1622276610229000,0,179.00000000,22.9500
1622276616500000,1,108.98659901,22.9300
1622276616500000,1,43.55340099,22.9300
1622276638630000,0,136.90000000,22.9400
1622276640346000,0,8.57223013,22.9600
1622276661641000,0,105.90000000,22.9400
1622276664233000,0,43.57922000,22.9500
1622276701045000,1,42.69801224,22.9500
1622276701081000,1,0.87138800,22.9500
1622276716261000,1,43.61120000,22.9200
1622276737128000,1,43.66490000,22.9000
1622276738048000,1,43.67909126,22.8900
1622276760402000,1,4.00810316,22.8800
1622276842166000,1,43.57288000,22.9400
1622276857589000,1,43.63822846,22.9100
1622276857589000,1,109.11026154,22.9100
1622276878254000,1,43.74168815,22.8500
1622276878254000,1,109.34696185,22.8500
1622276878254000,1,0.00001799,22.8500
1622276878752000,1,43.74168815,22.8400
1622276878752000,1,109.34696185,22.8400
1622276896225000,1,43.83173953,22.8000
1622276896225000,1,109.59431047,22.8000
1622276896299000,1,0.00001517,22.8000
1622276912459000,1,43.91650000,22.7700
1622276941293000,1,1.79360000,22.7000
1622276941796000,1,0.00000531,22.7000
1622276980261000,0,44.01540802,22.7200
1622276999430000,1,110.30320144,22.6400
1622276999430000,1,44.14370856,22.6400
1622277000414000,0,1.77780888,22.6600
1622277011900000,0,43.92138104,22.7700
1622277013500000,1,43.93432000,22.7500
1622277013615000,1,0.00000702,22.7500
1622277013615000,1,43.94737298,22.7400
1622277020021000,1,35.00000000,22.7100
1622277072483000,0,43.93427862,22.7700
1622277106419000,1,21.05706000,22.8000
1622277189867000,1,44.06559101,22.6700
1622277189867000,1,110.22636085,22.6700
1622277189867000,1,90.52496804,22.6700
1622277189867000,1,110.49531062,22.6600
1622277194438000,1,5.49463309,22.6700
1622277241072000,0,44.12105000,22.6700
1622277249356000,1,44.02787608,22.7100
1622277249356000,1,0.97212392,22.7100
1622277257726000,0,44.00216000,22.7300
1622277267573000,1,40.00000000,22.7200
1622277267870000,1,4.01051193,22.7200
1622277331242000,0,2.25518000,22.7700
1622277331740000,0,0.00000721,22.7700
1622277358682000,0,43.92446000,22.7700
1622277370595000,1,43.90924000,22.7700
1622277413772000,1,43.84840491,22.8000
1622277471160000,1,43.85486943,22.7900
1622277708056000,0,43.92369000,22.7700
1622277714085000,1,43.91927000,22.7500
1622277816670000,0,44.22641000,22.6200
1622277836935000,1,44.23565000,22.6000
1622277840319000,0,24.99708417,22.6100
1622277860206000,1,70.00000000,22.5000
1622277860206000,1,61.09484424,22.4900
1622277860722000,1,45.27741170,22.5200
1622277890924000,0,44.33661715,22.5600
1622277931576000,1,44.21515000,22.6100
1622277959323000,0,44.19670000,22.6300
1622277969100000,1,44.12774000,22.6500
1622277990936000,0,43.99875000,22.7400
1622277995213000,1,44.00501000,22.7100
1622278001275000,1,110.10208665,22.7000
1622278001275000,1,44.02554335,22.7000
1622278010028000,1,1.24740124,22.7000
1622278014068000,0,21.69089200,22.7100
1622278028271000,0,44.04371101,22.7100
1622278028271000,0,110.10693586,22.7100
1622278028271000,0,70.00000000,22.7100
1622278028271000,0,129.43832788,22.7200
1622278035196000,1,110.12245617,22.6800
1622278035196000,1,44.02754383,22.6800
1622278035406000,1,0.00079554,22.6800
1622278080292000,0,21.88787571,22.6800
1622278098421000,1,44.10391294,22.6600
1622278098421000,1,12.34140706,22.6600
1622278098452000,1,63.13882516,22.6600
1622278098480000,1,129.59928580,22.6600
1622278098532000,1,81.64903429,22.6600
1622278098532000,1,110.26525410,22.6600
1622278104838000,0,110.22538888,22.6900
1622278104838000,0,44.08875112,22.6900
1622278147477000,1,44.07406066,22.6800
1622278147477000,1,44.06045934,22.6800
1622278163394000,1,56.21216409,22.6100
1622278175705000,0,44.19866290,22.6300
1622278180495000,1,44.16125972,22.6200
1622278180495000,1,70.00000000,22.6200
1622278180495000,1,44.16913919,22.6200
1622278180495000,1,66.25730078,22.6100
1622278183212000,1,60.37828000,22.6200
1622278213240000,0,44.16079785,22.6500
1622278285338000,0,180.70000000,22.7200
1622278285338000,0,90.48072905,22.7200
1622278285338000,0,44.02742266,22.7200
1622278285338000,0,70.00000000,22.7200
1622278285338000,0,5.63105829,22.7200
1622278298882000,0,43.98900000,22.7400
1622278306843000,1,43.97915000,22.7300
1622278320271000,1,44.01000000,22.7100
1622278320401000,1,0.00702319,22.7100
1622278352699000,1,109.88721177,22.7300
1622278352699000,1,43.95393823,22.7300
1622278354451000,0,31.78285714,22.7500
1622278361201000,1,43.96770000,22.7300
1622278376415000,0,10.00000000,22.7300
1622278444322000,0,44.08091070,22.6900
1622278489762000,1,44.05386000,22.7000
1622278527083000,1,18.14714000,22.6900
1622278572593000,1,15.00000000,22.7000
1622278628670000,0,109.93940140,22.7500
1622278628670000,0,43.96248524,22.7500
1622278638298000,1,43.93772000,22.7600
1622278701136000,1,44.06869000,22.6500
1622278706947000,0,44.16852000,22.6400
1622278728586000,1,110.35481279,22.6400
1622278728586000,1,287.01018597,22.6400
1622278728586000,1,44.13500124,22.6400
1622278728669000,1,0.00793365,22.6400
1622278730291000,1,90.65000000,22.6300
1622278730372000,1,0.00147629,22.6300
1622278774460000,0,44.35156000,22.5500
1622278778975000,0,181.90000000,22.5800
1622278813460000,1,44.30958000,22.5600
1622278817992000,1,44.34023000,22.5500
1622278822583000,0,150.70000000,22.5700
1622278832921000,0,248.00000000,22.6700
1622278861111000,1,44.05044000,22.7000
1622278862647000,1,110.13992176,22.6900
1622278862647000,1,44.05043824,22.6900
1622278875679000,1,44.01431000,22.7200
1622278880176000,1,43.97675000,22.7300
1622278886653000,1,43.97675923,22.7200
1622278902329000,1,44.08190000,22.6800
1622278904278000,1,44.08190000,22.6700
1622278911085000,0,39.22856201,22.6800
1622278913163000,1,44.10321840,22.6400
1622278926341000,1,44.10485000,22.6700
1622278935098000,1,14.78527000,22.6400
1622278940679000,0,44.19124000,22.6400
1622278957951000,0,181.40000000,22.6400
1622278978276000,0,44.16508000,22.6500
1622278978624000,0,0.00000856,22.6500
1622278978624000,0,167.10000000,22.6600
1622278978624000,0,44.14051144,22.6600
1622279070323000,0,44.25656166,22.6000
1622279070323000,0,110.63905116,22.6000
1622279076053000,1,44.25397384,22.5800
1622279081744000,1,287.69850382,22.5200
1622279081744000,1,110.71149618,22.5200
1622279085362000,1,0.89026583,22.4700
1622279091921000,1,13.57524000,22.4600
1622279093765000,1,0.00000487,22.4600
1622279111243000,0,44.60031000,22.4600
1622279111829000,0,0.00000917,22.4600
1622279111829000,0,111.39826083,22.4600
1622279119715000,0,182.10000000,22.5200
1622279125896000,0,44.41104511,22.5300
1622279125896000,0,25.58895489,22.5400
1622279127312000,0,44.37754133,22.5400
1622279131774000,1,44.34849000,22.5200
1622279132344000,1,0.00000490,22.5200
1622279132344000,1,110.90112510,22.5200
1622279142597000,0,44.40883045,22.5200
1622279152882000,1,44.43291522,22.5000
1622279152882000,1,111.09332478,22.5000
1622279156709000,1,44.43291522,22.4900
1622279156709000,1,111.09332478,22.4900
1622279156774000,1,0.00001140,22.4900
1622279175405000,1,44.46255000,22.4900
1622279179035000,1,44.45930699,22.4800
1622279179035000,1,111.16742301,22.4800
1622279187709000,0,44.49482835,22.4800
1622279198085000,1,44.49293583,22.4500
1622279198085000,1,111.34706417,22.4500
1622279198155000,1,0.00258263,22.4500
1622279203817000,0,44.56939000,22.4400
1622279227415000,0,154.70000000,22.4400
1622279246261000,1,44.57027691,22.4300
1622279246261000,1,111.42805309,22.4300
1622279250429000,1,44.60009000,22.4100
1622279269215000,0,44.64978646,22.4000
1622279269215000,0,111.62208354,22.4000
1622279279427000,0,39.10000000,22.4300
1622279282001000,0,39.00000000,22.4500
1622279306912000,1,44.58387000,22.4200
1622279310158000,1,111.50459845,22.4100
1622279310158000,1,44.58540155,22.4100
1622279362644000,0,44.76771000,22.3400
1622279366681000,0,111.90589162,22.3600
1622279366681000,0,44.74675838,22.3600
1622279376995000,0,44.72367000,22.3600
1622279410853000,1,44.64796952,22.3800
1622279410853000,1,111.65499500,22.3800
1622279448729000,1,44.52265000,22.4500
1622279485012000,0,44.54541405,22.4500
1622279503145000,1,70.00000000,22.4900
1622279503570000,1,44.41823000,22.4800
1622279508265000,1,44.46879704,22.4800
1622279508265000,1,111.17435697,22.4800
1622279513530000,1,44.48272436,22.4700
1622279513530000,1,111.20995564,22.4700
1622279513663000,1,0.00000877,22.4700
1622279525530000,1,44.47947819,22.4800
1622279536162000,1,44.50442084,22.4600
1622279551528000,1,111.31791506,22.4400
1622279551528000,1,44.52621905,22.4400
1622279573917000,1,44.58856000,22.4200
1622279574130000,1,0.00000068,22.4200
1622279583321000,0,240.73346000,22.4200
1622279583415000,0,117.26654000,22.4200
1622279587582000,1,44.61083000,22.4100
1622279593877000,0,91.73901480,22.4200
1622279593877000,0,63.26098520,22.4200
1622279593959000,0,215.00000000,22.4200
1622279594055000,0,185.00000000,22.4200
1622279626730000,1,44.63154682,22.3900
1622279626730000,1,111.59518623,22.3900
1622279665227000,1,44.64390000,22.3900
1622279677341000,1,44.62915652,22.4000
1622279678945000,1,111.59717882,22.3900
1622279678945000,1,44.62914118,22.3900
1622279688997000,1,44.62835000,22.4000
1622279697440000,0,44.58489000,22.4300
1622279702602000,1,44.52035278,22.4500
1622279707765000,1,44.54208572,22.4400
1622279707765000,1,111.33476428,22.4400
1622279713672000,1,44.55240511,22.4300
1622279731844000,1,44.47037911,22.4800
1622279731844000,1,111.17831222,22.4800
1622279731844000,1,289.03434867,22.4800
1622279757047000,1,44.34975402,22.5400
1622279757047000,1,90.99136598,22.5400
1622279757619000,1,110.87752912,22.5300
1622279757619000,1,44.34975402,22.5300
1622279757619000,1,288.38920246,22.5300
1622279765211000,1,44.36147979,22.5400
1622279777414000,1,44.36273973,22.5200
1622279857266000,1,44.80000000,22.3000
1622279860023000,0,4.46000000,22.3200
1622279860188000,0,4.46000000,22.3100
1622279873229000,0,44.74928000,22.3500
1622279897769000,0,44.78236000,22.3300
1622279906934000,0,112.03829021,22.3200
1622279906934000,0,44.81143979,22.3200
1622279923024000,1,44.87254000,22.2800
1622279923149000,1,0.00000955,22.2800
1622279924471000,1,2.30012934,22.2700
1622279933692000,1,923.97026325,22.2500
1622279933709000,1,60.00000000,22.2500
1622279934311000,1,924.04254104,22.2500
1622279934971000,1,924.11525673,22.2500
1622279935310000,1,173.22000000,22.2500
1622279935488000,1,924.30933029,22.2500
1622279935528000,1,493.26350756,22.2500
1622279964993000,0,44.78327000,22.3300
1622279971297000,1,41.29210000,22.3300
1622280120324000,0,22.16813297,22.4100
1622280195318000,0,44.79610985,22.3300
1622280195318000,0,111.98708015,22.3300
1622280211396000,0,111.76481107,22.3800
1622280211396000,0,44.69950167,22.3800
1622280211396000,0,147.18737470,22.3900
1622280211396000,0,59.43025285,22.3900
1622280214344000,1,44.71137002,22.3600
1622280215272000,1,70.00000000,22.3500
1622280215283000,1,70.00000000,22.3400
1622280226408000,1,20.36502552,22.2400
1622280227036000,1,0.41561277,22.2400
1622280247849000,0,36.60000000,22.2800
1622280256345000,1,44.88879609,22.2500
1622280256345000,1,112.23747654,22.2500
1622280256345000,1,291.86565761,22.2500
1622280256445000,0,1211.79839000,22.2500
1622280257629000,0,0.00000234,22.2500
1622280263093000,1,44.88364231,22.2600
1622280290312000,1,44.88194000,22.2800
1622280308316000,1,44.70785466,22.3500
1622280308316000,1,111.77879534,22.3500
1622280311526000,1,111.77880316,22.3400
1622280311526000,1,44.70785466,22.3400
1622280333214000,1,44.62875000,22.3900
1622280337283000,0,131.23137000,22.4300
1622280337363000,0,220.76863000,22.4300
1622280342853000,1,44.58252000,22.4200
1622280343078000,1,0.00000530,22.4200
1622280351020000,1,44.57910000,22.4300
1622280351125000,1,0.00000089,22.4300
1622280360845000,1,44.59818764,22.4100
1622280360845000,1,111.49464236,22.4100
1622280374924000,1,44.52669646,22.4500
1622280374924000,1,35.98748354,22.4500
1622280375019000,1,75.33240000,22.4500
1622280375056000,1,0.00001422,22.4500
1622280397869000,1,44.43520466,22.4900
1622280397869000,1,111.07358534,22.4900
1622280403638000,1,44.49451000,22.4700
1622280404247000,1,44.48193287,22.4600
1622280404247000,1,44.49450713,22.4600
1622280437145000,1,44.45812102,22.4900
1622280437145000,1,111.12187898,22.4900
1622280437191000,1,0.00701275,22.4900
1622280437558000,1,70.00000000,22.4700
1622280438660000,0,70.00000000,22.4800
1622280438660000,0,85.60000000,22.4900
1622280438660000,0,294.00000000,22.5000
1622280438660000,0,44.48334878,22.5000
1622280438660000,0,32.90909566,22.5000
1622280458594000,1,44.54605415,22.4300
1622280458594000,1,111.36749585,22.4300
1622280458693000,1,0.00000800,22.4300
1622280478454000,0,44.55549000,22.4500
1622280504053000,1,44.54620778,22.4400
1622280531388000,0,130.60000000,22.3400
1622280558030000,0,47.00000000,22.3400
1622280566284000,1,44.78313000,22.3300
1622280566749000,1,111.90188443,22.3200
1622280566749000,1,3.09811557,22.3200
1622280580383000,0,44.84520000,22.3000
1622280589576000,1,112.09455400,22.2900
1622280589576000,1,44.83846600,22.2900
1622280600442000,0,20.70570492,22.3300
1622280605973000,0,44.76402669,22.3400
1622280621619000,1,44.69138000,22.3700
1622280625705000,0,183.50000000,22.3600
1622280635173000,1,44.65945000,22.3900
1622280635334000,1,0.00000250,22.3900
1622280635479000,1,111.64402000,22.3800
1622280640856000,0,1.76050045,22.3800
1622280644654000,1,44.68180218,22.3800
1622280652131000,1,44.63832070,22.3900
1622280652131000,1,111.59817515,22.3900
1622280654166000,1,44.63832070,22.3700
1622280655234000,1,44.63832070,22.3600
1622280662571000,1,44.71057037,22.3500
1622280662571000,1,111.77479963,22.3500
1622280711856000,1,44.72096000,22.3500
1622280711984000,1,0.00000800,22.3500
1622280734215000,1,44.77222687,22.3300
1622280740338000,0,168.42451000,22.3300
1622280747638000,1,44.79437000,22.3100
1622280756601000,1,44.82400000,22.3000
1622280756794000,1,0.00000523,22.3000
1622280758024000,1,44.82763154,22.3100
1622280766663000,1,44.79709766,22.3000
1622280784614000,1,44.94407000,22.2500
1622280786384000,1,6.29762419,22.2300
1622280798570000,1,44.99382369,22.2100
1622280798570000,1,112.54772023,22.2100
1622280803576000,1,44.82090000,22.2000
1622280803576000,1,18.00000000,22.2000
1622280803576000,1,45.04286969,22.1900
1622280803576000,1,70.00000000,22.1900
1622280803576000,1,140.60183565,22.1800
1622280803576000,1,92.53532017,22.1800
1622280803576000,1,115.99151893,22.1800
1622280813407000,0,185.00000000,22.2400
1622280818619000,1,44.97196000,22.2300
1622280837742000,1,44.98896000,22.2200
1622280840348000,0,2.39896503,22.2300
1622280850465000,1,45.02421151,22.1800
1622280850465000,1,112.52339849,22.1800
1622280850482000,1,0.00000638,22.1800
1622280864266000,1,44.99949000,22.2200
1622280871235000,1,44.96064000,22.2300
1622280893076000,1,44.93971812,22.2500
1622280898065000,0,92.50250000,22.2400
1622280904639000,0,0.00000213,22.2400
1622280927030000,1,44.75259046,22.3300
1622280927030000,1,111.88384954,22.3300
1622280934080000,1,44.77583000,22.3000
1622280944296000,1,44.86195000,22.2800
1622280944335000,1,0.00000975,22.2800
1622280955252000,0,184.70000000,22.2800
1622280955252000,0,44.90642000,22.2800
1622280961055000,0,135.99349000,22.2900
1622280965311000,0,291.41591924,22.3200
1622280968543000,0,156.84330000,22.3300
1622280990860000,1,1118.61000000,22.2700
1622280990930000,1,0.00783154,22.2700
1622281014582000,0,2.30012000,22.3800
1622281080363000,0,6.57586119,22.5600
1622281145890000,0,70.00000000,22.6500
1622281145890000,0,181.10000000,22.6600
1622281145890000,0,136.99973093,22.6700
1622281145890000,0,126.50154692,22.6900
1622281231306000,0,1.51939180,22.5400
1622281294851000,1,44.34810154,22.5400
1622281297560000,1,44.36313335,22.5200
1622281297560000,1,110.86670665,22.5200
1622281304530000,0,44.34448132,22.5600
1622281304530000,0,110.85883868,22.5600
1622281304783000,0,334.00000000,22.5700
1622281311909000,0,44.23988208,22.6100
1622281318176000,1,110.69195757,22.5800
1622281318176000,1,287.75481243,22.5800
1622281337462000,1,44.32490000,22.5600
1622281339173000,1,110.66353000,22.5500
1622281339959000,1,44.34495000,22.5400
1622281350155000,0,32.00796812,22.5900
1622281356818000,1,44.26416000,22.5700
1622281358030000,1,110.68019621,22.5500
1622281358030000,1,44.32065379,22.5500
1622281367539000,0,44.28588000,22.5800
1622281385867000,1,44.31429843,22.5400
1622281385867000,1,110.88145157,22.5400
1622281405633000,1,44.35644268,22.5300
1622281405633000,1,110.89424732,22.5300
1622281407338000,1,44.37486000,22.5200
1622281408607000,1,110.89425124,22.5100
1622281408607000,1,44.37485876,22.5100
1622281468394000,0,111.11209877,22.5100
1622281468394000,0,44.44063123,22.5100
1622281478953000,1,44.42178192,22.5100
1622281486206000,1,44.40678962,22.5100
1622281502653000,0,128.52600585,22.5200
1622281502689000,0,41.96187741,22.5200
1622281502723000,0,83.51211674,22.5200
1622281521365000,1,44.28564000,22.5700
1622281522122000,1,110.67039700,22.5500
1622281522122000,1,44.28564551,22.5500
1622281553194000,0,110.17875401,22.7000
1622281553194000,0,44.07149599,22.7000
1622281574289000,1,44.06473833,22.6900
1622281598199000,0,44.06722000,22.6900
1622281624124000,1,44.00733000,22.7200
1622281642443000,0,90.52726000,22.7300
1622281656969000,0,43.97382000,22.7400
1622281680292000,0,6.52439641,22.7500
1622281729109000,0,43.91864740,22.7700
1622281745159000,1,43.89722268,22.7600
1622281761974000,0,342.00000000,22.7400
1622281766922000,1,43.96051000,22.7400
1622281768466000,1,43.96051966,22.7300
1622281777490000,1,43.97490034,22.7300
1622281796077000,1,43.97064000,22.7400
1622281808904000,1,43.95433000,22.7500
1622281827209000,1,11.89488990,22.6900
1622281844311000,1,110.06524668,22.7000
1622281847958000,0,44.05092286,22.7000
1622281847986000,0,0.00000001,22.7000
1622281876352000,1,43.94197000,22.7600
1622281891912000,0,180.80000000,22.7200
1622281891912000,0,40.73917253,22.7200
1622281898681000,1,43.99355000,22.7300
1622281920341000,0,1.30600026,22.7300
1622281959110000,1,20.00000000,22.7000
1622281996990000,0,90.53238518,22.7300
1622282007239000,1,43.97799471,22.7400
1622282014116000,1,43.99726915,22.7100
1622282029092000,0,43.99239811,22.7300
1622282040307000,0,44.01524688,22.7200
1622282040307000,0,18.13941362,22.7300
1622282100494000,1,43.95240000,22.7500
1622282100641000,1,0.00000437,22.7500
1622282113754000,0,44.00943000,22.7200
1622282168061000,0,44.07655216,22.6900
1622282168061000,0,110.19137784,22.6900
1622282236953000,0,44.03656797,22.7100
1622282239364000,0,200.00000000,22.7200
1622282239478000,0,116.78866000,22.7200
1622282239608000,0,61.21134000,22.7200
1622282331862000,1,44.03462000,22.7100
1622282331884000,1,0.00000883,22.7100
1622282418031000,1,84.29000000,22.6100
1622282418037000,1,0.00588677,22.6100
1622282425147000,0,181.70000000,22.5900
1622282444209000,1,84.52017000,22.5500
1622282444791000,1,0.00000738,22.5500
1622282466807000,0,110.00000000,22.5300
1622282466908000,0,72.30000000,22.5300
1622282474341000,0,44.35179000,22.5500
1622282477244000,0,91.33415140,22.5600
1622282477244000,0,182.20000000,22.5600
1622282477244000,0,110.86769493,22.5600
1622282477244000,0,44.35178367,22.5600
1622282478496000,0,44.32985112,22.5700
1622282481704000,0,44.25969564,22.6000
1622282491270000,1,44.25514000,22.5800
1622282493348000,0,3.56283185,22.6000
1622282503359000,0,95.90363000,22.6100
1622282506611000,0,44.19702281,22.6300
1622282527947000,1,43.95449830,22.7500
1622282532007000,1,43.93579000,22.7600
1622282539458000,1,109.84472350,22.7500
1622282539458000,1,43.90954650,22.7500
1622282546302000,1,43.90000000,22.7300
1622282559978000,0,30.38420000,22.7600
1622282570966000,0,43.97924180,22.7400
1622282570966000,0,180.60000000,22.7400
1622282570966000,0,109.98196296,22.7400
1622282570966000,0,18.30862813,22.7400
1622282576592000,0,44.02781033,22.7200
1622282592014000,1,44.05891387,22.6800
1622282599521000,1,44.05891000,22.6300
1622282633314000,0,131.15334000,22.6400
1622282633409000,0,50.54666000,22.6400
1622282644989000,0,44.14559203,22.6600
1622282644989000,0,44.14403306,22.6600
1622282645610000,0,44.11482000,22.6700
1622282654564000,0,55.32892998,22.7100
1622282664448000,1,170.00000000,22.6700
1622282664547000,1,90.00000000,22.6700
1622282664821000,1,26.58251000,22.6700
1622282665244000,1,0.00000637,22.6700
1622282670726000,0,44.12299762,22.6700
1622282670726000,0,181.09999238,22.6700
1622282724390000,0,44.25107825,22.6000
1622282784439000,0,44.25570000,22.6000
1622282791237000,1,44.27192000,22.5800
1622282822942000,1,300.82643000,22.5700
1622282823679000,1,869.98357000,22.5700
1622282823679000,1,740.01643000,22.5700
1622282831717000,1,110.76061530,22.5600
1622282831717000,1,4.23938470,22.5600
1622282835233000,0,44.35313000,22.5500
1622282853540000,1,44.32844000,22.5500
1622282860440000,1,110.95528058,22.5200
1622282860440000,1,44.39298988,22.5200
1622282860440000,1,197.52156243,22.5100
1622282861881000,1,110.95528058,22.5100
1622282862116000,1,288.41414446,22.4900
1622282862116000,1,110.95528058,22.4900
1622282890244000,0,45.38132332,22.5400
1622282897917000,1,44.39220000,22.5200
1622282915659000,0,44.40828000,22.5200
1622282923103000,0,44.38187426,22.5400
1622282923103000,0,182.20000000,22.5400
1622282923103000,0,110.94640574,22.5400
1622282954258000,0,44.35777775,22.5500
1622282988401000,0,182.00000000,22.5700
1622282988401000,0,44.30982000,22.5700
1622283000340000,0,21.93271044,22.5900
1622283047750000,1,110.85982883,22.5400
1622283047750000,1,44.35046182,22.5400
1622283051294000,1,10.00000000,22.5200
1622283052098000,1,44.35000000,22.5000
1622283058722000,0,44.43661991,22.5200
1622283058722000,0,111.08839970,22.5200
1622283066573000,1,111.25945705,22.4600
1622283076245000,1,21.24308000,22.4300
1622283077995000,1,0.00000961,22.4300
1622283120371000,0,19.80483578,22.4700
1622283133169000,0,44.43827000,22.5100
1622283143835000,1,111.01933513,22.5000
1622283143835000,1,44.39652487,22.5000
1622283153543000,1,44.39338000,22.5200
1622283203294000,0,182.30000000,22.5700
1622283203294000,0,44.30463000,22.5700
1622283258829000,0,44.31131000,22.5700
1622283265639000,1,44.32529000,22.5600
1622283293910000,1,44.30880000,22.5700
1622283321287000,0,44.36635000,22.5400
1622283396643000,0,44.20553807,22.6200
1622283437566000,1,110.90313259,22.5200
1622283437566000,1,44.40140741,22.5200
1622283504966000,1,289.68000000,22.4200
1622283505260000,1,0.00084537,22.4200
1622283512477000,1,44.65000000,22.3900
1622283514705000,0,290.37032588,22.4000
1622283521490000,1,44.68819000,22.3600
1622283530081000,0,44.75834000,22.3400
1622283539575000,0,44.72391925,22.3600
1622283547502000,0,3.56283000,22.3900
1622283547978000,1,38.30879168,22.3600
1622283558593000,0,0.00000185,22.3900
1622283558727000,0,44.63568000,22.4100
1622283575636000,0,44.52637000,22.4600
1622283609029000,0,44.53430000,22.4700
1622283684007000,0,110.80676187,22.5700
1622283720375000,0,4.66864747,22.6000
1622283797670000,0,44.40379000,22.5200
1622283840275000,0,3.93667911,22.4900
1622283871743000,0,44.53549479,22.4600
1622283873945000,0,44.49823000,22.4800
1622284012663000,0,44.67157000,22.3900
1622284109757000,0,44.72511000,22.3600
1622284259133000,1,30.33811062,22.3900
1622284320314000,1,44.76714000,22.3400
1622284320419000,0,10.99054241,22.3600
1622284416091000,0,44.54779000,22.4500
1622284480706000,0,40.82363394,22.5100
1622284535619000,0,44.37029675,22.5400
1622284535619000,0,70.00000000,22.5400
1622284535619000,0,182.10000000,22.5500
1622284535619000,0,54.90813797,22.5500
1622284560348000,0,1.98002416,22.6000
1622284903990000,0,1.52544248,22.5600
1622284920290000,0,11.10548155,22.5400
1622284934587000,0,44.25875000,22.6000
1622284995543000,1,95.53460000,22.5400
1622284999899000,1,0.00000514,22.5400
1622285073740000,0,2.66000000,22.4600
1622285081395000,0,44.53946000,22.4500
1622285257065000,0,12.00000000,22.4500
1622285544474000,0,44.46672000,22.4900
1622285659885000,1,2.97404894,22.5600
1622285760315000,0,3.64568717,22.5300
1622285774229000,1,44.43204000,22.5000
1622285784526000,1,44.45970000,22.4800
1622285785965000,1,44.45970000,22.4700
1622285839773000,0,44.58990663,22.4300
1622285839773000,0,111.46879337,22.4300
1622285901379000,0,44.37699000,22.5400
1622285905284000,1,44.35557000,22.5400
1622285908224000,1,44.38077441,22.5300
1622285908224000,1,110.91195559,22.5300
1622285924377000,0,44.34432000,22.5600
1622285990925000,1,44.48106000,22.4800
1622286000335000,0,44.44167000,22.5100
1622286063059000,1,44.36856000,22.5300
1622286067000000,1,44.41830000,22.5100
1622286097836000,1,44.50142000,22.4700
1622286129298000,1,44.57989000,22.4300
1622286153184000,0,44.60263000,22.4200
1622286302174000,1,92.08902061,22.3100
1622286302276000,1,19.91627429,22.3100
1622286302276000,1,44.75775007,22.3100
1622286302711000,1,15.00000000,22.3000
1622286417688000,1,91.85813617,22.3800
1622286417688000,1,44.67022544,22.3700
1622286417688000,1,40.40635723,22.3600
1622286755158000,0,44.84103000,22.3100
1622286840491000,0,9.61927312,22.2900
1622286940815000,0,44.92685000,22.2600
1622286960595000,0,8.87304288,22.2500
1622286972265000,1,63.96188104,22.2400
1622287013791000,1,44.99437570,22.2200
1622287013791000,1,112.49909430,22.2200
1622287014284000,1,44.99868298,22.2100
1622287014284000,1,112.49909702,22.2100
1622287044700000,1,32.23838000,22.1700
1622287045275000,1,0.00000520,22.1700
1622287045275000,1,45.09607480,22.1600
1622287048040000,1,10.78126000,22.1500
1622287049103000,1,0.00000410,22.1500
1622287050835000,1,50.00000000,22.1200
1622287052196000,1,2.21400000,22.1000
1622287052196000,1,2.00000000,22.1000
1622287052196000,1,4.99600000,22.1000
1622287052365000,1,0.00400000,22.1000
1622287052365000,1,32.38423198,22.0700
1622287052365000,1,0.90631018,22.0700
1622287052365000,1,4.00000000,22.0500
1622287052365000,1,26.49628310,22.0300
1622287064075000,1,5.00000000,22.0000
1622287064075000,1,2.00000000,22.0000
1622287064075000,1,20.00000000,22.0000
1622287064075000,1,3.50000000,22.0000
1622287064075000,1,21.00000000,22.0000
1622287064075000,1,1.04090909,22.0000
1622287064075000,1,98.35892091,22.0000
1622287064551000,1,1.64107909,22.0000
1622287064551000,1,4.42477876,22.0000
1622287064551000,1,45.43482428,22.0000
1622287064551000,1,1.51000000,21.9900
1622287064551000,1,45.04845765,21.9500
1622287064588000,1,12.18929157,21.9600
1622287064657000,1,50.00000000,21.9600
1622287064706000,1,0.40134361,21.9500
1622287064706000,1,18.31105137,21.9400
1622287064706000,1,81.28760502,21.9400
1622287064779000,1,71.07314286,21.9400
1622287064831000,1,113.59711408,21.9500
1622287064831000,1,34.49661427,21.9400
1622287064831000,1,203.28470637,21.9400
1622287077829000,0,1.52000000,22.0600
1622287109107000,1,45.39506831,22.0100
1622287114627000,1,295.46813000,21.9300
1622287116397000,1,69.99999999,21.9100
1622287116410000,1,0.00000001,21.9100
1622287122149000,0,45.66682000,21.9100
1622287122224000,1,70.00000000,21.9000
1622287122602000,1,100.00000000,21.8900
1622287122602000,1,45.67489439,21.8900
1622287122602000,1,14.18965561,21.8900
1622287122890000,1,100.00000886,21.8900
1622287125029000,0,3.64000000,21.9300
1622287145464000,0,45.50681000,21.9800
1622287156714000,1,70.19215000,21.8900
1622287160988000,0,45.67892000,21.9000
1622287161795000,1,2.86000000,21.8800
1622287161795000,1,0.00654478,21.8800
1622287187494000,0,3.66000000,21.8300
1622287187875000,1,1.58000000,21.8100
1622287187902000,1,18.30000000,21.8000
1622287191607000,1,1.83282241,21.7700
1622287191700000,1,0.03740454,21.7700
1622287193112000,0,3.08885087,21.7900
1622287198555000,1,74.23000000,21.7500
1622287198618000,1,0.00954022,21.7500
1622287229954000,0,1.37931034,21.8700
1622287329416000,0,70.00000000,21.8600
1622287351867000,1,93.83983000,21.9200
1622287373820000,0,45.90946653,21.7900
1622287386292000,0,70.00000000,21.7500
1622287432749000,1,45.85291000,21.8000
1622287461442000,1,45.61544356,21.9100
1622287462523000,0,45.63001000,21.9000
1622287462705000,1,458.77000000,21.9100
1622287462777000,1,0.00472265,21.9100
1622287481895000,1,45.60448000,21.9300
1622287519864000,0,113.97622000,21.9400
1622287528809000,1,45.54932000,21.9500
1622287531501000,0,2.27094717,21.9600
1622287551393000,1,45.49742000,21.9800
1622287560309000,0,4.50654063,21.9800
1622287630610000,0,55.32892000,22.2100
1622287654668000,0,0.00000998,22.2100
1622287656186000,0,262.75857358,22.2200
1622287820399000,0,94.90000000,22.3100
1622287913730000,1,13.19939000,22.5100
1622287917771000,1,21.15808000,22.5200
1622287918621000,1,0.00000170,22.5200
1622287918621000,1,5.44697830,22.5100
1622288039985000,1,44.42304000,22.5100
1622288048398000,1,10.00000000,22.5100
1622288159512000,1,44.44982099,22.4800
1622288159512000,1,10.55017901,22.4800
1622288177778000,1,44.43165079,22.5000
1622288218417000,1,44.59261898,22.4100
1622288218417000,1,111.52151027,22.4100
1622288258243000,0,44.81345000,22.3200
1622288265922000,1,44.82320000,22.3100
1622288266053000,1,0.00000155,22.3100
1622288280331000,0,1.58144166,22.3100
1622288282087000,0,92.32865000,22.3100
1622288295457000,0,70.00000000,22.2900
1622288295471000,0,92.37082772,22.3000
1622288295471000,0,37.82356323,22.3000
1622288295482000,0,7.03814306,22.3000
1622288295482000,0,105.61546410,22.3000
1622288295756000,0,6.53641646,22.3000
1622288296945000,0,0.00000993,22.3100
1622288305383000,0,44.76983000,22.3400
1622288343624000,0,44.83225842,22.3400
1622288343624000,0,44.77211158,22.3400
1622288379806000,1,44.71896000,22.3600
1622288380605000,0,44.70487000,22.3700
1622288380877000,0,1.11051883,22.3900
1622288395290000,1,44.54057956,22.4400
1622288395290000,1,69.99999044,22.4400
1622288401922000,1,44.56439000,22.4200
1622288407613000,1,44.57425037,22.4200
1622288407613000,1,85.42574963,22.4200
1622288580747000,1,10.00000000,22.5200
1622288622404000,0,44.43788459,22.5100
1622288622404000,0,111.09233541,22.5100
1622288630085000,1,44.46444693,22.4800
1622288630085000,1,44.43599449,22.4800
1622288630085000,1,44.43599449,22.4800
1622288638970000,1,44.48937272,22.4600
1622288638970000,1,111.23172728,22.4600
1622288639922000,1,44.52661558,22.4500
1622288639922000,1,111.31889442,22.4500
1622288648682000,1,22.04597000,22.4900
1622288701549000,1,37.50974659,22.5600
1622288705125000,1,44.30730000,22.5500
1622288738505000,1,25.69270000,22.5300
1622288760281000,1,11.78240943,22.5000
1622288763703000,0,44.39456000,22.5300
1622288763790000,0,0.00000032,22.5300
1622288777280000,1,1.37931034,22.5800
1622288788879000,1,44.26604159,22.5800
1622288788879000,1,0.73395841,22.5800
1622288853097000,0,44.25029502,22.6100
1622288853097000,0,110.58422498,22.6100
1622288855589000,0,44.21155963,22.6200
1622288855589000,0,141.54304965,22.6300
1622288855589000,0,154.02718990,22.6300
1622288876418000,1,44.26298000,22.5800
1622288880926000,0,44.26870000,22.5900
1622288910140000,0,44.28941000,22.5800
1622288935175000,1,44.24567192,22.5900
1622288935175000,1,110.64785808,22.5900
1622288942476000,1,44.27937000,22.5800
1622288960834000,0,110.76061530,22.5800
1622288960834000,0,44.29969289,22.5800
1622289000785000,0,22.05518672,22.5900
1622289009808000,1,44.23674602,22.6000
1622289033996000,0,10.00000000,22.6800
1622289068669000,1,44.10827000,22.6700
1622289070709000,1,25.00000000,22.6600
1622289123581000,0,44.12447000,22.6700
1622289138319000,0,43.87213403,22.6800
1622289144384000,1,40.19107000,22.6600
1622289147509000,0,1262.44000000,22.6700
1622289147509000,0,4.00000000,22.6700
1622289147598000,0,44.13070953,22.6700
1622289151219000,1,110.37235217,22.6400
1622289151219000,1,44.12227783,22.6400
1622289186937000,1,44.18077000,22.6300
1622289197006000,1,44.18826000,22.6300
1622289203795000,1,44.18428000,22.6300
1622289205989000,1,44.18428476,22.6100
1622289205989000,1,110.53142524,22.6100
1622289220268000,1,44.22109000,22.6100
1622289225348000,0,44.22994000,22.6100
1622289240424000,1,110.53632224,22.6000
1622289240424000,1,44.22266050,22.6000
1622289247702000,0,91.04995000,22.6300
1622289248940000,0,0.00000858,22.6300
1622289265803000,0,44.08798307,22.6900
1622289314978000,1,44.14527000,22.6400
1622289347295000,1,44.22219000,22.6100
1622289405826000,1,44.08688000,22.6700
1622289407618000,1,44.08688000,22.6600
1622289427232000,0,44.15377000,22.6500
1622289438525000,1,44.15860000,22.6300
1622289479218000,0,91.02924777,22.6300
1622289479218000,0,37.43797002,22.6300
1622289479330000,0,6.75639564,22.6300
1622289486901000,1,44.11800639,22.6600
1622289486901000,1,110.29735361,22.6600
1622289500782000,0,21.92639929,22.6900
1622289513149000,1,44.08424048,22.6700
1622289513149000,1,110.21371952,22.6700
1622289523595000,1,44.09240000,22.6800
1622289526707000,1,44.09240000,22.6600
1622289526711000,1,0.00000459,22.6600
1622289530941000,1,110.36455620,22.6500
1622289550746000,1,44.13580973,22.6600
1622289551840000,0,10.96297928,22.6900
1622289580592000,1,110.00005553,22.7200
1622289580592000,1,43.99307447,22.7200
1622289581498000,1,43.99308601,22.7100
1622289588035000,1,44.04036166,22.7000
1622289588035000,1,110.09044834,22.7000
1622289588324000,1,0.00000197,22.7000
1622289588671000,1,110.17001437,22.6900
1622289594939000,1,44.08844033,22.6700
1622289599513000,1,44.10580000,22.6700
1622289599562000,1,0.00000547,22.6700
1622289599562000,1,110.23899815,22.6700
1622289609077000,1,44.09349487,22.6600
1622289609077000,1,110.21858550,22.6600
1622289621468000,1,44.24528038,22.6000
1622289625938000,0,348.00000000,22.6100
1622289641948000,1,44.20108086,22.6200
1622289643089000,1,4.34060637,22.6100
1622289652136000,1,44.25319047,22.5600
1622289671636000,1,44.39850874,22.5200
1622289671636000,1,43.39149126,22.5100
1622289672275000,1,4.00000000,22.5000
1622289682734000,1,44.50898000,22.4600
1622289686586000,1,289.15407011,22.4400
1622289707740000,0,111.60614637,22.4100
1622289707740000,0,44.63813363,22.4100
1622289741310000,1,44.55804490,22.4200
1622289741310000,1,111.39827110,22.4200
1622289741310000,1,70.00000000,22.4100
1622289741310000,1,289.65281526,22.4100
1622289741310000,1,603.00870028,22.4000
1622289767079000,1,44.76000000,22.3000
1622289817775000,0,262.75857000,22.3000
1622289819879000,0,0.00000359,22.3000
1622289913121000,0,44.89151152,22.2800
1622289919991000,1,111.94033000,22.3000
1622289959778000,1,44.86390792,22.2800
1622289984065000,1,44.68978000,22.3600
1622290003338000,0,44.65497000,22.4000
1622290024794000,1,44.55114000,22.4300
1622290044111000,1,44.69138000,22.3700
1622290062337000,1,44.59611706,22.4100
1622290062337000,1,111.46283829,22.4100
1622290062337000,1,111.49962536,22.4000
1622290062337000,1,72.22321847,22.3900
1622290076501000,1,44.45464000,22.4900
1622290087013000,1,111.34865491,22.4500
1622290087013000,1,44.53850509,22.4500
1622290136261000,1,16.93747884,22.4500
1622290136370000,1,27.57534316,22.4500
1622290136370000,1,38.78475684,22.4400
1622290175710000,0,44.46230000,22.5000
1622290193297000,0,4.37777778,22.5200
1622290211522000,1,111.54340377,22.4100
1622290222168000,1,44.63672000,22.4000
1622290222248000,1,0.00000666,22.4000
1622290223704000,1,44.63672666,22.3800
1622290251892000,1,5.77500000,22.4000
1622290264744000,1,44.62636000,22.3900
1622290298926000,0,44.54087000,22.4700
1622290318224000,1,44.53811000,22.4400
1622290319801000,1,44.53811799,22.4300
1622290327163000,0,44.57343000,22.4400
1622290349407000,1,44.50759000,22.4600
1622290351196000,1,44.50759000,22.4400
1622290357000000,0,44.53802875,22.4600
1622290363754000,1,44.53700880,22.4500
1622290363754000,1,111.33376120,22.4500
1622290369245000,1,44.56201000,22.4400
1622290369323000,1,0.00000621,22.4400
1622290381715000,1,44.56000000,22.4400
1622290381723000,1,0.00272929,22.4400
1622290385556000,0,36.30000000,22.4500
1622290389160000,1,44.54367301,22.4500
1622290389160000,1,111.34765699,22.4500
1622290391455000,1,17.82000000,22.4300
1622290391481000,1,26.72367301,22.4300
1622290391481000,1,111.34766304,22.4300
1622290402218000,0,36.60000000,22.4200
1622290413071000,0,111.34171217,22.4600
1622290413071000,0,44.53365783,22.4600
1622290427972000,1,44.44911000,22.4900
1622290441021000,1,44.49847000,22.4700
1622290442927000,1,44.50957122,22.4500
1622290442927000,1,44.49846878,22.4500
1622290448302000,1,44.56153000,22.4300
1622290448400000,1,0.00000780,22.4300
1622290456335000,0,36.20000000,22.4400
1622290472731000,0,80.90000000,22.4500
1622290478017000,1,44.54454776,22.4300
1622290478017000,1,111.36451224,22.4300
1622290502701000,1,44.55439016,22.4300
1622290502701000,1,44.55438984,22.4300
1622290507025000,1,44.61999000,22.4100
1622290529246000,0,36.60000000,22.3800
1622290533653000,0,316.09603000,22.3900
1622290533756000,0,25.90397000,22.3900
1622290547991000,0,140.00000000,22.4000
1622290548083000,0,96.00000000,22.4000
1622290578875000,1,44.55796369,22.4200
1622290578875000,1,111.40224230,22.4200
1622290578875000,1,36.59960328,22.4100
1622290579493000,1,111.40224230,22.4100
1622290579493000,1,44.55796369,22.4100
1622290617982000,0,2.00072026,22.4000
1622290639297000,0,44.86162181,22.3000
1622290639297000,0,36.70000000,22.3000
1622290639297000,0,112.15287819,22.3000
1622290666263000,1,44.88114022,22.2600
1622290666263000,1,44.89604978,22.2600
1622290669608000,1,44.90330000,22.2600
1622290671332000,1,44.90000000,22.2500
1622290672171000,1,44.90330912,22.2300
1622290672171000,1,67.48669088,22.2300
1622290680292000,0,36.90000000,22.2200
1622290680292000,0,7.06290726,22.2300
1622290682689000,1,45.02948000,22.2000
1622290688511000,1,112.52846970,22.2000
1622290688511000,1,45.01042030,22.2000
1622290697356000,1,21.55000000,22.1100
1622290697455000,1,0.00042966,22.1100
1622290706142000,0,99.10000000,22.1700
1622290714492000,1,112.76804965,22.1500
1622290714492000,1,45.11561035,22.1500
1622290714579000,1,0.00001139,22.1500
1622290723797000,1,112.72025538,22.1700
1622290723797000,1,45.08713462,22.1700
1622290739253000,1,44.98451298,22.2200
1622290739253000,1,100.01548702,22.2200
1622290744124000,1,45.01448000,22.2000
1622290744928000,1,112.53860074,22.1900
1622290744928000,1,45.01447926,22.1900
1622290752938000,1,45.06000000,22.1800
1622290753247000,1,0.00302176,22.1800
1622290760744000,1,45.07494000,22.1700
1622290762626000,1,112.68976957,22.1600
1622290762626000,1,45.10747043,22.1600
1622290764003000,0,1.55573105,22.1700
1622290782691000,1,44.98329882,22.2200
1622290782691000,1,10.01670118,22.2200
1622290787103000,0,44.98966462,22.2300
1622290823738000,1,112.56089544,22.1900
1622290823738000,1,45.01595728,22.1900
1622290877314000,0,36.40000000,22.3300
1622290889916000,0,36.50000000,22.3100
1622290903212000,1,112.09958030,22.2700
1622290903212000,1,44.84041970,22.2700
1622290903265000,1,0.00343400,22.2700
1622290922715000,0,36.80000000,22.2400
1622290931983000,0,44.88296000,22.2800
1622290976813000,1,28.24000000,22.2800
1622290981314000,0,36.50000000,22.2900
1622290996550000,0,36.40000000,22.3300
1622291020947000,1,111.91000000,22.3300
1622291020992000,1,0.00691288,22.3300
1622291026613000,1,44.81998000,22.3000
1622291032770000,0,36.60000000,22.3100
1622291063439000,1,40.58844000,22.3200
1622291088514000,1,7.11000000,22.3100
1622291114361000,1,44.93000000,22.2100
1622291127562000,0,45.09028000,22.1800
1622291130634000,0,36.70000000,22.1900
1622291160332000,1,8.75836701,22.2100
1622291164469000,1,44.95871000,22.2300
1622291170774000,1,40.00000000,22.2400
1622291170854000,1,4.94730862,22.2400
1622291170854000,1,112.37066137,22.2400
1622291179788000,0,34.97729316,22.2400
1622291206830000,1,112.49707508,22.2100
1622291206830000,1,45.00292492,22.2100
1622291206886000,1,0.00912654,22.2100
1622291212414000,1,45.02000000,22.2100
1622291222836000,0,36.80000000,22.2200
1622291237654000,1,35.00000000,22.2300
1622291273165000,1,2.59390700,22.2300
1622291317310000,1,44.86994722,22.2700
1622291317310000,1,112.16295033,22.2700
1622291324156000,1,44.91177939,22.2600
1622291324156000,1,112.28788818,22.2600
1622291390137000,0,45.01245669,22.2100
1622291415672000,0,44.97388275,22.2400
1622291423664000,1,44.97844000,22.2300
1622291424157000,1,0.00000285,22.2300
1622291528917000,1,50.70000000,22.2700
1622291559123000,1,44.88355758,22.2800
1622291574966000,0,36.60000000,22.2700
1622291582224000,1,44.00682381,22.2400
1622291582256000,1,0.89809845,22.2400
1622291586824000,0,44.95155000,22.2500
1622291601084000,1,44.95054134,22.2400
1622291601084000,1,36.01945866,22.2400
1622291601123000,1,76.37747335,22.2400
1622291616058000,0,45.00464741,22.2200
1622291616058000,0,36.79999259,22.2200
1622291626596000,1,45.00475858,22.2200
1622291626596000,1,71.93915045,22.2100
1622291628648000,1,112.49302543,22.2100
1622291628648000,1,45.00697457,22.2100
1622291628718000,1,0.00305085,22.2100
1622291628867000,1,292.57719551,22.2000
1622291628867000,1,70.00000000,22.2000
1622291648281000,0,36.50000000,22.1800
1622291652027000,1,45.08023247,22.1700
1622291652027000,1,112.68976753,22.1700
1622291652068000,1,0.00304988,22.1700
1622291663286000,0,37.00000000,22.2100
1622291681924000,1,44.95175000,22.2400
1622291686078000,0,36.80000000,22.2400
1622291701480000,0,44.93629000,22.2600
1622291717687000,1,45.00322429,22.2100
1622291717687000,1,112.51124571,22.2100
1622291737532000,0,36.80000000,22.2600
1622291748827000,1,44.91097256,22.2500
1622291749273000,1,44.94044064,22.2400
1622291760306000,0,24.52572341,22.2400
1622291771875000,1,44.94000000,22.2400
1622291771918000,1,0.00058854,22.2400
1622291789433000,1,112.56799107,22.2000
1622291789433000,1,44.99200893,22.2000
1622291904524000,0,3.64000000,22.1500
1622292001547000,0,1.12254611,22.1200
1622292012345000,1,113.05669115,22.1000
1622292012345000,1,45.19330885,22.1000
1622292012345000,1,0.00347003,22.1000
1622292021314000,1,239.67000000,22.0700
1622292023223000,1,5.00000000,22.0500
1622292035333000,1,2.33227320,22.0100
1622292043720000,1,0.90950846,21.9900
1622292044264000,0,37.20000000,22.0000
1622292044264000,0,113.69217000,22.0000
1622292048937000,0,37.30000000,22.0300
1622292062716000,1,74.74544000,22.0200
1622292078255000,0,37.30000000,22.0400
1622292083902000,1,37.30000000,22.0400
1622292090127000,1,113.42086399,22.0300
1622292090127000,1,45.36913601,22.0300
1622292090170000,1,0.00483206,22.0300
1622292107778000,0,45.47907000,21.9900
1622292112110000,1,45.49617000,21.9800
1622292112650000,1,113.69734676,21.9700
1622292112650000,1,1.30265324,21.9700
1622292113917000,1,44.19000000,21.9700
1622292147323000,1,45.44000000,21.9800
1622292147552000,1,0.00531598,21.9800
1622292180745000,1,45.50625711,21.9500
1622292186232000,0,93.79747000,21.9600
1622292199062000,1,45.39168000,22.0200
1622292216428000,1,45.35832000,22.0400
1622292227271000,1,45.35503464,22.0400
1622292227271000,1,110.19897159,22.0400
1622292227286000,1,3.17457156,22.0400
1622292240324000,0,2.25083895,22.0300
1622292281671000,0,2.33228000,22.1000
1622292307898000,0,45.24655000,22.1100
1622292324868000,1,25.60920000,22.1500
1622292385440000,0,45.21505029,22.1200
1622292385440000,0,74.78494971,22.1200
1622292387225000,1,45.21020000,22.1000
1622292388217000,1,45.21020000,22.0900
1622292388322000,1,0.00000972,22.0900
1622292388322000,1,24.99999028,22.0900
1622292425136000,1,45.31000000,22.0500
1622292442973000,1,45.43219251,22.0000
1622292442973000,1,17.85780749,22.0000
1622292443005000,1,95.69390850,22.0000
1622292443258000,1,8.85968028,21.9800
1622292490133000,0,45.46791000,22.0000
1622292492987000,0,113.63533059,22.0100
1622292492987000,0,45.43857595,22.0100
1622292511742000,1,45.33749229,22.0500
1622292513733000,1,148.78392000,22.0300
1622292542316000,1,27.48000000,22.0200
1622292584410000,0,37.20000000,22.0700
1622292586118000,0,36.80000000,22.0900
1622292600274000,1,45.27166896,22.0800
1622292600274000,1,70.00000000,22.0800
1622292600274000,1,0.07267116,22.0700
1622292632113000,1,45.43000000,22.0100
1622292647476000,0,45.40804000,22.0300
1622292658692000,1,45.00000000,22.0400
1622292666456000,1,12.73681515,22.0000
1622292765574000,0,45.46625000,22.0000
1622292773760000,1,45.44655000,22.0000
1622292781386000,1,45.47185865,21.9900
1622292795297000,1,45.49866380,21.9700
1622292795297000,1,113.74907863,21.9700
1622292814848000,0,37.30000000,21.9500
1622292814848000,0,93.90227000,21.9500
1622292819828000,1,45.56874000,21.9200
1622292833746000,0,93.92978912,21.9400
1622292836648000,1,45.55089203,21.9400
1622292840342000,0,0.00000714,21.9500
1622292840342000,0,1.72359885,21.9600
1622292868923000,1,113.90974703,21.9300
1622292868923000,1,45.56291297,21.9300
1622292872584000,1,45.59908128,21.9300
1622292879725000,1,45.62168673,21.9100
1622292879725000,1,296.55584642,21.9000
1622292879725000,1,114.04901370,21.9000
1622292879725000,1,42.00000000,21.9000
1622292879725000,1,1.77345315,21.8900
1622292895630000,1,45.65154044,21.9000
1622292896271000,1,114.11773298,21.8900
1622292896271000,1,45.65154044,21.8900
1622292910271000,0,114.28675919,21.8700
1622292937220000,0,70.00000000,21.8300
1622292941983000,1,55.00000000,21.8200
1622292942249000,1,15.00000000,21.8200
1622292958312000,1,45.83000000,21.8100
1622293030450000,0,70.00000000,21.8900
1622293044098000,1,70.00000000,21.9200
1622293072088000,0,93.85157000,21.9600
1622293079389000,1,45.53927000,21.9400
1622293079662000,1,0.00000540,21.9400
1622293090354000,1,45.57746660,21.9300
1622293090354000,1,31.70233340,21.9300
1622293091295000,1,45.60240844,21.9200
1622293091295000,1,114.00844575,21.9200
1622293113542000,1,45.68992026,21.8800
1622293116078000,1,45.68992026,21.8700
1622293116078000,1,114.22827378,21.8700
1622293137354000,1,114.38192583,21.8400
1622293137354000,1,45.75096000,21.8400
1622293200355000,0,6.31834330,21.9300
1622293204261000,1,70.00000000,21.9000
1622293207346000,1,942.87074346,21.8500
1622293207398000,1,204.80925654,21.8500
1622293213354000,0,1615.00000000,21.7700
1622293239060000,1,45.88784000,21.7800
1622293239147000,1,0.00000464,21.7800
1622293239147000,1,114.73467536,21.7800
1622293239232000,1,0.00001215,21.7800
1622293258304000,1,45.84366000,21.8100
1622293312813000,1,45.50777000,21.9700
1622293351915000,1,113.55790545,21.9900
1622293351915000,1,295.48443455,21.9900
1622293352009000,1,45.45192000,21.9900
1622293356358000,1,45.43953382,21.9800
1622293396910000,1,45.38962066,22.0200
1622293402144000,1,45.44944000,22.0000
1622293405498000,1,45.42714000,22.0100
1622293405626000,1,0.00000842,22.0100
1622293416018000,1,45.40157000,22.0100
1622293416218000,1,0.00000332,22.0100
1622293436554000,1,45.41600734,22.0100
1622293453827000,0,9.16288566,22.0400
1622293480747000,1,45.38632448,22.0300
1622293483645000,0,380.00000000,22.0300
1622293483775000,0,273.18590000,22.0300
1622293503906000,1,45.40000000,22.0200
1622293503949000,1,0.00652109,22.0200
1622293506148000,1,113.45071701,22.0100
1622293530405000,0,5.00000000,21.9800
1622293533831000,1,45.49907000,21.9700
1622293533960000,1,0.00000784,21.9700
1622293533960000,1,113.74389216,21.9700
1622293553960000,1,45.59866542,21.9200
1622293553960000,1,45.59324458,21.9200
1622293580821000,1,45.51523000,21.9600
1622293584545000,1,45.53595745,21.9500
1622293584545000,1,113.84023255,21.9500
1622293584690000,1,0.00000861,21.9500
1622293584690000,1,295.98346139,21.9400
1622293588334000,1,45.53595745,21.9000
1622293596632000,1,45.68574541,21.8800
1622293596632000,1,114.15107459,21.8800
1622293609204000,1,45.74509000,21.8600
1622293609925000,1,45.74509981,21.8500
1622293614867000,0,290.00000000,21.8400
1622293617610000,1,45.78908790,21.8300
1622293617610000,1,114.47514210,21.8300
1622293619524000,1,5.00000000,21.8200
1622293623923000,0,39.90000000,21.8600
1622293631859000,1,45.82000000,21.8100
1622293657368000,1,45.73589396,21.8400
1622293657368000,1,114.35784604,21.8400
1622293657965000,1,0.00001172,21.8400
1622293673675000,1,45.80336459,21.8200
1622293673675000,1,71.06663541,21.8200
1622293681941000,1,45.83000000,21.8100
1622293683257000,1,45.84871129,21.8000
1622293684022000,1,10.92000000,21.7900
1622293684541000,1,45.83442113,21.7900
1622293684541000,1,45.84871129,21.7900
1622293701725000,1,45.90343240,21.7800
1622293701725000,1,114.76656760,21.7800
1622293701776000,1,0.00288353,21.7800
1622293703531000,1,114.76945113,21.7700
1622293703531000,1,45.90054887,21.7700
1622293703531000,1,0.00288353,21.7700
1622293705894000,1,114.76945113,21.7600
1622293705894000,1,45.90054887,21.7600
1622293709387000,1,45.96000000,21.7400
1622293709442000,1,0.00240169,21.7400
1622293717112000,0,37.40000000,21.7500
1622293721845000,1,45.96000000,21.7400
1622293721855000,1,0.00419923,21.7400
1622293722267000,1,114.30000000,21.7300
1622293725807000,1,0.63407382,21.7300
1622293725807000,1,45.95592618,21.7300
1622293726711000,1,45.99347000,21.7400
1622293726859000,1,0.00000075,21.7400
1622293727267000,1,45.99347075,21.7300
1622293729335000,1,141.04721086,21.7200
1622293729335000,1,45.99347075,21.7200
1622293729335000,1,114.98693748,21.7100
1622293729335000,1,35.00000000,21.7000
1622293729335000,1,94.79366908,21.7000
1622293729335000,1,115.45939902,21.6900
1622293734171000,1,46.02216000,21.7200
1622293734210000,1,0.00000165,21.7200
1622293740883000,1,46.03119073,21.7100
1622293740883000,1,115.08880927,21.7100
1622293740918000,1,0.00188219,21.7100
1622293743667000,1,46.03119073,21.6900
1622293743667000,1,115.08880927,21.6900
1622293743698000,1,0.00188219,21.6900
1622293751638000,0,37.50000000,21.6500
1622293756851000,0,37.60000000,21.6500
1622293767111000,0,37.70000000,21.7000
1622293776740000,1,46.08876000,21.6900
1622293776831000,1,0.00000575,21.6900
1622293780279000,0,37.70000000,21.7100
1622293782647000,1,46.08520418,21.6900
1622293790669000,1,46.05310648,21.6900
1622293790669000,1,115.12689352,21.6900
1622293796080000,1,46.10000000,21.6800
1622293801857000,1,46.11000000,21.6800
1622293806013000,0,37.90000000,21.7000
1622293810187000,1,115.16385513,21.7000
1622293810187000,1,46.05614487,21.7000
1622293810247000,1,0.00841750,21.7000
1622293814933000,1,46.09811421,21.6900
1622293814933000,1,115.24188579,21.6900
1622293815799000,1,115.25092431,21.6800
1622293822005000,1,46.16493850,21.6500
1622293822005000,1,115.40506150,21.6500
1622293822029000,1,0.00973929,21.6500
1622293824963000,1,46.16493850,21.6300
1622293824963000,1,47.64506150,21.6300
1622293829873000,0,37.60000000,21.6500
1622293843187000,1,46.18583417,21.6300
1622293843187000,1,115.45416583,21.6300
1622293843213000,1,0.00114373,21.6300
1622293848830000,0,37.60000000,21.6400
1622293872533000,0,45.96657000,21.7600
1622293882177000,1,45.95363789,21.7000
1622293882177000,1,46.07636211,21.7000
1622293885547000,0,6.46522339,21.7100
1622293889023000,1,115.24667398,21.6500
1622293889023000,1,46.09216475,21.6500
1622293895955000,0,37.50000000,21.6500
1622293903705000,1,115.61655999,21.6100
1622293903705000,1,46.25344001,21.6100
1622293903705000,1,0.00375234,21.6100
1622293906338000,1,46.20000000,21.6000
1622293906338000,1,46.27817164,21.6000
1622293906675000,1,104.08950326,21.5900
1622293912994000,1,46.28000000,21.6000
1622293913032000,1,0.00416922,21.6000
1622293916159000,0,8.77752081,21.6200
1622293917865000,1,20.00000000,21.5900
1622293918009000,1,26.26960636,21.5900
1622293918009000,1,46.27260385,21.5900
1622293918009000,1,300.80778979,21.5900
1622293918013000,1,0.10207121,21.5900
1622293919842000,1,46.31000000,21.5900
1622293920394000,0,29.09047680,21.6100
1622293925435000,1,53.00000000,21.5800
1622293926458000,1,57.11000000,21.5700
1622293926521000,1,244.10264262,21.5700
1622293926521000,1,46.31632559,21.5700
1622293926521000,1,115.79327658,21.5700
1622293934613000,1,5.00000000,21.5600
1622293936414000,0,37.60000000,21.5600
1622293937008000,0,38.10000000,21.5600
1622293960558000,1,46.21913000,21.6200
1622293960559000,1,0.00000572,21.6200
1622293962286000,1,46.26000000,21.6100
1622293969818000,1,5.00000000,21.5800
1622293976696000,0,38.00000000,21.6000
1622293981824000,0,38.10000000,21.6100
1622293984011000,1,23.48000000,21.5900
