timestamp ms,type,amount,price
1622419239407000,0,1.15624665,21.9100
1622419241125000,1,27.52950110,21.8700
1622419241517000,1,2.53361721,21.8500
1622419241571000,1,15.00000000,21.8300
1622419257233000,0,4.30872554,21.8400
1622419357500000,0,2.89137408,21.9200
1622419357545000,0,29.75237859,21.9200
1622419357630000,0,13.00347785,21.9200
1622419373431000,0,6.80264357,21.9400
1622419420477000,1,70.00000000,21.8700
1622419420477000,1,199.00000000,21.8600
1622419476082000,0,45.11591237,22.1700
1622419476082000,0,112.72408763,22.1700
1622419476112000,0,0.06329462,22.1700
1622419486303000,0,44.00000000,22.3100
1622419486303000,0,141.38140980,22.3200
1622419486303000,0,31.25910000,22.3300
1622419486303000,0,811.72386885,22.3400
1622420038093000,1,100.00000000,22.3600
1622420038259000,1,11.78680021,22.3600
1622420107645000,1,44.69658121,22.3500
1622420107645000,1,50.30341879,22.3500
1622420111661000,1,44.79027550,22.3200
1622420137373000,1,45.01043000,22.2100
1622420178730000,1,45.13901298,22.1400
1622420178730000,1,104.86098702,22.1400
1622420181717000,0,36.60000000,22.1600
1622420226245000,0,115.00000000,22.2100
1622420308877000,0,70.00000000,22.0600
1622420309159000,0,45.32612666,22.0700
1622420463809000,0,70.00000000,21.8500
1622420485858000,0,70.00000000,21.9200
1622420486071000,0,38.00000000,21.9200
1622420492927000,0,37.30000000,21.9700
1622420537055000,0,45.67693065,21.9000
1622420537055000,0,36.99999935,21.9000
1622420539367000,0,37.30000000,21.9200
1622420547165000,0,37.40000000,21.9200
1622420556120000,0,37.00000000,21.9100
1622420567154000,0,45.60601199,21.9500
1622420567154000,0,114.01260523,21.9500
1622420649121000,1,45.67646997,21.8700
1622420670102000,1,45.82817526,21.8100
1622420670102000,1,114.57692474,21.8100
1622420670979000,1,18.30000000,21.8000
1622420705656000,0,76.97587526,21.9500
1622420705855000,0,113.91286122,21.9600
1622420705855000,0,45.56739878,21.9600
1622420792724000,1,45.48983102,21.9700
1622420792724000,1,113.72940898,21.9700
1622420823224000,0,113.52593000,22.0300
1622420828213000,0,0.00000386,22.0300
1622421162016000,0,6.49519010,21.8300
1622421291002000,1,1.87022695,21.7700
1622421384874000,1,46.03826472,21.7100
1622421384874000,1,73.96173528,21.7100
1622421408276000,0,63.59700000,21.7400
1622421408276000,0,139.80000000,21.7400
1622421408276000,0,86.18700000,21.7400
1622421408276000,0,2916.58000000,21.7400
1622421466548000,1,141.38173000,21.7200
1622421500583000,0,45.86664407,21.8100
1622421500583000,0,89.75859593,21.8100
1622421500678000,0,24.92135000,21.8100
1622421501155000,0,0.00000526,21.8100
1622421508301000,1,45.79276747,21.8200
1622421508301000,1,297.69357644,21.8200
1622421508301000,1,114.52442609,21.8200
1622421508616000,1,0.00002259,21.8200
1622421630873000,1,45.98227000,21.7400
1622421667490000,0,37.20000000,21.7900
1622421791139000,0,37.50000000,21.8300
1622421791373000,0,45.81830986,21.8400
1622421812005000,0,37.20000000,21.8300
1622421831172000,0,37.20000000,21.8700
1622421847251000,0,37.20000000,21.9100
1622421907060000,0,37.30000000,21.8300
1622422053779000,0,37.00000000,21.9900
1622422103990000,0,37.10000000,21.9500
1622422130059000,0,89.13315000,21.9800
1622422202076000,1,30.00000000,21.9900
1622422598225000,0,37.10000000,21.9200
1622422632033000,0,37.30000000,21.8800
1622422648803000,0,36.90000000,21.9200
1622422724840000,0,36.90000000,21.9200
1622422798339000,0,37.20000000,21.8400
1622422818246000,0,37.50000000,21.7900
1622422832963000,0,37.40000000,21.8200
1622422866010000,0,37.20000000,21.8800
1622422925548000,1,45.68732000,21.8800
1622422926744000,1,135.04120000,21.8700
1622422969699000,0,37.30000000,21.8100
1622423006043000,0,37.40000000,21.8300
1622423011568000,0,45.73240105,21.8700
1622423011568000,0,28.89692578,21.8700
1622423040013000,1,70.00000000,21.8300
1622423055403000,0,37.50000000,21.8300
1622423138987000,1,1098.89000000,21.8400
1622423183914000,0,37.40000000,21.7900
1622423210518000,0,37.60000000,21.7600
1622423241560000,1,0.92211000,21.6900
1622423242168000,1,0.00000792,21.6900
1622423248194000,0,37.40000000,21.7200
1622423287627000,0,37.50000000,21.7100
1622423322592000,0,37.30000000,21.7300
1622423358103000,0,37.40000000,21.6800
1622423358103000,0,11.04403924,21.6900
1622423397091000,0,37.40000000,21.6700
1622423413449000,0,37.70000000,21.6800
1622423645482000,1,46.20000000,21.6000
1622423671231000,0,37.70000000,21.6300
1622423733399000,1,1.67999999,21.5300
1622423733465000,1,0.00000001,21.5300
1622423866468000,0,38.00000000,21.5100
1622423866468000,0,46.49671636,21.5200
1622423866468000,0,134.02344815,21.5200
1622423866468000,0,21.81002366,21.5200
1622423889902000,0,38.10000000,21.4800
1622423924381000,0,29.66945134,21.5000
1622423967862000,0,6.87680148,21.5100
1622424146816000,1,143.83214000,21.4600
1622424171993000,1,18.70000000,21.4000
1622424172617000,1,21.24241164,21.3500
1622424185519000,0,38.10000000,21.4400
1622424546364000,0,37.90000000,21.4800
1622424726900000,1,2.23021000,21.4200
1622424729283000,1,0.00000215,21.4200
1622424787478000,0,5.00000000,21.3800
1622424787479000,0,5.00000000,21.3800
1622424787484000,0,5.00000000,21.3800
1622424788483000,0,5.00000000,21.3800
1622424788498000,0,5.00000000,21.3800
1622424789294000,0,13.40000000,21.3800
1622424789483000,0,5.00000000,21.3900
1622424802027000,0,4.95886166,21.3700
1622424821115000,0,38.30000000,21.3200
1622424962140000,0,58.00000000,21.2100
1622424962140000,0,5.69175267,21.2100
1622424976627000,0,38.40000000,21.2200
1622425116793000,0,38.20000000,21.2000
1622425144227000,0,38.60000000,21.2000
1622425197169000,0,38.60000000,21.1900
1622425223752000,0,38.30000000,21.1500
1622425256903000,0,38.30000000,21.1600
1622425258851000,0,38.60000000,21.1800
1622425258851000,0,36.04870000,21.1800
1622425276726000,0,38.40000000,21.2700
1622425604768000,0,46.66716135,21.4400
1622425604768000,0,116.66542224,21.4400
1622425605151000,0,303.20693975,21.4500
1622425611921000,1,70.00000000,21.3800
1622425617617000,0,5.71339298,21.4300
1622425618470000,0,5.71605905,21.4300
1622425791589000,0,1.18993601,21.2900
1622425829546000,0,5.00000000,21.2900
1622425930844000,0,45.30937905,21.2800
1622426179654000,0,37.21518000,21.2800
1622426426962000,0,105.00000000,21.2900
1622426933578000,0,38.70000000,21.1300
1622426933578000,0,118.37009119,21.1400
1622426933578000,0,118.22902381,21.1600
1622426933651000,1,972.22388164,21.1600
1622426933657000,1,1927.55492000,21.1600
1622426933691000,1,33.43000000,21.1600
1622426933760000,1,1015.00000000,21.1600
1622426933850000,1,541.40387581,21.1600
1622426958643000,0,38.40000000,21.1500
1622426970383000,0,47.24491313,21.1700
1622426970383000,0,118.11060822,21.1700
1622426982485000,0,58.20000000,21.1600
1622426997808000,0,38.60000000,21.1700
1622427014388000,0,9.17391304,21.1500
1622427017059000,0,38.30000000,21.1400
1622427032830000,1,1.04407582,21.1000
1622427044228000,0,38.70000000,21.0900
1622427054585000,1,0.94928898,21.0700
1622427099592000,0,38.50000000,21.1100
1622427330776000,0,47.41021477,21.1000
1622427330776000,0,118.52384523,21.1000
1622427335528000,0,47.41021477,21.1100
1622427335528000,0,118.52384523,21.1100
1622427335895000,0,0.00001125,21.1100
1622427338028000,0,308.12208000,21.1200
1622427339215000,0,47.41021476,21.1200
1622427339509000,0,0.00000001,21.1200
1622427363301000,0,47.41021477,21.1800
1622427363301000,0,118.52385648,21.1800
1622427363301000,0,308.12206875,21.1800
1622427364252000,0,0.00001491,21.1800
1622427465179000,0,34.62288148,21.1900
1622427465179000,0,86.55557784,21.1900
1622427465179000,0,224.92312068,21.1900
1622427465557000,0,0.00001268,21.1900
1622427876441000,0,16.61705000,21.1500
1622427888387000,0,47.31729341,21.1400
1622427890258000,0,47.29158000,21.1600
1622427960260000,0,6.16211385,21.1200
1622427999326000,0,51.24258000,21.1400
1622428057962000,0,139.81833000,21.1900
1622428218690000,0,255.23088000,21.2300
1622428738597000,0,46.64179104,21.4500
1622428738597000,0,303.14216800,21.4500
1622428738597000,0,116.60447096,21.4500
1622428738976000,0,46.64179104,21.4600
1622428738976000,0,303.14216800,21.4600
1622428738976000,0,116.60447096,21.4600
1622428849212000,1,200.00000000,21.4400
1622428849276000,1,102.80571858,21.4400
1622428849276000,1,46.57965587,21.4400
1622428849276000,1,65.61462555,21.4400
1622428849344000,1,50.83774000,21.4400
1622429226759000,0,350.00000000,21.4800
1622429263489000,1,46.52764000,21.4800
1622429308036000,0,29.75944285,21.5200
1622429308043000,0,16.73661428,21.5200
1622429308043000,0,116.17841776,21.5200
1622429308054000,0,0.06281968,21.5200
1622429340622000,0,37.70000000,21.5200
1622429394823000,0,37.70000000,21.5600
1622429395726000,0,2.23021000,21.5700
1622429396395000,0,0.00000697,21.5700
1622429438827000,0,37.60000000,21.5700
1622429438851000,0,69.07337242,21.5800
1622429439101000,0,46.80365463,21.5800
1622429439101000,0,46.35252019,21.5800
1622429439159000,1,70.00000000,21.6000
1622429488479000,0,37.60000000,21.5700
1622429704065000,0,47.63796296,21.6000
1622430138757000,0,1.18727750,21.3300
1622430249617000,0,38.50000000,21.2600
1622430618940000,0,46.17800888,21.1000
1622430618940000,0,12.59331518,21.1000
1622430780270000,1,972.29927084,21.0900
1622430967999000,0,84.53814000,21.3200
1622431001670000,1,46.93601682,21.2900
1622431001670000,1,117.37969318,21.2900
1622431126874000,1,26.00000000,21.2000
1622431224657000,0,46.98478596,21.2300
1622431224657000,0,23.99999404,21.2300
1622431229999000,0,0.00000596,21.2300
1622431242826000,0,117.40334410,21.2300
1622431242826000,0,21.83937590,21.2300
1622431250776000,0,115.26986000,21.2500
1622431263511000,0,0.00000726,21.2500
1622431802272000,1,20.31274276,21.5100
1622431802587000,1,49.68725724,21.5100
1622431802587000,1,45.82998940,21.5100
1622431804052000,1,9.81660868,21.5100
1622431854379000,1,70.00000000,21.4500
1622432325394000,0,69.37611998,21.2300
1622432327946000,1,2.71110567,21.2000
1622432390954000,1,70.00000000,21.2900
1622432410790000,0,117.23271000,21.3300
1622432518018000,1,38.30000000,21.2600
1622432588264000,0,70.00000000,21.1700
1622432618971000,1,20.00000000,21.1500
1622433014859000,1,70.00000000,21.1700
1622433014859000,1,1138.58000000,21.1700
1622433014859000,1,63.59700000,21.1700
1622433014860000,1,73.21423531,21.1700
1622433032019000,1,38.50000000,21.1400
1622433237388000,0,5.07823814,21.1200
1622433418660000,0,965.02273278,21.2500
1622433418699000,0,965.28281000,21.2500
1622433418702000,0,170.83000000,21.2500
1622433418881000,0,2672.95016271,21.2500
1622433418885000,0,87.79000000,21.2700
1622433600331000,0,23.16426059,21.3000
1622433927554000,1,140.35196000,21.3500
1622434013006000,0,6.80427842,21.3600
1622434019624000,0,70.00000000,21.3300
1622434049614000,1,86.18700000,21.2800
1622434049614000,1,127.89591052,21.2800
1622434121051000,1,26.00000000,21.2300
1622434121051000,1,32.43699000,21.2300
1622434164841000,0,133.90322026,21.2400
1622434270268000,0,238.00000000,21.1600
1622434316756000,0,2.01927014,21.1300
1622434435837000,0,2.35727788,21.1600
1622434473965000,0,2.36174242,21.1200
1622434513224000,0,38.60000000,21.0700
1622434513224000,0,9.84338502,21.0800
1622434866945000,0,324.00000000,21.1900
1622435033012000,0,141.82563078,21.0600
1622435344250000,0,10.00000000,21.1200
1622435402438000,0,25.00000000,21.1000
1622435437780000,0,235.00000000,21.2000
1622435437864000,0,295.00000000,21.2000
1622435438636000,0,967.57296635,21.2000
1622435438926000,0,150.00000000,21.2000
1622435439130000,0,398.78895000,21.2000
1622435439317000,0,205.00000000,21.2000
1622435439395000,0,135.00000000,21.2000
1622435439506000,0,275.00000000,21.2000
1622435439781000,0,455.00000000,21.2000
1622435439951000,0,75.66000000,21.2000
1622435440004000,0,172.80000000,21.2000
1622435440129000,0,2874.96000000,21.2000
1622435440215000,0,966.68204279,21.2000
1622435440781000,0,967.13806334,21.2000
1622435442670000,0,967.18528853,21.2000
1622435443167000,0,967.03963173,21.2000
1622435443671000,0,966.95512811,21.2000
1622435444194000,0,966.98363584,21.2000
1622435457675000,0,966.96177340,21.2000
1622435458155000,0,966.89692844,21.2000
1622435458710000,0,966.83416020,21.2000
1622435459237000,0,1345.26000000,21.2000
1622435459239000,0,966.62134611,21.2000
1622435459451000,0,2109.88857353,21.2000
1622435514906000,0,23.41223529,21.2500
1622435521015000,0,26.28172622,21.2500
1622435552008000,0,6.60505734,21.1900
1622435640296000,0,1.35443759,21.1000
1622435891321000,1,143.17553780,21.2500
1622436115999000,1,70.00000000,21.1300
1622436115999000,1,436.01159108,21.1200
1622436150012000,0,70.00000000,21.2800
1622436197512000,0,44.09107981,21.3000
1622436230848000,1,142.74583000,21.2600
1622436480320000,0,5.15857872,21.1900
1622436832580000,0,0.96252927,21.3500
1622436897828000,1,481.50750000,21.3200
1622436898244000,1,0.00000469,21.3200
1622437010847000,0,1.63751763,21.2700
1622437190274000,0,144.56173780,21.3800
1622437260471000,0,0.93705965,21.2900
1622437614453000,0,29.12148217,21.3200
1622438226391000,0,4.68029925,21.4700
1622438252961000,0,18.45780952,21.5000
1622438280297000,0,37.90000000,21.5200
1622438280297000,0,8.22072392,21.5200
1622438396716000,0,132.43840607,21.6300
1622438396716000,0,10.00000000,21.6300
1622438396716000,0,97.40000000,21.6300
1622438396716000,0,252.97344162,21.6400
1622438466979000,0,10.00000000,21.6100
1622438577754000,1,105.00000000,21.5200
1622438605582000,0,376.00000000,21.5500
1622438729515000,0,46.18408880,21.6200
1622438736668000,0,230.91207774,21.6100
1622438872799000,0,2.29479907,21.6900
1622438892659000,0,0.94928898,21.7000
1622438906692000,0,385.00000000,21.7900
1622438906812000,0,9.00000000,21.7900
1622438935199000,0,16.73411529,21.8500
1622438935199000,0,41.87679798,21.8500
1622438935199000,0,61.38908673,21.8500
1622439124154000,0,15.36523162,21.6900
1622439124154000,0,38.41289095,21.6900
1622439124154000,0,99.87123935,21.6900
1622439124154000,0,3062.98000000,21.6900
1622439124154000,0,688.86718026,21.6900
1622439230177000,1,70.00000000,21.6600
1622439272621000,0,10.00000000,21.6400
1622439386268000,1,66.49399000,21.6400
1622439403684000,1,0.00000260,21.6400
1622440101291000,1,5.00000000,21.4400
1622440118574000,0,5.00000000,21.4300
1622440296695000,0,8.23204365,21.5200
1622440296695000,0,20.57971635,21.5200
1622440342406000,0,7.59157925,21.5600
1622440342406000,0,18.97911075,21.5600
1622440396229000,1,105.00000000,21.5600
1622440634069000,0,107.54040000,21.5400
1622440680308000,0,1.94643727,21.6000
1622440846449000,0,3.60854161,21.7200
1622440846449000,0,9.02052304,21.7200
1622440846449000,0,23.45334535,21.7200
1622440942989000,0,2.53785719,21.7400
1622440942989000,0,57.50354115,21.7400
1622440946659000,0,20.64000000,21.7500
1622440983008000,1,2.20902000,21.7200
1622441237329000,0,2.66912450,21.7700
1622441237329000,0,2.25191206,21.7800
1622441237329000,0,360.75282437,21.7800
1622441280311000,1,46.52937161,21.7600
1622441390392000,1,16.64666180,21.8000
1622441636646000,0,300.00000000,21.9300
1622441808564000,0,105.69466340,21.8400
1622441828888000,1,2.30370447,21.7900
1622441936231000,0,47.63796000,21.9600
1622441936639000,0,0.00000296,21.9600
1622441944621000,0,5.00000000,21.9900
1622442353233000,0,3.64209333,22.1000
1622442360590000,0,0.00000001,22.1000
1622442694310000,1,100.00000000,21.9900
1622442827565000,1,12.86863000,22.0000
1622442836883000,1,0.00000636,22.0000
1622442913143000,0,15.80798910,22.0300
1622442969877000,0,2.20902000,21.9900
1622443005793000,0,3.61489554,22.0200
1622443023953000,0,205.79355716,22.0400
1622443032867000,0,401.71668177,22.0600
1622443052980000,1,70.00000000,22.0600
1622443230253000,0,5.32808988,22.2400
1622443527852000,0,20.38256549,22.1400
1622443543528000,1,929.90785547,22.1000
1622443543984000,1,930.12236495,22.1000
1622443544485000,1,930.38110622,22.1000
1622443544559000,1,450.00000000,22.1000
1622443544729000,1,340.00000000,22.1000
1622443544853000,1,170.00000000,22.1000
1622443544961000,1,225.00000000,22.1000
1622443545049000,1,33.99813586,22.1000
1622443545057000,1,562.69893858,22.1000
1622443545057000,1,2.19220638,22.1000
1622443567345000,0,4.30796000,22.0600
1622443800671000,1,138.10908435,22.0600
1622443800671000,1,153.64970518,22.0600
1622443828124000,0,10.24438836,22.0700
1622443828124000,0,4.09804164,22.0700
1622443863358000,1,59.28898910,22.0700
1622444025498000,1,91.97343205,22.2000
1622444054645000,0,15.00000000,22.3100
1622444056738000,0,0.92211000,22.3400
1622444056738000,0,0.00000792,22.3400
1622444056738000,0,92.04821707,22.3400
1622444056738000,0,2.92508012,22.3400
1622444056738000,0,36.70000000,22.3400
1622444056738000,0,70.00000000,22.3400
1622444056738000,0,19.01189990,22.3500
1622444056738000,0,276.65472550,22.3600
1622444056738000,0,52.25659325,22.3600
1622444056738000,0,276.46760877,22.3700
1622444056738000,0,276.32601122,22.3800
1622444056738000,0,184.08070474,22.3900
1622444056738000,0,44.09107981,22.4100
1622444056738000,0,262.00000000,22.5000
1622444056738000,0,628.52846009,22.6900
1622444090628000,0,8.57574259,22.3100
1622444108251000,1,1.92000000,22.1900
1622444135627000,0,92.37783000,22.2400
1622444137192000,1,6.87680148,22.2200
1622444140601000,0,0.00000177,22.2400
1622444145114000,1,36.50000000,22.2500
1622444145114000,1,46.49043062,22.2500
1622444160302000,0,4.13105212,22.2800
1622444176940000,0,2.19220000,22.2800
1622444361472000,1,70.00000000,22.3500
1622444393155000,0,92.07585000,22.3100
1622444399717000,0,0.00000510,22.3100
1622444659001000,0,7.47206272,22.6500
1622444790985000,0,28.77092511,22.6800
1622444798543000,0,20.00000000,22.7000
1622444860259000,1,35.70000000,22.7100
1622444882991000,1,36.00000000,22.7000
1622444956521000,0,0.90353009,22.8000
1622444956521000,0,18.69999991,22.8000
1622444991968000,0,0.00000009,22.8000
1622445005861000,0,46.20000000,22.8400
1622445084520000,0,70.00000000,22.6600
1622445130826000,0,19.52187632,22.8300
1622445130826000,0,19.50272476,22.8300
1622445130826000,0,30.44571000,22.8400
1622445130826000,0,17.99861387,22.8400
1622445162951000,0,70.00000000,22.7800
1622445162951000,0,90.03683808,22.7900
1622445162951000,0,35.90000000,22.8000
1622445162951000,0,38.06317807,22.8000
1622445205909000,0,90.12969990,22.7800
1622445205909000,0,69.99999010,22.7800
1622445321145000,1,35.90000000,22.7100
1622445346996000,0,6.00000000,22.7100
1622445346996000,0,90.37237770,22.7200
1622445380701000,0,21.84936319,22.7700
1622445405668000,0,90.45189000,22.7000
1622445408801000,0,0.00000363,22.7000
1622445472209000,0,90.41537952,22.7100
1622445472209000,0,85.39668856,22.7300
1622445529106000,0,18.70000000,22.8000
1622445529436000,0,0.00587420,22.8000
1622445530137000,0,3.11000000,22.8100
1622445536312000,0,3.00000000,22.8800
1622445650028000,0,1.31118881,22.8200
1622445875878000,0,1.08555216,22.9100
1622445896889000,0,1.87022695,22.9200
1622445896889000,0,2.12606125,22.9200
1622445933744000,1,35.30000000,22.8800
1622445947096000,1,1.99125480,22.8700
1622446093499000,1,2.12735000,22.9000
1622446095335000,1,0.00000449,22.9000
1622446186700000,0,89.46000000,22.9000
1622446186747000,0,0.00184000,22.9000
1622446332031000,1,77.09251101,22.7000
1622446351568000,1,48.64608699,22.6700
1622446388641000,1,35.80000000,22.6600
1622446394477000,1,10.00000000,22.6500
1622446440264000,0,1.32023833,22.7000
1622446465254000,1,70.00000000,22.6600
1622446465254000,1,17.90603404,22.6500
1622446560258000,0,6.53579548,22.7600
1622446620581000,1,36.00000000,22.7000
1622446768439000,0,1.08887915,22.8400
1622446822478000,1,35.50000000,22.8400
1622446829128000,1,35.70000000,22.8400
1622446829869000,1,35.70000000,22.8300
1622446837213000,0,20.28000000,22.8700
1622446837511000,0,14.64756788,22.8700
1622446838202000,0,5.07000000,22.8700
1622446838360000,0,2515.22243212,22.8700
1622446898834000,1,35.40000000,22.8700
1622446968504000,1,35.60000000,22.8500
1622446997461000,1,35.60000000,22.8000
1622446998701000,1,35.70000000,22.7800
1622447004296000,1,35.80000000,22.7700
1622447047401000,1,35.90000000,22.8000
1622447047846000,1,35.90000000,22.7900
1622447239141000,0,12.82177348,22.7800
1622447247626000,1,35.70000000,22.7500
1622447354627000,1,35.80000000,22.7500
1622447386269000,0,44.47894494,22.7900
1622447386269000,0,20.02787948,22.7900
1622447386269000,0,75.53594173,22.8000
1622447466493000,1,35.30000000,22.8200
1622447473152000,1,35.60000000,22.7900
1622447501462000,1,35.70000000,22.8000
1622447528571000,1,35.90000000,22.7900
1622447565113000,1,35.50000000,22.7500
1622447570103000,1,1952.31477000,22.7500
1622447836612000,1,36.10000000,22.6500
1622447879373000,1,90.45446000,22.6500
1622447880306000,0,24.32194922,22.6600
1622447919036000,0,905.56852076,22.6400
1622447919569000,0,193.64147924,22.6400
1622448038819000,0,15.00792602,22.6800
1622448109640000,0,110.00045709,22.7300
1622448109640000,0,44.00167291,22.7300
1622448126699000,0,110.07210926,22.7200
1622448183036000,0,110.19439712,22.6900
1622448188149000,1,80.00000000,22.6700
1622448281612000,1,36.30000000,22.5100
1622448286538000,1,289.19208000,22.4700
1622448291905000,1,36.00000000,22.4500
1622448308057000,0,44.48873545,22.4900
1622448308057000,0,105.73837025,22.4900
1622448404564000,1,139.76022968,22.4800
1622448404564000,1,66.03332748,22.4800
1622448454202000,0,32.52826845,22.4600
1622448454202000,0,36.29999155,22.4600
1622448522495000,1,18.63802642,22.4300
1622448618725000,0,87.77124996,22.4000
1622448618725000,0,35.10957004,22.4000
1622448716404000,0,100.00000000,22.4400
1622448850735000,1,26.00000000,22.4100
1622448856934000,0,1.10853930,22.4100
1622448929307000,0,36.50000000,22.4300
1622448929307000,0,12.29714667,22.4300
1622449024192000,1,3.89600637,22.4800
1622449202241000,1,35.99999999,22.5100
1622449326704000,0,35.90000000,22.6200
1622449326704000,0,90.71162564,22.6200
1622449326704000,0,9.11516481,22.6200
1622449330052000,1,44.21726596,22.6100
1622449330052000,1,110.54601404,22.6100
1622449330330000,1,0.00001019,22.6100
1622449345243000,0,90.74310148,22.6100
1622449345243000,0,35.70000000,22.6100
1622449345243000,0,38.00000000,22.6100
1622449345243000,0,39.26853054,22.6100
1622449385973000,0,6.58940397,22.6500
1622449440320000,0,8.75298286,22.7700
1622449493686000,1,44.01000000,22.7100
1622449514457000,1,43.90702249,22.7600
1622449514457000,1,109.76297751,22.7600
1622449514475000,1,0.00832630,22.7600
1622449608284000,1,26.00000000,22.7400
1622449608284000,1,80.00000000,22.7400
1622449637044000,0,1.51605101,22.7300
1622449652458000,1,2.55948321,22.7100
1622449775465000,0,35.80000000,22.7300
1622449778074000,1,35.60000000,22.7300
1622449778074000,1,1173.17000000,22.7200
1622449778074000,1,70.00000000,22.7200
1622449778074000,1,2579.81000000,22.7100
1622449778074000,1,30.36226000,22.6900
1622449778074000,1,16.55428218,22.6900
1622449804270000,0,35.80000000,22.7200
1622449841379000,0,35.60000000,22.7800
1622449873924000,0,35.50000000,22.9600
1622449873924000,0,122.22291096,22.9700
1622449873924000,0,70.00000000,22.9700
1622449873924000,0,11.13799456,22.9700
1622449879747000,1,70.00000000,22.9300
1622449979575000,0,2.12736000,22.9400
1622450022573000,0,40.09509000,22.9900
1622450027572000,0,1.66320000,23.0000
1622450061477000,0,2.06829056,22.9900
1622450084905000,0,27.01585000,22.9800
1622450091303000,0,0.00000270,22.9800
1622450123675000,1,35.20000000,23.0000
1622450135144000,1,35.30000000,22.9700
1622450163431000,0,4.76076555,22.9900
1622450167468000,0,4.32608695,23.0000
1622450175208000,0,35.40000000,23.0100
1622450201850000,0,35.20000000,22.9900
1622450206260000,1,43.48000000,22.9900
1622450206260000,1,0.00733649,22.9900
1622450275364000,1,57.96127401,23.0000
1622450275365000,1,12.03872599,23.0000
1622450275365000,1,89.09746074,22.9900
1622450327050000,0,35.40000000,22.9600
1622450327050000,0,312.71585365,22.9600
1622450337312000,1,137.21000000,22.9200
1622450337352000,1,6.35040000,22.9200
1622450337451000,1,3.59000000,22.9200
1622450337588000,1,989.28960000,22.9200
1622450404943000,0,35.30000000,22.9500
1622450405265000,0,5.00000000,22.9500
1622450405484000,0,30.30000000,22.9500
1622450408076000,1,89.30000000,22.9500
1622450411216000,1,0.00312339,22.9500
1622450438216000,1,89.50794555,22.8800
1622450441945000,0,1.74235807,22.9000
1622450458204000,1,5.23108872,22.8900
1622450491833000,1,54.36000000,22.8500
1622450491833000,1,35.33196881,22.8500
1622450509485000,1,43.74000000,22.8500
1622450519729000,1,89.73000000,22.8400
1622450519838000,1,0.00798353,22.8400
1622450549881000,1,43.62000000,22.9200
1622450556646000,1,89.46316000,22.8900
1622450556839000,1,0.00000711,22.8900
1622450558340000,0,38.00000000,22.9100
1622450579923000,1,89.55997000,22.8700
1622450579940000,1,0.00000616,22.8700
1622450588293000,1,89.65000000,22.8500
1622450588295000,1,0.00295438,22.8500
1622450610298000,1,89.63000000,22.8600
1622450638661000,1,89.67541617,22.8400
1622450638668000,1,0.00000001,22.8400
1622450657375000,0,35.80000000,22.8300
1622450657969000,0,35.60000000,22.8300
1622450687607000,0,43.82005732,22.8300
1622450687607000,0,109.54734634,22.8300
1622450690597000,1,89.76000000,22.8300
1622450690601000,1,0.00354715,22.8300
1622450696247000,1,89.82000000,22.8100
1622450697930000,1,0.00466072,22.8100
1622450697930000,1,89.81533928,22.8100
1622450697954000,1,0.00932144,22.8100
1622450709315000,1,89.62000000,22.8600
1622450709329000,1,0.00276138,22.8600
1622450710731000,1,68.60000000,22.8600
1622450712056000,1,42.86701602,22.8500
1622450712223000,1,0.87483706,22.8500
1622450714364000,1,89.69000000,22.8300
1622450718497000,0,43.78782173,22.8500
1622450718688000,0,109.46391461,22.8600
1622450718688000,0,43.78705480,22.8600
1622450719346000,1,70.00000000,22.8700
1622450723415000,1,89.63000000,22.8500
1622450729071000,1,0.00664006,22.8300
1622450760291000,0,4.32807740,22.8300
1622450771450000,1,89.88678823,22.7900
1622450771663000,1,89.88000000,22.7900
1622450773676000,1,36.00000000,22.7900
1622450777263000,1,136.15947892,22.7800
1622450777263000,1,89.93358174,22.7800
1622450778129000,1,35.59693000,22.7800
1622450778129000,1,89.93358174,22.7800
1622450778129000,1,219.06059837,22.7800
1622450779491000,1,7.03247163,22.7800
1622450779491000,1,89.92752837,22.7800
1622450779513000,1,0.00605337,22.7800
1622450782014000,1,89.93000000,22.7800
1622450784132000,1,0.00358174,22.7800
1622450784132000,1,89.92641826,22.7800
1622450784136000,1,0.00716348,22.7800
1622450789040000,1,89.96652100,22.7600
1622450789138000,1,89.96000000,22.7600
1622450792096000,1,90.07425282,22.7300
1622450792096000,1,63.59700000,22.7300
1622450792096000,1,132.20000000,22.7300
1622450792096000,1,2567.49000000,22.7200
1622450792096000,1,705.70936342,22.7200
1622450810799000,1,90.07000000,22.7300
1622450810805000,1,0.00425282,22.7300
1622450814061000,1,43.12089692,22.7200
1622450824626000,1,90.14000000,22.7200
1622450824633000,1,0.00489515,22.7200
1622450826717000,1,88.34199725,22.7200
1622450828865000,1,90.21000000,22.7100
1622450828869000,1,0.00671141,22.7100
1622450834512000,0,43.88913330,22.7300
1622450837504000,1,90.23305979,22.7000
1622450837504000,1,89.30000000,22.7000
1622450837504000,1,86.18700000,22.6900
1622450837504000,1,55.74888131,22.6900
1622450854594000,1,90.08000000,22.7400
1622450861647000,1,0.00816674,22.7400
1622450861647000,1,90.12782622,22.7300
1622450861647000,1,45.59079749,22.7200
1622450872898000,1,90.12000000,22.7300
1622450872899000,1,0.00782622,22.7300
1622450884198000,0,43.85054945,22.7500
1622450887949000,1,90.15000000,22.7300
1622450887987000,1,0.00491056,22.7300
1622450926702000,1,90.09000000,22.7400
1622450965337000,1,26.00000000,22.7500
1622450987382000,1,80.00000000,22.7400
1622450987382000,1,26.00000000,22.7400
1622451046682000,1,89.87000000,22.8000
1622451094299000,0,40.81575473,22.8700
1622451106625000,1,77.62000000,22.8300
1622451124508000,1,35.90000000,22.8100
1622451135822000,0,35.50000000,22.8100
1622451156299000,1,89.77250000,22.8200
1622451157939000,1,0.00000291,22.8200
1622451168962000,0,20.00000000,22.8300
1622451201138000,1,23.82000000,22.8100
1622451245945000,1,12.89000000,22.8100
1622451246238000,1,13.11000000,22.8100
1622451252569000,1,0.00245977,22.8000
1622451252569000,1,26.00000000,22.8000
1622451254604000,1,26.00000000,22.8000
1622451276673000,1,26.00000000,22.8000
1622451280522000,1,26.00000000,22.7900
1622451301079000,1,26.00000000,22.8000
1622451362421000,1,34.87000000,22.8200
1622451376018000,1,5.13000000,22.8200
1622451426057000,1,89.71662295,22.8300
1622451426057000,1,35.49999705,22.8300
1622451452548000,1,35.70000000,22.8500
1622451491849000,0,35.80000000,22.8800
1622451529075000,1,35.70000000,22.9000
1622451543464000,1,35.70000000,22.9000
1622451545302000,0,70.00000000,22.9100
1622451545302000,0,38.94197207,22.9200
1622451563499000,1,46.91329467,22.8900
1622451621791000,1,89.32896833,22.9100
1622451621791000,1,35.50000000,22.9100
1622451621791000,1,4.57295341,22.9100
1622451628974000,1,40.11378197,22.9100
1622451652716000,0,108.98671727,22.9500
1622451652716000,0,43.58931887,22.9500
1622451675672000,0,134.14696903,22.9300
1622451725010000,1,43.58703000,22.9300
1622451725219000,1,0.00000896,22.9300
1622451725219000,1,43.57999104,22.9300
1622451725249000,1,43.58000000,22.9300
1622451725292000,1,21.81128758,22.9300
1622451735078000,1,35.20000000,22.9200
1622451740196000,1,35.40000000,22.9000
1622451816890000,1,262.00000000,22.7900
1622451840256000,0,1.43496226,22.8200
1622451887444000,1,35.80000000,22.7900
1622451914507000,0,35.40000000,22.8200
1622451955008000,1,35.70000000,22.8600
1622451958734000,1,35.50000000,22.8500
1622451973722000,1,35.50000000,22.8400
1622451973722000,1,30.99399260,22.8400
1622452324864000,0,43.59152468,22.8900
1622452401695000,0,4.10000000,22.8400
1622452430858000,0,43.73879193,22.8700
1622452430858000,0,109.34802160,22.8700
1622452430858000,0,41.61357224,22.8700
1622452430861000,0,194.70038577,22.8700
1622452430868000,0,72.60988225,22.8700
1622452430871000,0,194.70038577,22.8700
1622452430975000,0,284.27616599,22.8800
1622452430975000,0,44.40718911,22.8900
1622452430975000,0,89.72054224,22.9000
1622452431467000,0,44.40718911,22.9300
1622452437741000,0,130.03547161,22.9900
1622452438825000,0,93.55717508,23.0000
1622452461097000,0,68.60000000,22.9600
1622452486790000,0,1.29952111,22.9700
1622452519310000,0,138.75000000,22.9700
1622452519313000,0,0.00330222,22.9700
1622452534597000,0,141.28000000,23.0000
1622452563911000,1,89.21719000,22.9800
1622452704670000,1,35.40000000,23.0200
1622452738217000,1,35.30000000,23.0100
1622452751889000,0,1.29557291,23.0400
1622452776410000,1,5.30257174,23.0100
1622452776414000,1,64.69742826,23.0100
1622452776414000,1,63.94270778,23.0000
1622452780537000,0,35.60000000,22.9900
1622452816145000,1,30.03138000,22.9400
1622452816145000,1,20.00000000,22.9400
1622452816145000,1,143.36341540,22.9300
1622452878668000,0,109.16943917,22.9100
1622452878668000,0,43.66887083,22.9100
1622452947665000,1,35.70000000,22.9100
1622452973091000,1,109.16351583,22.8900
1622452973091000,1,43.63648417,22.8900
1622452973092000,1,0.00724335,22.8900
1622452998128000,0,43.64791843,22.9200
1622453006516000,1,43.59958144,22.9200
1622453006516000,1,2.57574859,22.9200
1622453013026000,1,43.62430746,22.9200
1622453013026000,1,109.05569254,22.9200
1622453018630000,1,2.17197730,22.9100
1622453018630000,1,43.62802270,22.9100
1622453024344000,1,43.64296563,22.9100
1622453024344000,1,5.69703437,22.9100
1622453024389000,1,103.40264448,22.9100
1622453062677000,1,35.40000000,22.8900
1622453084578000,1,35.30000000,22.8500
1622453167189000,1,35.30000000,22.9500
1622453177187000,1,89.34288000,22.9300
1622453178924000,1,0.00000444,22.9300
1622453206738000,1,35.50000000,22.9300
1622453220785000,1,35.30000000,22.9200
1622453228652000,1,43.67994828,22.8900
1622453228652000,1,109.20356172,22.8900
1622453230858000,0,46.14971628,22.9100
1622453254580000,1,35.50000000,22.8900
1622453270272000,0,895.44997032,22.9100
1622453280193000,1,89.56206340,22.8900
1622453280193000,1,35.49999660,22.8900
1622453356422000,1,35.60000000,22.8800
1622453377913000,0,35.50000000,22.9000
1622453395870000,1,35.60000000,22.9000
1622453404816000,0,35.40000000,22.9000
1622453443683000,0,35.70000000,22.9400
1622453660439000,1,43.37604428,23.0500
1622453692917000,0,35.50000000,23.0900
1622453692917000,0,108.26179164,23.1000
1622453692917000,0,43.30616593,23.1000
1622453692917000,0,61.11145548,23.1100
1622453692917000,0,281.45251221,23.1100
1622453692917000,0,148.99488908,23.1100
1622453758324000,0,6.58363044,23.0300
1622453760848000,0,29.01636000,23.0300
1622453791837000,1,3.30716856,23.0000
1622453812337000,1,6.08843268,23.0000
1622453896715000,1,4.33000000,23.0300
1622453896793000,1,39.08483745,23.0300
1622453896793000,1,4.32516255,23.0300
1622453932080000,0,1.49696049,23.0400
1622453946965000,1,5.00000000,23.0000
1622454000247000,1,9.13110010,22.9100
1622454018637000,1,43.60300337,22.9300
1622454018637000,1,109.01119296,22.9300
1622454101445000,1,35.20000000,22.9100
1622454105304000,1,43.64525140,22.8900
1622454105304000,1,109.15112371,22.8900
1622454105304000,1,89.56080025,22.8900
1622454105304000,1,179.05773818,22.8800
1622454105304000,1,35.60000000,22.8800
1622454105304000,1,283.82017695,22.8800
1622454105304000,1,268.13376313,22.8700
1622454105304000,1,241.03114638,22.8700
1622454109509000,1,1.55829066,22.8800
1622454126953000,1,43.68758137,22.8700
1622454126953000,1,109.22265544,22.8700
1622454126953000,1,284.00621971,22.8700
1622454126953000,1,89.62653558,22.8600
1622454126953000,1,35.50000000,22.8600
1622454126953000,1,116.58382224,22.8600
1622454319800000,1,43.40315454,23.0200
1622454319800000,1,108.50684546,23.0200
1622454319801000,1,0.00377338,23.0200
1622454354948000,1,43.38281867,23.0400
1622454354948000,1,108.46445042,23.0400
1622454415121000,1,2504.29000000,23.0000
1622454472860000,1,51.40000000,22.9400
1622454480334000,1,3.38380987,22.9100
1622454549142000,0,70.00000000,22.8100
1622454620567000,1,44.00052801,22.7200
1622454674481000,0,141.08591502,22.7200
1622454674994000,0,902.54492752,22.7300
1622454879145000,0,126.69000000,22.6600
1622454879193000,0,89.57000000,22.6600
1622455009152000,1,44.08587929,22.6700
1622455009152000,1,110.21753691,22.6700
1622455039076000,0,904.29761794,22.6800
1622455202316000,0,36.10000000,22.5800
1622455202316000,0,44.29325679,22.5800
1622455203618000,0,36.30000000,22.5900
1622455204128000,0,110.63618593,22.6000
1622455204128000,0,44.25381407,22.6000
1622455204128000,0,0.00180639,22.6000
1622455211113000,1,44.17273000,22.6200
1622455217120000,0,35.80000000,22.6400
1622455242976000,1,90.51695546,22.6300
1622455242976000,1,43.63001357,22.6300
1622455311864000,1,2.00000000,22.6800
1622455344666000,0,13.55891232,22.6400
1622455390346000,0,35.80000000,22.8600
1622455400535000,1,43.77000000,22.8400
1622455413712000,0,35.80000000,22.8500
1622455434499000,0,43.72272795,22.8800
1622455434499000,0,86.45695104,22.8800
1622455434576000,0,22.84615979,22.8800
1622455438394000,1,43.71164303,22.8700
1622455438394000,1,109.28280697,22.8700
1622455438406000,1,0.00000761,22.8700
1622455447351000,1,109.36985658,22.8500
1622455447351000,1,43.74681342,22.8500
1622455466151000,0,35.80000000,22.8700
1622455469629000,0,35.50000000,22.9000
1622455469629000,0,109.20949000,22.9000
1622455484422000,0,35.50000000,23.0000
1622455494824000,0,30.19140000,23.1200
1622455494824000,0,46.70000000,23.1400
1622455494824000,0,43.38955739,23.1500
1622455494824000,0,266.91799807,23.1600
1622455494824000,0,177.82622569,23.1700
1622455494824000,0,18.30000000,23.2000
1622455494824000,0,266.73933853,23.2100
1622455494824000,0,11.77397874,23.2100
1622455549455000,1,35.20000000,22.9700
1622455564962000,1,35.30000000,22.9600
1622455636950000,1,28.00000000,23.0100
1622455651978000,1,81.90000000,23.0000
1622455651978000,1,89.12971444,23.0000
1622455651978000,1,178.23431971,22.9900
1622455652069000,0,143.54781354,22.9900
1622455676490000,0,108.68254344,23.0100
1622455676490000,0,43.47448048,23.0100
1622455677394000,0,98.19913913,23.0100
1622455683048000,1,35.40000000,22.9900
1622455694760000,0,17.58000000,23.0300
1622455770249000,1,35.30000000,22.9800
1622455939646000,1,183.81178260,23.0900
1622455939740000,1,3.75126087,23.0900
1622455958590000,0,37.85695000,23.1200
1622455958773000,0,0.00000329,23.1200
1622455969272000,0,70.00000000,23.1300
1622456009164000,0,69.47000000,23.1600
1622456009268000,0,38.51216285,23.1600
1622456009268000,0,43.19430526,23.1600
1622456012851000,1,30.00000000,23.1600
1622456018382000,0,43.18000000,23.1600
1622456018384000,0,0.00758961,23.1600
1622456018384000,0,43.17241039,23.1600
1622456040557000,0,2.00631074,23.1700
1622456041465000,1,15.45701000,23.1400
1622456041475000,1,27.73169874,23.1400
1622456041475000,1,107.98843077,23.1400
1622456049454000,0,35.30000000,23.1500
1622456057631000,1,43.20587600,23.1400
1622456057631000,1,108.00615943,23.1400
1622456098711000,0,53.70000000,23.1700
1622456104817000,0,35.30000000,23.1800
1622456132742000,0,43.08933280,23.2200
1622456150097000,1,4.75517759,23.2400
1622456150147000,1,4.75521851,23.2300
1622456150147000,1,30.90840782,23.2300
1622456176361000,1,10.05971036,23.2400
1622456176361000,1,4.02028964,23.2400
1622456176365000,1,0.00359451,23.2400
1622456177470000,0,35.10000000,23.2500
1622456177470000,0,57.31010752,23.2500
1622456199255000,1,35.00000000,23.2000
1622456199722000,1,27.02817915,23.1900
1622456199722000,1,10.39939550,23.1900
1622456199722000,1,4.15242535,23.1900
1622456199726000,1,0.00733285,23.1900
1622456219922000,1,3.94000000,23.1900
1622456224451000,0,35.00000000,23.2100
1622456224451000,0,70.00000000,23.2100
1622456224451000,0,107.75782563,23.2200
1622456224451000,0,43.10456305,23.2200
1622456224451000,0,3444.19000000,23.2200
1622456224451000,0,88.44618427,23.2200
1622456224451000,0,138.64470275,23.2200
1622456224542000,1,70.00000000,23.2200
1622456224553000,1,152.63416000,23.2200
1622456224649000,1,884.34304812,23.2200
1622456225072000,1,17.92300000,23.2200
1622456225184000,1,884.13396796,23.2200
1622456225220000,1,88.44618427,23.2200
1622456225312000,1,49.62356462,23.2200
1622456225361000,1,0.00000001,23.2200
1622456251157000,0,43.02629000,23.2500
1622456251281000,0,0.00000767,23.2500
1622456251281000,0,107.53923233,23.2500
1622456267325000,1,88.23000000,23.2300
1622456278360000,1,5.15247382,23.2200
1622456278360000,1,33.48975582,23.2200
1622456278360000,1,11.85017308,23.2200
1622456278364000,1,1.03045720,23.2200
1622456284561000,1,4.89670876,23.2200
1622456284561000,1,12.24177191,23.2200
1622456289535000,0,43.05111890,23.2400
1622456289535000,0,81.94888110,23.2400
1622456289624000,0,25.67348000,23.2400
1622456294573000,1,21.14000000,23.2100
1622456294829000,1,117.10000000,23.2100
1622456294856000,1,0.00876119,23.2100
1622456305544000,1,5.49000000,23.2100
1622456305559000,1,0.00233195,23.2100
1622456305576000,1,5.38248531,23.2100
1622456306711000,1,5.49233195,23.2000
1622456306711000,1,13.73035668,23.2000
1622456315847000,1,4.70000000,23.1300
1622456336366000,1,4.61816628,23.1200
1622456336366000,1,11.54541571,23.1200
1622456338579000,1,4.61816628,23.1100
1622456338579000,1,11.54183372,23.1100
1622456338823000,1,0.00358199,23.1100
1622456355006000,1,10.93994447,23.1500
1622456355006000,1,28.44005553,23.1500
1622456355006000,1,0.00060667,23.1500
1622456382188000,1,10.26044548,23.1200
1622456382188000,1,4.10471042,23.1200
1622456382188000,1,26.68407816,23.1200
1622456387620000,1,9.26547503,23.1100
1622456387620000,1,3.70619001,23.1100
1622456390464000,1,23.70108204,23.1000
1622456390464000,1,3.64723458,23.1000
1622456390464000,1,4.03168338,23.1000
1622456390584000,1,5.08640307,23.1000
1622456394636000,1,3.38218995,23.1000
1622456394636000,1,8.44781005,23.1000
1622456402031000,1,3.85471406,23.0800
1622456402515000,0,43.28517137,23.1100
1622456402515000,0,21.71488470,23.1100
1622456404203000,0,35.30000000,23.1200
1622456407849000,1,3.71000000,23.1300
1622456407870000,1,0.00116951,23.1300
1622456410171000,0,108.08206455,23.1400
1622456410171000,0,43.23425545,23.1400
1622456415779000,1,3.69251951,23.1200
1622456415779000,1,8.97282240,23.1200
1622456415784000,1,0.25847637,23.1200
1622456415784000,1,24.00137680,23.1100
1622456415950000,1,5.20865906,23.1200
1622456424318000,0,35.00000000,23.1300
1622456424318000,0,30.06398616,23.1300
1622456454943000,0,107.93927120,23.1700
1622456454943000,0,43.17713880,23.1700
1622456455828000,0,35.30000000,23.1800
1622456459909000,1,4.18951185,23.1500
1622456460043000,1,4.18690960,23.1500
1622456474795000,1,255.00000000,23.2100
1622456474795000,1,11.70000000,23.2100
1622456474993000,1,0.00116696,23.2100
1622456495333000,1,4.05320537,23.2100
1622456497495000,0,34.90000000,23.2200
1622456531075000,0,35.10000000,23.2200
1622456546260000,1,3.85372863,23.2000
1622456546260000,1,9.63432157,23.2000
1622456546260000,1,25.04194980,23.2000
1622456550751000,1,88.37341320,23.2000
1622456550751000,1,3.59456553,23.2000
1622456550751000,1,8.98202127,23.2000
1622456561679000,1,3.51000000,23.2000
1622456561748000,1,0.00414969,23.2000
1622456563541000,1,3.49582417,23.2000
1622456565862000,1,88.41995652,23.1900
1622456565862000,1,3.49582417,23.1900
1622456565862000,1,8.69421931,23.1900
1622456569482000,1,3.41908436,23.1900
1622456569482000,1,8.54091564,23.1900
1622456580853000,1,11.55000000,23.1800
1622456598288000,1,3.41795076,23.2100
1622456598288000,1,3.41204924,23.2100
1622456602946000,1,3.36992373,23.2100
1622456602946000,1,8.42007627,23.2100
1622456602947000,1,0.00473305,23.2100
1622456603171000,1,21.90450424,23.2000
1622456614617000,1,88.37149311,23.2000
1622456614617000,1,20.80969359,23.2000
1622456614617000,1,8.00372830,23.2000
1622456614617000,1,3.19508500,23.2000
1622456623950000,0,1.00000000,23.2100
1622456628110000,0,33.80000000,23.2100
1622456640310000,0,34.90000000,23.2200
1622456640310000,0,43.08042253,23.2200
1622456640310000,0,7.54873513,23.2200
1622456654470000,0,35.00000000,23.2400
1622456655030000,0,279.71811911,23.2500
1622456655030000,0,43.03111149,23.2500
1622456655030000,0,107.57421169,23.2500
1622456655030000,0,34.80000000,23.2500
1622456661772000,1,13.57062128,23.2300
1622456661772000,1,5.42852880,23.2300
1622456661772000,1,88.25458015,23.2300
1622456673301000,1,3.73535032,23.2400
1622456673301000,1,9.33709063,23.2400
1622456696487000,1,3.58859231,23.2300
1622456696487000,1,8.97148076,23.2300
1622456696487000,1,88.26482732,23.2300
1622456706435000,1,5.00000000,23.2200
1622456736211000,1,49.45000000,23.2000
1622456748708000,1,22.83424442,23.1900
1622456748708000,1,3.51332405,23.1900
1622456748708000,1,8.78331013,23.1900
1622456781621000,0,34.90000000,23.2200
1622456795986000,1,3.43051173,23.1900
1622456795986000,1,8.61604411,23.1800
1622456795986000,1,22.41234003,23.1800
1622456805645000,1,20.76856220,23.1900
1622456805645000,1,3.07774083,23.1900
1622456805645000,1,7.69369697,23.1900
1622456809656000,1,2.86000000,23.2000
1622456814764000,1,7.12869609,23.1900
1622456814764000,1,1.09130391,23.1900
1622456826425000,1,6.99979312,23.1900
1622456826425000,1,2.60392304,23.1900
1622456833161000,0,34.90000000,23.1900
1622456879019000,1,14.25376358,23.1500
1622456879019000,1,2.19315178,23.1500
1622456879019000,1,3.98308464,23.1500
1622456879097000,1,1.50083651,23.1500
1622456888221000,0,35.30000000,23.1700
1622456897367000,1,5.20215516,23.1700
1622456897367000,1,2.07784484,23.1700
1622456929282000,1,1.92000000,23.1900
1622456934943000,1,1.92732756,23.1800
1622456934943000,1,4.79560255,23.1800
1622456934943000,1,11.83706989,23.1800
1622456961220000,1,0.92737878,23.2200
1622456961220000,1,2.31262122,23.2200
1622456962833000,1,5.92708677,23.2100
1622456962833000,1,0.91200087,23.2100
1622456962833000,1,2.27091236,23.2100
1622456982796000,1,2.02000000,23.2100
1622457000471000,0,43.25925785,23.2600
1622457017674000,1,1.73332943,23.2400
1622457017676000,1,0.03537407,23.2400
1622457021723000,1,1.73332943,23.2200
1622457021828000,1,0.03537407,23.2200
1622457027921000,1,1.66935602,23.2100
1622457038229000,0,43.08413000,23.2100
1622457049723000,1,2.10000000,23.2000
1622457049754000,1,0.00209937,23.2000
1622457056735000,1,2.05000000,23.1800
1622457120303000,0,4.26055488,23.1700
1622457133458000,1,1.88000000,23.2000
1622457133466000,1,0.00463188,23.2000
1622457140702000,1,1.81000000,23.1800
1622457227737000,0,88.49175067,23.2000
1622457227737000,0,41.17504005,23.2100
1622457227823000,0,6.46000000,23.2000
1622457233587000,0,33.13723522,23.2200
1622457235337000,1,4.62057712,23.2000
1622457235337000,1,1.77714504,23.2000
1622457235343000,1,0.00000001,23.2000
1622457235723000,1,4.62057711,23.1900
1622457263071000,1,1.21358755,23.1800
1622457263086000,1,0.02476709,23.1800
1622457327589000,1,1.58626017,23.2400
1622457338155000,0,15.16851812,23.2700
1622457356992000,0,42.92000000,23.3000
1622457357090000,0,0.00692978,23.3000
1622457362853000,1,0.86510629,23.3000
1622457362853000,1,2.16276573,23.3000
1622457362853000,1,34.89998798,23.3000
1622457371459000,0,61.11145000,23.3100
1622457371537000,0,0.00000549,23.3100
1622457386703000,0,42.80821000,23.3600
1622457388914000,1,2.01279725,23.3500
1622457388914000,1,5.23327286,23.3500
1622457388914000,1,1.01950276,23.3500
1622457392533000,1,5.23327286,23.3300
1622457392533000,1,2.44747115,23.3300
1622457405248000,0,53.31547363,23.3300
1622457416263000,0,39.96915167,23.3400
1622457420511000,0,30.00300171,23.3200
1622457423509000,1,1.14129065,23.3200
1622457423509000,1,2.84870935,23.3200
1622457423534000,1,0.00451727,23.3200
1622457427083000,0,22.49249892,23.3300
1622457431299000,0,33.73896270,23.3300
1622457432082000,0,34.80000000,23.3300
1622457436404000,0,33.69606164,23.3600
1622457447502000,1,1.86011854,23.3300
1622457447502000,1,4.64988146,23.3300
1622457447514000,1,0.00041488,23.3300
1622457470479000,1,1.80869816,23.3400
1622457470479000,1,1.80924015,23.3400
1622457470479000,1,4.52174541,23.3400
1622457476313000,1,1.76826357,23.3500
1622457476313000,1,4.41173643,23.3500
1622457476381000,1,0.00880897,23.3500
1622457480280000,1,1.73841793,23.3400
1622457483862000,1,1.73018950,23.3400
1622457483964000,1,4.32547374,23.3400
1622457487062000,1,1.69986541,23.3400
1622457488461000,1,4.24948148,23.3400
1622457497068000,1,11.50030899,23.3300
1622457497068000,1,419.41894022,23.3200
1622457510753000,1,1.61244464,23.3400
1622457510753000,1,4.03111159,23.3400
1622457510770000,1,0.00000001,23.3400
1622457510967000,1,10.48062000,23.3300
1622457510990000,1,0.00000080,23.3300
1622457526196000,1,1.53283744,23.3200
1622457531204000,1,1.51783862,23.3200
1622457531204000,1,3.79459654,23.3200
1622457533719000,0,87.95000000,23.3300
1622457533719000,0,0.00400962,23.3300
1622457537066000,1,1.49084318,23.3300
1622457537174000,1,1.46102632,23.3300
1622457537207000,1,1.46102632,23.3300
1622457545128000,1,1.47709986,23.3200
1622457546428000,1,1.47709986,23.3200
1622457567314000,1,77.00600858,23.3000
1622457575992000,1,3.82691688,23.2900
1622457575992000,1,1.53076675,23.2900
1622457576983000,1,9.94955675,23.2700
1622457576983000,1,1.77502595,23.2700
1622457597018000,1,1.43732512,23.2900
1622457597018000,1,0.28162632,23.2900
1622457616635000,0,70.60000000,23.3200
1622457625656000,1,1.40141553,23.3300
1622457636379000,0,0.88151162,23.3700
1622457683426000,1,122.32483000,23.4000
1622457683426000,1,1.92130773,23.3900
1622457683426000,1,4.80326933,23.3900
1622457683426000,1,34.90000000,23.3900
1622457683426000,1,66.96267068,23.3900
1622457695125000,1,1.88457568,23.4200
1622457695125000,1,4.70542432,23.4200
1622457702105000,1,1.84118282,23.4400
1622457702106000,1,0.00000001,23.4400
1622457702357000,1,4.60331000,23.4400
1622457720314000,0,30.49137209,23.4500
1622457720368000,1,1.58036301,23.4300
1622457736511000,1,1.81273755,23.4000
1622457736511000,1,4.53183245,23.4000
1622457736547000,1,0.00001144,23.4000
1622457788035000,1,4.45337926,23.4100
1622457795253000,1,34.70000000,23.4000
1622457795253000,1,1.75977000,23.4000
1622457798155000,1,114.81797776,23.3900
1622457813447000,1,4.37777798,23.3900
1622457813447000,1,1.75111119,23.3900
1622457813447000,1,11.38212547,23.3900
1622457813447000,1,87.66206597,23.3800
1622457813447000,1,70.00000000,23.3800
1622457813447000,1,34.50000000,23.3700
1622457813447000,1,221.24616860,23.3700
1622457834629000,1,1.63061316,23.4200
1622457834629000,1,4.07670685,23.4200
1622457834629000,1,0.30783386,23.4200
1622457834690000,1,10.29305148,23.4200
1622457849469000,0,935.00000000,23.4700
1622457850684000,0,317.45000000,23.4700
1622457850725000,0,211.76000000,23.4700
1622457857653000,1,3.86661072,23.4700
1622457857653000,1,1.54554928,23.4700
1622457857728000,1,0.00000202,23.4700
1622457860596000,1,1.54555130,23.4600
1622457860596000,1,3.88940936,23.4600
1622457860601000,1,0.00000001,23.4600
1622457876109000,0,1.00000000,23.5000
1622457876109000,0,1.58400000,23.5000
1622457876109000,0,17.00000000,23.5000
1622457876109000,0,91.91366386,23.5000
1622457876140000,0,2.27546253,23.5000
1622457956465000,1,1.28772657,23.4500
1622457970838000,1,1.29865285,23.4400
1622457990395000,0,42.70219489,23.4200
1622457990395000,0,61.46780511,23.4200
1622457990725000,0,45.29000000,23.4200
1622457990739000,0,0.00785840,23.4200
1622458007569000,1,1.35894833,23.4400
1622458007569000,1,8.64105167,23.4400
1622458026969000,0,42.61448381,23.4800
1622458026969000,0,106.53271619,23.4800
1622458048373000,1,34.50000000,23.4500
1622458105299000,0,42.71970000,23.4100
1622458161668000,0,42.72956000,23.4100
1622458161851000,0,0.00000459,23.4100
1622458164849000,1,34.60000000,23.4100
1622458164849000,1,1.18959991,23.4100
1622458167196000,1,34.90000000,23.4000
1622458168240000,1,34.70000000,23.3900
1622458200329000,0,10.99430609,23.4100
1622458202319000,0,42.73979000,23.4000
1622458203349000,0,42.72700860,23.4100
1622458211030000,1,0.93172035,23.4400
1622458211055000,1,0.01901470,23.4400
1622458229838000,1,4.35369000,23.4300
1622458263677000,0,29.09786736,23.4100
1622458265481000,0,29.30260349,23.4300
1622458332654000,0,42.71605782,23.4100
1622458332654000,0,42.57972188,23.4200
1622458373999000,1,20.70960145,23.3700
1622458402173000,0,14.47090910,23.3900
1622458402224000,0,73.29415003,23.3900
1622458402224000,0,42.75404453,23.3900
1622458402793000,0,277.95734848,23.4000
1622458402793000,0,106.88159152,23.4000
1622458404823000,0,56.09700439,23.4000
1622458412526000,1,1.78892484,23.4400
1622458413190000,1,36.40000000,23.4400
1622458418894000,0,42.67000000,23.4400
1622458418896000,0,0.00631720,23.4400
1622458425343000,0,42.65229000,23.4500
1622458425343000,0,106.63720000,23.4500
1622458425454000,0,0.00000350,23.4500
1622458434615000,0,20.00000000,23.5000
1622458434615000,0,18.37259634,23.5000
1622458434615000,0,42.56768262,23.5000
1622458434615000,0,106.41660147,23.5000
1622458440271000,0,8.41517853,23.5200
1622458442554000,0,34.12353170,23.5200
1622458442554000,0,94.49031405,23.5200
1622458442621000,0,11.85299394,23.5200
1622458451648000,0,87.28918382,23.5400
1622458451648000,0,88.35123618,23.5400
1622458451712000,0,17.88181305,23.5400
1622458451712000,0,22.76818695,23.5400
1622458451748000,0,19.72641624,23.5400
1622458451786000,0,87.28918382,23.5400
1622458454096000,1,4.44308434,23.5200
1622458454096000,1,11.10771085,23.5200
1622458454096000,1,33.71920481,23.5200
1622458454096000,1,0.00088784,23.5200
1622458462648000,1,12.37406000,23.5000
1622458462697000,1,0.00000929,23.5000
1622458462724000,1,32.17211799,23.4900
1622458462724000,1,4.94788201,23.4900
1622458462762000,1,0.00022989,23.4900
1622458462944000,1,4.95127089,23.4900
1622458462944000,1,12.37817723,23.4900
1622458487860000,1,4.61784200,23.5200
1622458490070000,1,4.57169000,23.5200
1622458490158000,1,0.00000330,23.5200
1622458490334000,1,11.42923324,23.5200
1622458490425000,1,30.01061000,23.5100
1622458498742000,1,4.32212336,23.5000
1622458500688000,1,10.80328608,23.4900
1622458500688000,1,28.08854381,23.4900
1622458500688000,1,4.32211011,23.4900
1622458500770000,1,0.00001325,23.4900
1622458501433000,1,27.82400598,23.4700
1622458501433000,1,10.70154076,23.4700
1622458501433000,1,4.28060326,23.4700
1622458501575000,1,0.00001304,23.4700
1622458512452000,1,3.87269403,23.4900
1622458513672000,1,9.62612340,23.4800
1622458513672000,1,3.87269403,23.4800
1622458515074000,1,9.63882124,23.4700
1622458515074000,1,3.85552849,23.4700
1622458525671000,1,9.30403137,23.4700
1622458525671000,1,3.72161255,23.4700
1622458530093000,0,87.41000000,23.4800
1622458530119000,0,0.00663583,23.4800
1622458534881000,0,87.35000000,23.4900
1622458553208000,0,61.88000000,23.4800
1622458638978000,1,3.12466130,23.5300
1622458639279000,1,0.00000001,23.5300
1622458639279000,1,3.12465999,23.5300
1622458639389000,1,4.68699328,23.5300
1622458643737000,0,44.80000000,23.5500
1622458660333000,0,11.57000000,23.5600
1622458660336000,0,0.00283225,23.5600
1622458664203000,1,2.91226000,23.5600
1622458693192000,1,4.80070814,23.5800
1622458693192000,1,12.00165186,23.5800
1622458703616000,1,4.63215000,23.5800
1622458703715000,1,0.00000288,23.5800
1622458703715000,1,6.94871712,23.5800
1622458708135000,1,4.57576000,23.5700
1622458708140000,1,0.00000604,23.5700
1622458709273000,1,11.44174000,23.5700
1622458713608000,1,4.55350876,23.5700
1622458713608000,1,11.32764124,23.5700
1622458726684000,1,10.68739391,23.5500
1622458726684000,1,4.27494609,23.5500
1622458737284000,0,42.45851803,23.5600
1622458737284000,0,119.52640285,23.5700
1622458800325000,0,16.78144031,23.5700
1622458806359000,0,18.00000000,23.6000
1622458813575000,0,42.36103463,23.6100
1622458813575000,0,84.90198951,23.6100
1622458819157000,0,42.34955321,23.6200
1622458819157000,0,105.87045330,23.6200
1622458819298000,0,275.25731024,23.6300
1622458819520000,1,42.35278173,23.6300
1622458819521000,1,105.87852395,23.6300
1622458825784000,0,15.00000000,23.6700
1622458869335000,0,44.38000000,23.7000
1622458869499000,0,32.71000000,23.7000
1622458869549000,0,0.00251101,23.7000
1622458883381000,0,34.50000000,23.7300
1622458883381000,0,12.32246470,23.7300
1622458883912000,0,74.15000000,23.7300
1622458884010000,0,0.00506725,23.7300
1622458886302000,0,27.49000000,23.7300
1622458888026000,0,2.50456959,23.7300
1622458983557000,0,7.00000000,23.6400
1622458983778000,0,62.99999958,23.6400
1622458983778000,0,42.28151030,23.6500
1622459011103000,0,86.69000000,23.6700
1622459014797000,1,34.30000000,23.6600
1622459015890000,1,34.40000000,23.6500
1622459021866000,1,34.40000000,23.6400
1622459028007000,1,34.20000000,23.6300
1622459073949000,0,279.97315000,23.6000
1622459091324000,1,34.30000000,23.5800
1622459142436000,1,35.00000000,23.5700
1622459144449000,1,34.70000000,23.5600
1622459153956000,0,8.02078913,23.5700
1622459234887000,1,34.30000000,23.5100
1622459380211000,0,106.11581173,23.5700
1622459380211000,0,42.43418827,23.5700
1622459387399000,1,0.95390689,23.5800
1622459387399000,1,2.38585911,23.5800
1622459387399000,1,34.39998400,23.5800
1622459387577000,1,0.00001600,23.5800
1622459387577000,1,6.20296400,23.5800
1622459442464000,1,34.30000000,23.6400
1622459462319000,1,0.86434316,23.6500
1622459462319000,1,2.15565684,23.6500
1622459498131000,1,2.05000000,23.6400
1622459498362000,1,5.33464000,23.6300
1622459501654000,1,2.05000000,23.6200
1622459501728000,1,0.00239452,23.6200
1622459525581000,0,34.50000000,23.6500
1622459578413000,1,2.00000000,23.6900
1622459599023000,1,0.86607938,23.7100
1622459599075000,1,0.01767509,23.7100
1622459605849000,1,2.26886327,23.7000
1622459605849000,1,16.77727057,23.6900
1622459624974000,1,9.06283600,23.7200
1622459659198000,1,1.41795095,23.7300
1622459659242000,1,0.00000001,23.7300
1622459715899000,0,4.78000000,23.7700
1622459715899000,0,59.17505015,23.7700
1622459725379000,1,1.15947290,23.7600
1622459725379000,1,0.00205609,23.7600
1622459740227000,1,7.85982966,23.7800
1622459740227000,1,3.02301141,23.7800
1622459740227000,1,1.47172893,23.7800
1622459740244000,1,0.00001555,23.7800
1622459747941000,1,1.35984432,23.7700
1622459747941000,1,3.39960568,23.7700
1622459748090000,1,0.00000512,23.7700
1622459785116000,1,1.18804139,23.7900
1622459785116000,1,2.96993050,23.7900
1622459785116000,1,7.71202811,23.7900
1622459785150000,1,0.00979119,23.7900
1622459789112000,1,86.22543227,23.7800
1622459789112000,1,1.18804139,23.7800
1622459789112000,1,2.96993050,23.7800
1622459794048000,1,1.03232838,23.7800
1622459794582000,1,7.34036084,23.7700
1622459794582000,1,1.05339631,23.7700
1622459794582000,1,2.63349078,23.7700
1622459800858000,1,0.95669861,23.7700
1622459800858000,1,2.39174652,23.7700
1622459809361000,1,0.93993351,23.7700
1622459809361000,1,2.34983377,23.7700
1622459809361000,1,86.26983272,23.7700
1622459812597000,1,10.00000000,23.7500
1622459812597000,1,6.10956780,23.7500
1622459812597000,1,2.34983377,23.7500
1622459812597000,1,86.33526621,23.7500
1622459814518000,1,6.12758875,23.7400
1622459814518000,1,2.34983377,23.7400
1622459814518000,1,0.93991748,23.7400
1622459814962000,1,0.00001603,23.7400
1622459819632000,1,0.85422854,23.7200
1622459819632000,1,2.13557135,23.7200
1622459819632000,1,5.55191011,23.7200
1622459819792000,1,0.00001386,23.7200
1622459837665000,1,1.36045721,23.7400
1622459838069000,1,1.36045721,23.7300
1622459842585000,0,34.10000000,23.7400
1622459854053000,1,3.44842494,23.7500
1622459854053000,1,1.32157506,23.7500
1622459884815000,1,1.26596215,23.7500
1622459885312000,1,3.29000000,23.7400
1622459898837000,0,0.83718973,23.7700
1622459915784000,1,3.17373384,23.7400
1622459915784000,1,2.59626616,23.7400
1622459915899000,1,1.22071826,23.7400
1622459916919000,1,3.17458920,23.7300
1622459916919000,1,1.22071826,23.7300
1622459916919000,1,86.43533254,23.7300
1622459924263000,1,88.50000000,23.7300
1622459933315000,1,88.00000000,23.7100
1622459933315000,1,1.11227000,23.7100
1622459972510000,1,1.31303343,23.7500
1622459972510000,1,3.41503671,23.7400
1622459972510000,1,5.27192986,23.7400
1622459980813000,0,34.40000000,23.7700
1622459980813000,0,15.60000000,23.7700
1622459986180000,1,1.22119707,23.7500
1622459987713000,1,3.17436422,23.7400
1622459987713000,1,1.21563578,23.7400
1622459999272000,0,42.11000000,23.7500
1622460003907000,1,75.90000000,23.7400
1622460004189000,0,42.09462873,23.7600
1622460004189000,0,41.96261032,23.7600
1622460010144000,1,43.80000000,23.7200
1622460015758000,1,1.83112405,23.7200
1622460015758000,1,4.76128363,23.7200
1622460015758000,1,37.19999232,23.7200
1622460168584000,0,0.86559852,23.8000
1622460168584000,0,19.62440148,23.8000
1622460168671000,0,0.00648246,23.8000
1622460177942000,0,408.60439087,23.8300
1622460177942000,0,41.97588905,23.8300
1622460177942000,0,23.79193997,23.8300
1622460242569000,1,0.88413967,23.8300
1622460260639000,1,34.20000000,23.8000
1622460303295000,0,42.05000000,23.7900
1622460303305000,0,0.00179099,23.7900
1622460316245000,0,41.99810169,23.8200
1622460316245000,0,104.99189427,23.8200
1622460316245000,0,34.00000000,23.8300
1622460316245000,0,86.22664280,23.8300
1622460316245000,0,18.33224499,23.8300
1622460318260000,1,1.37312118,23.7900
1622460318260000,1,1.03847108,23.7900
1622460318268000,1,0.00000001,23.7900
1622460318268000,1,2.41159225,23.7900
1622460324743000,1,1.01483669,23.7800
1622460324743000,1,2.53709174,23.7800
1622460324938000,1,6.59000000,23.7700
1622460324994000,1,0.00510856,23.7700
1622460339646000,0,1.45035759,23.7900
1622460345234000,1,1.58473428,23.7600
1622460345237000,1,0.03234152,23.7600
1622460354848000,1,1.56550697,23.7300
1622460354963000,1,4.15632530,23.7200
1622460355391000,1,1.59917948,23.7200
1622460388450000,1,34.20000000,23.6900
1622460388450000,1,70.00000000,23.6900
1622460388450000,1,616.84704301,23.6700
1622460392505000,0,42.16918000,23.7200
1622460420105000,0,15.10000000,23.7500
1622460440019000,1,1.35291425,23.8100
1622460440019000,1,3.37708575,23.8100
1622460440019000,1,0.00576791,23.8100
1622460440371000,0,8.79534567,23.8100
1622460447262000,1,1.23869990,23.8200
1622460447262000,1,3.09673010,23.8200
1622460462854000,1,1.15241087,23.8300
1622460462854000,1,2.88102719,23.8300
1622460462854000,1,7.48656194,23.8300
1622460462865000,1,0.00410875,23.8300
1622460466393000,1,1.02004513,23.8300
1622460466393000,1,2.54995487,23.8300
1622460466396000,1,0.00015795,23.8300
1622460477799000,1,1.63698557,23.8400
1622460477799000,1,4.25301443,23.8400
1622460477799000,1,0.00218438,23.8400
1622460481190000,1,1.94000000,23.8400
1622460481204000,1,0.00881795,23.8400
1622460481233000,1,1.94000000,23.8400
1622460484500000,1,1.82000000,23.8400
1622460491785000,1,3.94534378,23.8300
1622460491785000,1,1.48465622,23.8300
1622460491785000,1,0.00992027,23.8300
1622460501507000,1,1.41637969,23.8100
1622460501507000,1,3.67362031,23.8100
1622460501543000,1,0.00896689,23.8100
1622460516751000,1,1.06441027,23.8200
1622460516751000,1,2.76558973,23.8200
1622460532105000,1,0.96911391,23.8200
1622460532105000,1,2.51088609,23.8200
1622460599027000,0,23.42687385,23.8400
1622460599051000,0,18.51486069,23.8400
1622460599323000,0,104.86682000,23.8500
1622460602871000,1,1.83553399,23.8500
1622460602871000,1,4.76446601,23.8500
1622460606189000,1,1.83488799,23.8600
1622460606189000,1,4.55495001,23.8600
1622460606189000,1,259.99016200,23.8600
1622460606208000,1,0.00983800,23.8600
1622460608305000,1,1.67343903,23.8500
1622460614462000,1,1.59979044,23.8400
1622460614487000,1,0.03264878,23.8400
1622460615745000,1,4.24434196,23.8300
1622460617987000,1,1.61268000,23.8100
1622460619692000,1,1.51050124,23.8000
1622460619886000,1,0.03082656,23.8000
1622460630180000,0,33.95322000,23.8300
1622460632044000,1,1.40581099,23.8500
1622460640018000,1,1.30704155,23.8300
1622460643708000,1,3.68503333,23.8200
1622460643708000,1,1.19142098,23.8200
1622460650561000,1,1.24687644,23.8400
1622460664643000,0,1.79360531,23.9000
1622460664643000,0,33.01351795,23.9000
1622460667781000,0,0.71034945,23.9000
1622460673093000,1,1.60007439,23.9100
1622460685297000,1,1.49060643,23.9200
1622460690141000,1,1.41970868,23.9100
1622460690141000,1,3.68982345,23.9100
1622460693412000,1,3.60130424,23.9000
1622460693605000,1,1.32120000,23.9100
1622460720294000,0,2.07279121,23.9100
1622460725671000,0,32.57876524,23.9000
1622460728511000,0,53.29000000,23.9000
1622460728515000,0,0.00322692,23.9000
1622460749515000,0,75.73032444,23.9000
1622460831453000,1,171.10000000,23.8800
1622460832142000,1,171.30000000,23.8700
1622460841908000,1,171.70000000,23.8600
1622460844239000,1,171.40000000,23.8500
1622460845134000,1,158.50000000,23.8300
1622460845134000,1,14.01481532,23.8200
1622460966241000,0,15.00000000,23.9900
1622460966241000,0,5.80000000,23.9900
1622460968943000,0,5.31454000,24.0000
1622460968943000,0,279.09422222,24.0000
1622460968943000,0,17.70000000,24.0000
1622460968943000,0,29.12123778,24.0000
1622460968956000,0,0.00024439,24.0000
1622460991887000,0,19.09765924,24.0200
1622460991887000,0,17.08234076,24.0200
1622460991893000,0,0.00680097,24.0200
1622461015077000,0,5.49463309,24.1100
1622461015077000,0,32.01939416,24.1100
1622461015271000,0,31.79800000,24.1100
1622461017031000,0,0.83634874,24.1400
1622461026024000,0,0.01706126,24.1400
1622461026024000,0,0.00000708,24.1400
1622461026024000,0,18.87679458,24.1600
1622461035541000,0,17.44037983,24.1700
1622461036463000,0,10.90965700,24.1700
1622461142065000,1,20.00000000,24.1000
1622461179337000,0,8.50000000,24.1300
1622461196186000,0,33.60000000,24.1800
1622461200255000,1,12.00000000,24.1400
1622461209175000,0,13.30373997,24.2000
1622461209182000,0,0.27150490,24.2000
1622461227007000,0,245.00000000,24.2500
1622461227007000,0,128.80990792,24.2500
1622461244115000,0,8.45000000,24.2800
1622461244149000,0,0.00385439,24.2800
1622461248134000,0,1.07910000,24.3000
1622461248134000,0,8.44090000,24.3000
1622461248137000,0,0.00362617,24.3000
1622461258578000,0,68.60000000,24.2900
1622461265423000,0,43.40000000,24.3100
1622461266247000,0,8.43000000,24.3200
1622461266287000,0,0.00840931,24.3200
1622461269243000,0,8.43000000,24.3200
1622461271343000,0,0.00840931,24.3200
1622461271343000,0,4.49159069,24.3200
1622461271485000,0,3.94681862,24.3200
1622461299481000,1,33.50000000,24.2100
1622461299481000,1,70.00000000,24.2000
1622461299481000,1,135.46306037,24.1900
1622461299481000,1,235.40915952,24.1800
1622461348577000,0,70.00000000,24.1000
1622461348577000,0,12.87136929,24.1000
1622461358251000,1,10.63664334,24.0100
1622461358828000,1,16.60000000,24.0100
1622461446335000,1,43.22753838,23.8300
1622461446438000,1,5.32808988,23.8100
1622461629777000,1,2.10956000,23.8600
1622461688288000,1,1.20332000,23.5600
1622461688754000,1,1.20332222,23.5200
1622461688754000,1,34.50000000,23.5200
1622461688754000,1,5.80000000,23.5100
1622461688754000,1,42.91485738,23.5100
1622461692725000,1,1.12545597,23.5300
1622461692725000,1,28.89524320,23.5100
1622461701992000,1,43.68500218,23.5600
1622461722296000,0,17.32140000,23.6700
1622461738186000,1,1.10750000,23.6800
1622461738283000,1,0.00000777,23.6800
1622461738292000,1,2.87944726,23.6700
1622461743641000,1,0.92030238,23.6700
1622461765243000,1,42.18910846,23.7000
1622461779846000,0,15.49257487,23.7300
1622461779846000,0,38.73054008,23.7300
1622461781820000,0,862.64116074,23.7500
1622461782679000,0,1930.23000000,23.7500
1622461782878000,0,8.20883926,23.7500
1622461784704000,1,42.07337597,23.7600
1622461784704000,1,86.22304774,23.7400
1622461784704000,1,75.41520831,23.7200
1622461801525000,1,42.02987000,23.7800
1622461805567000,1,42.05674000,23.7600
1622461811623000,1,84.41817960,23.7600
1622461815498000,1,20.73766409,23.7600
1622461815498000,1,42.06097591,23.7600
1622461816927000,1,5.00000000,23.7500
1622461816927000,1,105.23374910,23.7500
1622461817070000,1,42.09214812,23.7500
1622461820280000,1,42.13400298,23.7300
1622461820280000,1,105.33838702,23.7300
1622461827527000,1,42.10632690,23.7300
1622461827527000,1,105.27898310,23.7300
1622461840466000,1,42.16562658,23.7000
1622461840466000,1,105.43790342,23.7000
1622461843963000,0,31.52895351,23.7100
1622461843978000,0,10.65410409,23.7100
1622461844080000,0,105.44535181,23.7200
1622461848849000,1,36.20000000,23.7300
1622461848849000,1,105.29934988,23.7300
1622461886894000,1,34.40000000,23.7900
1622461906493000,1,10.00000000,23.8200
1622461907607000,0,104.83252000,23.8500
1622461912543000,1,41.89885616,23.8600
1622461912543000,1,104.76627384,23.8600
1622461925053000,0,134.59829000,23.9000
1622461925057000,0,0.00000914,23.9000
1622461946841000,1,41.76132000,23.9400
1622461982157000,1,33.90000000,23.9300
1622461982157000,1,41.73274351,23.9300
1622461982157000,1,104.35693649,23.9300
1622461984926000,1,104.35694323,23.9100
1622461984926000,1,41.72305677,23.9100
1622461985027000,1,0.00968674,23.9100
1622462013861000,1,41.81231000,23.9100
1622462040345000,1,33.80000000,23.9000
1622462040345000,1,41.81126395,23.9000
1622462040345000,1,104.58303605,23.9000
1622462088988000,1,41.79903000,23.9200
1622462099226000,1,41.76202329,23.9400
1622462099226000,1,68.23797671,23.9400
1622462104295000,0,104.39306950,23.9600
1622462104295000,0,41.75051562,23.9600
1622462122755000,1,28.89000000,23.9700
1622462122826000,1,12.82324646,23.9700
1622462163885000,0,104.60005676,23.9100
1622462163885000,0,41.84135432,23.9100
1622462174117000,1,41.86097134,23.8800
1622462174117000,1,104.63560866,23.8800
1622462174219000,1,0.00000319,23.8800
1622462174335000,1,272.14000000,23.8700
1622462174341000,1,0.00867561,23.8700
1622462199108000,0,1.62855946,23.8800
1622462205829000,1,41.89253726,23.8500
1622462207927000,1,104.82869541,23.8300
1622462207927000,1,41.94130459,23.8300
1622462222238000,0,42.00762859,23.8100
1622462222238000,0,105.02364141,23.8100
1622462243475000,1,105.09837394,23.7700
1622462243475000,1,42.06063461,23.7700
1622462262083000,1,42.10809000,23.7400
1622462317980000,1,42.11625000,23.7400
1622462317997000,1,0.00000772,23.7400
1622462318274000,1,105.29402785,23.7300
1622462318274000,1,42.11625772,23.7300
1622462336747000,1,42.12477000,23.7300
1622462336785000,1,0.00000358,23.7300
1622462337288000,1,12.90045422,23.7100
1622462337439000,1,29.23638000,23.7100
1622462337453000,1,0.00000939,23.7100
1622462367321000,1,41.98188000,23.8100
1622462367381000,1,0.00000062,23.8100
1622462367441000,1,104.90784000,23.8000
1622462401693000,0,274.59518778,23.6800
1622462408762000,0,164.39182000,23.7600
1622462418305000,0,171.90000000,23.8000
1622462436191000,1,5.86000000,23.8200
1622462437811000,0,104.73239134,23.8800
1622462440251000,1,41.86062088,23.8700
1622462440251000,1,104.62937912,23.8700
1622462440262000,1,0.00535684,23.8700
1622462447964000,1,41.87674835,23.8400
1622462465647000,1,41.87394000,23.8700
1622462466248000,1,0.00000268,23.8700
1622462466248000,1,41.87217732,23.8600
1622462482267000,1,41.98434823,23.8100
1622462482267000,1,84.29279177,23.8100
1622462482467000,1,20.69258000,23.8100
1622462496733000,0,41.92942439,23.8600
1622462496733000,0,104.82020561,23.8600
1622462543476000,0,10.19672375,23.7700
1622462546227000,0,42.04966907,23.7900
1622462546227000,0,42.07656251,23.7900
1622462558555000,0,501.53624000,23.8400
1622462558651000,0,784.80376000,23.8400
1622462564528000,1,9.32019486,23.8400
1622462607852000,0,33.70000000,23.9900
1622462628142000,1,41.71846710,23.9600
1622462628142000,1,104.28462290,23.9600
1622462633822000,0,33.70000000,23.9700
1622462646011000,1,41.77039648,23.9300
1622462646011000,1,104.42929352,23.9300
1622462646119000,1,0.00001301,23.9300
1622462664050000,0,41.75888420,23.9500
1622462664050000,0,104.40347580,23.9500
1622462664265000,0,41.74668114,23.9600
1622462664265000,0,96.54110886,23.9600
1622462664274000,0,4.64056743,23.9600
1622462664371000,0,3.18171612,23.9600
1622462664371000,0,104.38779519,23.9700
1622462668225000,1,104.28642025,23.9600
1622462668225000,1,33.89999975,23.9600
1622462674461000,1,41.75156000,23.9400
1622462674667000,1,0.00000151,23.9400
1622462674940000,1,104.38000000,23.9300
1622462675020000,1,0.00221539,23.9300
1622462715213000,0,41.63752000,24.0200
1622462754180000,1,41.59526147,24.0300
1622462754180000,1,104.02431853,24.0300
1622462758170000,0,41.61083879,24.0500
1622462758170000,0,104.02381314,24.0500
1622462760300000,1,4.87738580,24.0400
1622462782871000,1,270.03418575,24.0400
1622462782871000,1,35.41837425,24.0400
1622462782954000,1,68.43050629,24.0400
1622462782954000,1,41.53823371,24.0400
1622462787781000,0,41.55965000,24.0700
1622462794811000,1,41.50893000,24.0800
1622462794900000,1,0.00000272,24.0800
1622462794900000,1,103.80316728,24.0800
1622462801002000,0,41.46000000,24.1200
1622462801009000,0,0.00968566,24.1200
1622462806706000,1,41.43634000,24.1300
1622462811317000,1,41.42399000,24.1200
1622462811431000,1,0.00000112,24.1200
1622462811431000,1,43.41999888,24.1200
1622462811470000,1,43.42000000,24.1200
1622462811668000,1,16.72322656,24.1200
1622462815768000,1,41.49825000,24.0900
1622462815844000,1,0.00000292,24.0900
1622462827596000,1,41.54652796,24.0600
1622462827596000,1,103.86958204,24.0600
1622462847391000,0,41.54169540,24.0800
1622462847391000,0,103.85095460,24.0800
1622462865664000,0,41.55000000,24.0800
1622462865756000,0,0.00205226,24.0800
1622462874839000,1,33.80000000,24.0900
1622462884790000,0,103.67648259,24.1200
1622462884790000,0,41.47449741,24.1200
1622462954595000,1,2.97630834,24.1000
1622462971157000,0,41.48516905,24.1200
1622462971157000,0,103.68642095,24.1200
1622463001252000,1,103.72220656,24.1000
1622463001252000,1,41.48757862,24.1000
1622463025850000,0,41.42879633,24.1500
1622463025850000,0,103.56120367,24.1500
1622463025970000,0,0.00753879,24.1500
1622463043987000,1,41.42913960,24.1200
1622463043987000,1,103.58552040,24.1200
1622463044171000,1,0.00001889,24.1200
1622463061193000,1,41.43000000,24.1300
1622463061337000,1,0.00394600,24.1300
1622463086872000,1,20.00000000,24.0400
1622463089181000,1,83.95597561,24.0400
1622463089181000,1,41.58107895,24.0400
1622463095024000,1,41.61257033,24.0200
1622463095024000,1,45.60000000,24.0200
1622463095024000,1,2.00000000,24.0200
1622463095024000,1,38.05045381,24.0100
1622463143918000,0,41.53099874,24.0900
1622463143918000,0,103.82421126,24.0900
1622463154035000,1,33.50000000,24.0700
1622463176271000,0,28.75259000,24.0700
1622463176271000,0,103.91312614,24.0700
1622463176271000,0,41.55999601,24.0700
1622463182389000,0,41.53375864,24.0900
1622463182389000,0,103.83284136,24.0900
1622463198102000,0,103.65462420,24.1300
1622463198102000,0,41.46314580,24.1300
1622463202719000,1,33.90000000,24.1300
1622463223360000,0,41.44218815,24.1400
1622463223360000,0,103.60140670,24.1400
1622463232246000,0,41.45833852,24.1300
1622463268467000,1,33.90000000,24.1200
1622463268467000,1,41.42502071,24.1200
1622463268467000,1,103.56660929,24.1200
1622463281353000,1,41.44974633,24.1100
1622463281353000,1,103.66714367,24.1100
1622463287386000,0,103.65204568,24.1300
1622463287386000,0,41.46212021,24.1300
1622463290641000,1,33.70000000,24.1100
1622463293173000,1,2.44833712,24.0900
1622463309662000,0,41.45799476,24.1300
1622463309662000,0,103.63656524,24.1300
1622463309683000,0,0.00001198,24.1300
1622463309894000,0,269.36105588,24.1400
1622463320187000,0,41.49756000,24.1100
1622463335008000,0,41.52237641,24.0900
1622463335008000,0,103.80869359,24.0900
1622463349904000,1,33.90000000,24.0900
1622463356712000,1,41.52168678,24.0700
1622463356712000,1,103.83765322,24.0700
1622463356841000,1,0.00001239,24.0700
1622463368000000,1,34.00000000,24.0500
1622463379653000,1,41.58765013,24.0300
1622463379653000,1,103.97239987,24.0300
1622463388593000,0,41.65382000,24.0200
1622463483564000,0,41.74284736,23.9600
1622463483856000,1,104.36949203,23.9600
1622463490639000,1,10.00000000,23.9500
1622463509347000,1,650.31248000,23.9600
1622463509424000,1,188.94211000,23.9600
1622463509577000,1,0.00000098,23.9600
1622463540509000,1,41.72995710,23.9500
1622463540509000,1,104.34647290,23.9500
1622463560645000,0,41.68716286,24.0000
1622463575164000,1,41.65451743,24.0000
1622463575164000,1,104.12396257,24.0000
1622463630144000,1,5.80000000,23.9400
1622463666768000,0,104.43576247,23.9500
1622463666768000,0,41.76829753,23.9500
1622463677954000,0,10.38648096,23.9800
1622463817267000,1,10.00000000,23.8900
1622463896178000,0,2.07903234,23.9900
1622463947754000,1,41.64688440,24.0000
1622463947754000,1,104.12135560,24.0000
1622463960311000,0,11.75411954,24.0100
1622463991233000,0,10.40950792,23.9800
1622464079506000,0,10.00000000,23.8900
1622464090853000,0,41.88481000,23.8800
1622464123027000,1,42.02480086,23.7800
1622464130121000,0,105.15794438,23.7800
1622464130121000,0,42.06310562,23.7800
1622464141175000,0,42.06063000,23.7800
1622464143106000,0,42.06063461,23.7900
1622464143106000,0,105.15085539,23.7900
1622464147276000,0,105.06337000,23.8000
1622464147718000,0,0.00000280,23.8000
1622464147718000,0,42.01999720,23.8000
1622464147792000,0,0.00387236,23.8000
1622464154219000,0,41.99457430,23.8200
1622464154219000,0,104.98306570,23.8200
1622464169581000,0,41.99527973,23.8300
1622464169581000,0,104.99806759,23.8300
1622464214393000,0,41.83225267,23.9100
1622464214393000,0,104.63070056,23.9100
1622464215489000,0,34.09000000,23.9100
1622464215513000,0,7.74591000,23.9100
1622464215551000,0,0.00999663,23.9100
1622464230666000,1,75.51091000,23.9100
1622464241879000,1,41.87148000,23.8800
1622464256067000,1,41.94525000,23.8300
1622464278850000,1,41.93399000,23.8400
1622464278921000,1,0.00000589,23.8400
1622464278921000,1,27.90999411,23.8400
1622464279122000,1,76.92130920,23.8400
1622464281663000,1,41.93399589,23.8100
1622464281663000,1,104.83129411,23.8100
1622464318137000,0,42.07550028,23.7700
1622464318137000,0,105.18536972,23.7700
1622464336937000,1,3.34810952,23.7600
1622464379465000,0,105.55398070,23.6900
1622464379465000,0,42.22294930,23.6900
1622464429709000,1,172.60000000,23.7000
1622464429709000,1,42.19231000,23.7000
1622464429971000,1,0.00000256,23.7000
1622464430990000,1,42.21226000,23.6900
1622464431085000,1,0.00000013,23.6900
1622464431766000,1,172.90000000,23.6800
1622464435080000,1,42.21226013,23.6700
1622464435760000,1,42.21226013,23.6600
1622464436442000,1,42.21226013,23.6500
1622464444236000,1,4.56389159,23.6300
1622464444237000,1,37.74015606,23.6300
1622464444544000,1,260.00000000,23.6300
1622464444905000,1,42.30404000,23.6100
1622464445060000,1,0.00000765,23.6100
1622464445682000,1,10.00000000,23.6000
1622464449063000,1,42.38976000,23.5900
1622464451081000,0,1587.79000000,23.6000
1622464493963000,1,42.24685683,23.6500
1622464493963000,1,7.82314317,23.6500
1622464511591000,1,42.21190376,23.6800
1622464511591000,1,105.52513624,23.6800
1622464586422000,1,42.12016039,23.7300
1622464586422000,1,105.30377961,23.7300
1622464614629000,1,34.00000000,23.7100
1622464622209000,1,42.18697000,23.7000
1622464631808000,1,42.15638332,23.7100
1622464633294000,1,298.00000000,23.6500
1622464641211000,1,42.24257376,23.6700
1622464667192000,1,42.26614000,23.6500
1622464681402000,1,42.29045000,23.6400
1622464690161000,0,86.66000000,23.6600
1622464690192000,0,0.00090307,23.6600
1622464716178000,1,34.20000000,23.6600
1622464728866000,1,42.27471803,23.6400
1622464728866000,1,105.68678197,23.6400
1622464760988000,1,34.40000000,23.6500
1622464760988000,1,42.27114000,23.6500
1622464761236000,1,0.00000403,23.6500
1622464761236000,1,105.68483597,23.6500
1622464764707000,0,1.45771670,23.6600
1622464767135000,1,42.29188165,23.6300
1622464767135000,1,105.72954522,23.6300
1622464769753000,1,42.29188165,23.6100
1622464769753000,1,117.70811835,23.6100
1622464777716000,1,105.96796876,23.5500
1622464777716000,1,31.66747124,23.5500
1622464782332000,1,150.00000000,23.5500
1622464782332000,1,1125.00000000,23.5500
1622464782332000,1,1120.00000000,23.5500
1622464782332000,1,320.00000000,23.5500
1622464782332000,1,340.00000000,23.5500
1622464782332000,1,335.00000000,23.5500
1622464782332000,1,290.00000000,23.5500
1622464782332000,1,12.55000000,23.5400
1622464784005000,1,42.48738000,23.5300
1622464786725000,1,66.40000000,23.5200
1622464790640000,1,42.48629817,23.5200
1622464790640000,1,42.48629817,23.5200
1622464790640000,1,34.59998366,23.5200
1622464791544000,0,42.49026973,23.5400
1622464791544000,0,70.00000000,23.5400
1622464791544000,0,156.02373887,23.5500
1622464794618000,1,0.00001634,23.5200
1622464796724000,1,6.63207000,23.5100
1622464798970000,1,0.00000145,23.5100
1622464814257000,1,90.30000000,23.5300
1622464840235000,1,9.94051092,23.5000
1622464840249000,1,64.52757419,23.5000
1622464840249000,1,10.00000000,23.5000
1622464840249000,1,106.22822965,23.5000
1622464840249000,1,11.40400270,23.5000
1622464840256000,1,13.09419652,23.5000
1622464840266000,1,17.98737693,23.5000
1622464840341000,1,276.25716059,23.4900
1622464840341000,1,11.41396992,23.4800
1622464840341000,1,34.80000000,23.4700
1622464840341000,1,25.64472314,23.4400
1622464841088000,1,85.96498992,23.4500
1622464847799000,0,0.93816631,23.5000
1622464888837000,0,42.41529665,23.5800
1622464888837000,0,106.03478335,23.5800
1622464904733000,1,42.42033461,23.5700
1622464904733000,1,106.05427539,23.5700
1622464909541000,1,42.43185444,23.5600
1622464909541000,1,106.08308251,23.5600
1622464910456000,1,34.70000000,23.5500
1622464913881000,1,34.40000000,23.5400
1622464915329000,1,34.40000000,23.5300
1622464932108000,0,42.50905443,23.5400
1622464932108000,0,60.00750557,23.5400
1622464932223000,0,46.26166887,23.5400
1622464985965000,1,34.40000000,23.5000
1622464986388000,1,106.30502044,23.4900
1622464986388000,1,3.69497956,23.4900
1622464986484000,1,38.82564000,23.4900
1622464993248000,1,34.50000000,23.4700
1622465013365000,1,0.85447811,23.4100
1622465050557000,1,42.72445291,23.4000
1622465050557000,1,42.72189754,23.3900
1622465050557000,1,49.60620520,23.3800
1622465050817000,1,42.72445291,23.3900
1622465051479000,1,94.17430406,23.3500
1622465051479000,1,42.81188458,23.3500
1622465051603000,1,7.45033453,23.3300
1622465062627000,1,42.78257000,23.3700
1622465074130000,1,35.00000000,23.3600
1622465075697000,0,295.00000000,23.3700
1622465075697000,0,2759.52000000,23.3700
1622465075697000,0,1181.40000000,23.3700
1622465075697000,0,70.00000000,23.3700
1622465075697000,0,42.78001660,23.3800
1622465075697000,0,106.97306667,23.3800
1622465075697000,0,35.00000000,23.3800
1622465075697000,0,278.20958133,23.3800
1622465075697000,0,401.27195020,23.4000
1622465075697000,0,87.69906319,23.4000
1622465075697000,0,29.39615414,23.4000
1622465075697000,0,175.44201665,23.4100
1622465075697000,0,262.85273011,23.4400
1622465075697000,0,121.40822506,23.4600
1622465075697000,0,263.05411303,23.4600
1622465075697000,0,80.00000000,23.4700
1622465075697000,0,163.99308302,23.4800
1622465080142000,0,42.81518398,23.3800
1622465080142000,0,87.18481602,23.3800
1622465080236000,0,19.84962066,23.3800
1622465080236000,0,220.15037934,23.3800
1622465095005000,1,34.80000000,23.3700
1622465097629000,0,42.78331109,23.3800
1622465097629000,0,34.90000000,23.3800
1622465097629000,0,106.97488891,23.3800
1622465110557000,0,42.72554817,23.4200
1622465110557000,0,106.76105183,23.4200
1622465110623000,0,0.00001582,23.4200
1622465110920000,0,125.00000000,23.4400
1622465119030000,1,42.63410558,23.4500
1622465119030000,1,34.80000000,23.4500
1622465119030000,1,62.66414442,23.4500
1622465121876000,0,34.50000000,23.4500
1622465134412000,0,4.23764906,23.4800
1622465165796000,0,42.57058203,23.5000
1622465165796000,0,106.42297797,23.5000
1622465166007000,0,0.00000312,23.5000
1622465194035000,0,106.20506908,23.5500
1622465194035000,0,42.48232735,23.5500
1622465203673000,0,42.40846134,23.5900
1622465203673000,0,45.41058866,23.5900
1622465208976000,1,34.30000000,23.5900
1622465209423000,1,42.38545331,23.5700
1622465209423000,1,203.31454669,23.5700
1622465209531000,1,70.00000000,23.5700
1622465216850000,0,105.88749279,23.6200
1622465216850000,0,42.35636955,23.6200
1622465216850000,0,34.49998766,23.6200
1622465216908000,0,86.80756608,23.6300
1622465216908000,0,29.39615414,23.6300
1622465216908000,0,75.20122439,23.6300
1622465217305000,0,38.32000000,23.6400
1622465217428000,0,236.88377444,23.6400
1622465217428000,0,42.34453205,23.6400
1622465217428000,0,105.85789351,23.6400
1622465225076000,0,22.50000000,23.6400
1622465231928000,0,42.39335000,23.6000
1622465259166000,1,42.27686272,23.6400
1622465259166000,1,67.94653728,23.6400
1622465259242000,1,37.74903000,23.6400
1622465263914000,1,42.24899870,23.6600
1622465264026000,1,105.64469000,23.6600
1622465280309000,1,3.08049295,23.6500
1622465282965000,1,42.23436695,23.6700
1622465282965000,1,105.58931305,23.6700
1622465293149000,1,105.58664863,23.6600
1622465293149000,1,42.23328137,23.6600
1622465293202000,1,0.00001536,23.6600
1622465293740000,1,105.58664863,23.6500
1622465293740000,1,42.23328137,23.6500
1622465293838000,1,0.00001536,23.6500
1622465294037000,1,34.50000000,23.6400
1622465298811000,1,105.77159462,23.6200
1622465298811000,1,20.62215538,23.6200
1622465324580000,1,34.60000000,23.6100
1622465331323000,0,35.06813372,23.6100
1622465351932000,1,42.21938000,23.6800
1622465351981000,1,0.00000883,23.6800
1622465365127000,1,42.23900519,23.6700
1622465365127000,1,105.59289227,23.6700
1622465365127000,1,27.16810254,23.6700
1622465365218000,1,6.93189000,23.6700
1622465374844000,0,481.50000000,23.6900
1622465374846000,0,0.00750469,23.6900
1622465461188000,1,42.12583830,23.7200
1622465461188000,1,105.31797170,23.7200
1622465461249000,1,0.00000952,23.7200
1622465484772000,0,3.63051074,23.6400
1622465484934000,0,38.70362412,23.6400
1622465493046000,0,42.28472845,23.6600
1622465493046000,0,105.70839155,23.6600
1622465493145000,0,0.00001276,23.6600
1622465503937000,0,42.24864000,23.6800
1622465506523000,0,105.53526634,23.7000
1622465506523000,0,42.21545366,23.7000
1622465512013000,1,34.40000000,23.7000
1622465523276000,0,42.17416000,23.7200
1622465524028000,0,42.14749939,23.7300
1622465524028000,0,105.36534061,23.7300
1622465582303000,0,95.00000000,23.6900
1622465584573000,1,34.50000000,23.6800
1622465589080000,1,34.50000000,23.6400
1622465592233000,0,42.29331258,23.6500
1622465592233000,0,105.73611742,23.6500
1622465596599000,0,42.27436060,23.6700
1622465596599000,0,105.68248676,23.6700
1622465596599000,0,97.22570264,23.6700
1622465598372000,0,105.67176597,23.6800
1622465598372000,0,42.27006403,23.6800
1622465598419000,0,0.00000791,23.6800
1622465600852000,1,70.00000000,23.6800
1622465600852000,1,6.35869587,23.6700
1622465600912000,1,28.14130413,23.6700
1622465600912000,1,42.22509353,23.6700
1622465600912000,1,76.35869234,23.6700
1622465604536000,0,42.28365568,23.6800
1622465604536000,0,86.49960432,23.6800
1622465604634000,0,19.20611000,23.6800
1622465604869000,0,0.00000828,23.6800
1622465629921000,0,42.29000000,23.6500
1622465629952000,0,0.00510138,23.6500
1622465648087000,0,42.31729508,23.6400
1622465656061000,1,101.80000000,23.6300
1622465670559000,0,42.31084000,23.6400
1622465715658000,0,42.37036786,23.6100
1622465715658000,0,105.92247214,23.6100
1622465733311000,1,105.32708000,23.5700
1622465769166000,1,42.38293832,23.5900
1622465769166000,1,105.96078244,23.5900
1622465769166000,1,34.59998924,23.5900
1622465782619000,1,34.40000000,23.5900
1622465816695000,1,35.06813372,23.5200
1622465850462000,1,42.45635000,23.5500
1622465850559000,1,0.00000487,23.5500
1622465879728000,1,37.10000000,23.5100
1622465882639000,0,42.52749402,23.5300
1622465882639000,0,0.20196678,23.5300
1622465882729000,0,4.73773639,23.5300
1622465889015000,0,42.50399538,23.5400
1622465889015000,0,61.17979026,23.5400
1622465889132000,0,45.06860918,23.5400
1622465895258000,0,42.44626303,23.5700
1622465895258000,0,77.55373697,23.5700
1622465909359000,1,42.40342620,23.5800
1622465909359000,1,106.01200622,23.5800
1622465909359000,1,34.39998758,23.5800
1622465929389000,0,42.50322000,23.6200
1622465934344000,0,0.00000858,23.6200
1622465946862000,1,105.73848910,23.6300
1622465946862000,1,42.29401090,23.6300
1622466048233000,1,42.10207000,23.7400
1622466088491000,0,68.09722432,23.7700
1622466122853000,0,42.14430208,23.7400
1622466123185000,0,0.00000001,23.7400
1622466123185000,0,42.14429999,23.7400
1622466137629000,0,105.18360526,23.7800
1622466137629000,0,35.01892474,23.7800
1622466146825000,1,42.00904035,23.7900
1622466146825000,1,52.99095965,23.7900
1622466172568000,1,105.01713944,23.8000
1622466172568000,1,42.00551112,23.8000
1622466232812000,1,42.10739069,23.7300
1622466232812000,1,67.89260931,23.7300
1622466244214000,1,105.38635256,23.7100
1622466244214000,1,42.15104744,23.7100
1622466265075000,0,42.23615077,23.6900
1622466265075000,0,105.58695923,23.6900
1622466303777000,0,42.20940000,23.7000
1622466309173000,0,42.20335000,23.7000
1622466340087000,0,42.17736425,23.7200
1622466340087000,0,105.44000575,23.7200
1622466392584000,1,6.00776665,23.6700
1622466405090000,0,42.30905000,23.6500
1622466445033000,0,42.47294472,23.5500
1622466445035000,0,0.00000001,23.5500
1622466450909000,0,42.44518205,23.5700
1622466450909000,0,106.10139795,23.5700
1622466450945000,0,0.00000243,23.5700
1622466460504000,0,190.00000000,23.5900
1622466468365000,1,42.36857269,23.5900
1622466468365000,1,119.61634819,23.5800
1622466486833000,0,42.38401614,23.6000
1622466486833000,0,105.95389386,23.6000
1622466500096000,0,42.37467689,23.6200
1622466500096000,0,105.91529311,23.6200
1622466500696000,0,6.46534365,23.6300
1622466500796000,0,35.86234035,23.6300
1622466500796000,0,6.46534364,23.6300
1622466500886000,0,99.34273476,23.6300
1622466507900000,0,90.20066000,23.6700
1622466534135000,1,105.53583498,23.6700
1622466534135000,1,42.21296502,23.6700
1622466549934000,1,65.06398616,23.6000
1622466575350000,1,42.34991000,23.5900
1622466594632000,1,42.33305958,23.6100
1622466594632000,1,52.66694042,23.6100
1622466609680000,0,42.29545000,23.6500
1622466613190000,1,105.73759000,23.6400
1622466636690000,0,47.67436000,23.6400
1622466639525000,0,0.00000308,23.6400
1622466654086000,1,42.22402000,23.6800
1622466654341000,1,0.00000378,23.6800
1622466654341000,1,105.56345622,23.6800
1622466664328000,0,47.67436000,23.7000
1622466676512000,0,0.00000308,23.7000
1622466710969000,1,42.14359165,23.7200
1622466710969000,1,52.85640835,23.7200
1622466751054000,0,42.11093000,23.7500
1622467032128000,1,104.67416574,23.8700
1622467032128000,1,41.86832426,23.8700
1622467088414000,1,41.93997551,23.8400
1622467088414000,1,58.06002449,23.8400
1622467115766000,1,104.58833451,23.8900
1622467115766000,1,41.83399549,23.8900
1622467132202000,0,41.82770332,23.9200
1622467132202000,0,84.85697853,23.9200
1622467132298000,0,19.70895343,23.9200
1622467143170000,1,7.89165035,23.9300
1622467143197000,1,33.86758262,23.9300
1622467143197000,1,41.75923297,23.9300
1622467145937000,1,41.75923297,23.9000
1622467145937000,1,41.75922703,23.9000
1622467208537000,1,104.40662771,23.9400
1622467208537000,1,0.59337229,23.9400
1622467208645000,1,41.16794000,23.9400
1622467230428000,0,41.84555642,23.9000
1622467230428000,0,104.61667358,23.9000
1622467231512000,0,41.82315497,23.9200
1622467231512000,0,104.55455503,23.9200
1622467286166000,0,41.73657000,23.9800
1622467291052000,0,6.63207000,23.9900
1622467395106000,0,0.00000145,23.9900
1622467408967000,1,41.59629000,24.0300
1622467409076000,1,0.00000959,24.0300
1622467423069000,1,1.17082515,24.0300
1622467436928000,1,41.55619644,24.0600
1622467436928000,1,103.89375356,24.0600
1622467498777000,1,41.55654183,24.0600
1622467498777000,1,60.79484817,24.0600
1622467498878000,1,43.09977000,24.0600
1622467536374000,1,104.15260000,24.0000
1622467545163000,0,41.67500167,24.0000
1622467545163000,0,104.18419833,24.0000
1622467569648000,0,41.58522000,24.0500
1622467628789000,1,41.63544000,24.0100
1622467711255000,0,41.55067104,24.0800
1622467711255000,0,103.87081609,24.0800
1622467711255000,0,103.85183095,24.0900
1622467711255000,0,70.00000000,24.0900
1622467711255000,0,85.19830544,24.1000
1622467711255000,0,0.85447811,24.1100
1622467711255000,0,69.79881186,24.1100
1622467716684000,1,41.54963519,24.0500
1622467716684000,1,53.45036481,24.0500
1622467716785000,1,50.42699529,24.0500
1622467717688000,1,41.59526147,24.0300
1622467717688000,1,103.87735853,24.0300
1622467732996000,1,41.64445629,24.0000
1622467732996000,1,104.11095371,24.0000
1622467748760000,0,41.63024000,24.0300
1622467800623000,0,41.64376260,24.0200
1622467800623000,0,104.09310740,24.0200
1622467904864000,0,41.66493063,24.0100
1622467904864000,0,69.06636937,24.0100
1622467904965000,0,35.09266000,24.0100
1622467925875000,0,10.15355805,23.9900
1622467930880000,1,75.54578139,23.9600
1622467974950000,0,41.81301000,23.9200
1622467975048000,0,0.00000221,23.9200
1622467975351000,0,220.00000000,23.9300
1622468017783000,0,104.78067591,23.8700
1622468017783000,0,41.91359409,23.8700
1622468042843000,0,41.90412000,23.8700
1622468059192000,0,104.55193848,23.9200
1622468059192000,0,41.81806152,23.9200
1622468076988000,1,104.41011612,23.9200
1622468076988000,1,6.09394388,23.9200
1622468085547000,0,41.82175000,23.9200
1622468090315000,1,34.00000000,23.9000
1622468124286000,1,1.62855946,23.8500
1622468126345000,1,41.89745000,23.8600
1622468167644000,1,104.99067707,23.8000
1622468167644000,1,41.99491293,23.8000
1622468167799000,1,0.00001408,23.8000
1622468168661000,1,95.00000000,23.7800
1622468178397000,1,34.20000000,23.8000
1622468208250000,0,41.98540587,23.8300
1622468208250000,0,104.96015725,23.8300
1622468232454000,1,34.00000000,23.8600
1622468254785000,1,41.93645788,23.8300
1622468254785000,1,58.06354212,23.8300
1622468254894000,1,46.79413000,23.8300
1622468295963000,1,41.79064558,23.9200
1622468295963000,1,104.48516442,23.9200
1622468328174000,1,104.33168330,23.9400
1622468328174000,1,41.71184670,23.9400
1622468350721000,0,104.50036987,23.9300
1622468376479000,0,85.73421000,23.9200
1622468426503000,0,104.88265857,23.8400
1622468426503000,0,41.95439143,23.8400
1622468469267000,1,41.85501423,23.8700
1622468469267000,1,68.78740577,23.8700
1622468482935000,1,104.73003850,23.8400
1622468482935000,1,41.91148150,23.8400
1622468500572000,1,26.47191729,23.8200
1622468500572000,1,15.47650293,23.8200
1622468500572000,1,35.59396086,23.8200
1622468500576000,1,69.28571975,23.8200
1622468507180000,0,42.03093000,23.8000
1622468512141000,0,105.05542593,23.8000
1622468512141000,0,42.02951407,23.8000
1622468522933000,0,42.03199475,23.8000
1622468522933000,0,105.07661525,23.8000
1622468532030000,0,34.19000000,23.8400
1622468532067000,0,7.77743327,23.8400
1622468557032000,1,42.01539444,23.7900
1622468557032000,1,105.04183556,23.7900
1622468584534000,0,34.10000000,23.8100
1622468623600000,1,42.00409960,23.8000
1622468623600000,1,105.02242040,23.8000
1622468659591000,1,105.60631000,23.6600
1622468677462000,0,42.22010000,23.6900
1622468710247000,0,34.50000000,23.6300
1622468720286000,1,42.37898680,23.5900
1622468720286000,1,105.95089320,23.5900
1622468720341000,1,0.00000965,23.5900
1622468720532000,1,275.49000000,23.5800
1622468720632000,1,0.00849235,23.5800
1622468752296000,0,34.50000000,23.6000
1622468760350000,1,23.44228834,23.5800
1622468763437000,0,42.35959911,23.6200
1622468763437000,0,105.89555089,23.6200
1622468818451000,0,34.20000000,23.6400
1622468828835000,0,42.29223937,23.6600
1622468828835000,0,42.30439063,23.6600
1622468852695000,1,42.20905300,23.6800
1622468852695000,1,105.52603447,23.6800
1622468884037000,1,105.86296592,23.5900
1622468884037000,1,42.33703408,23.5900
1622468884095000,1,0.00319507,23.5900
1622468906612000,1,42.34130479,23.5900
1622468906612000,1,105.94371885,23.5900
1622468917024000,1,42.40342620,23.5800
1622468917024000,1,106.00657380,23.5800
1622468917182000,1,0.00543242,23.5800
1622468948367000,1,42.38329759,23.5900
1622468948367000,1,72.34307771,23.5800
1622468948495000,1,33.61860297,23.5800
1622468948495000,1,275.48439799,23.5800
1622468952849000,0,1.46204411,23.5500
1622468966733000,0,42.41421725,23.5800
1622468966733000,0,67.93659275,23.5800
1622468983606000,1,42.40414543,23.5800
1622468983606000,1,105.99585457,23.5800
1622468983709000,1,0.00266690,23.5800
1622469039992000,0,34.20000000,23.7200
1622469136085000,1,42.04613000,23.7700
1622469136325000,1,0.00000302,23.7700
1622469149303000,1,42.09000000,23.7500
1622469192287000,1,105.29757581,23.7400
1622469192287000,1,42.11766419,23.7400
1622469192403000,1,0.00001260,23.7400
1622469200847000,1,42.15816056,23.7100
1622469201089000,0,63.24062944,23.7100
1622469205760000,0,42.18982044,23.7100
1622469209633000,0,4.90303328,23.7200
1622469217832000,1,42.18376937,23.6900
1622469224987000,1,42.21000000,23.6800
1622469229687000,0,42.20940932,23.7000
1622469229687000,0,62.79059068,23.7000
1622469229788000,0,42.72953080,23.7000
1622469271287000,1,42.05745048,23.7700
1622469271287000,1,105.14698952,23.7700
1622469273906000,1,42.05745000,23.7500
1622469273966000,1,0.00000048,23.7500
1622469288530000,1,2.96000000,23.7400
1622469310474000,1,105.13019558,23.7700
1622469310474000,1,42.04980442,23.7700
1622469310507000,1,0.00092558,23.7700
1622469321453000,1,270.70108179,23.7400
1622469335966000,0,42.11675000,23.7600
1622469357120000,0,42.11058000,23.7500
1622469371871000,1,42.08000000,23.7400
1622469371934000,1,0.00825064,23.7400
1622469371934000,1,51.18174936,23.7400
1622469371990000,1,41.24648563,23.7400
1622469388675000,0,42.14607000,23.7300
1622469388890000,0,0.00000831,23.7300
1622469388890000,0,105.36623169,23.7300
1622469409266000,1,105.29580180,23.7400
1622469409266000,1,42.11695820,23.7400
1622469409298000,1,0.00000904,23.7400
1622469424224000,1,42.24899870,23.6600
1622469424224000,1,105.61100130,23.6600
1622469424236000,1,0.00955028,23.6600
1622469446798000,1,3.00000000,23.7200
1622469453156000,1,105.52336192,23.6800
1622469453156000,1,42.21759808,23.6800
1622469453188000,1,0.00000835,23.6800
1622469462759000,1,42.20299641,23.6900
1622469462759000,1,105.48700359,23.6900
1622469470490000,1,42.24257000,23.6700
1622469489131000,1,42.22687656,23.6700
1622469489131000,1,274.51177590,23.6700
1622469490726000,1,42.22687000,23.6600
1622469508120000,1,42.32051868,23.6100
1622469508120000,1,105.80471132,23.6100
1622469513366000,1,105.86386249,23.6000
1622469513366000,1,24.13613751,23.6000
1622469537213000,1,42.29617473,23.6400
1622469537213000,1,105.73758527,23.6400
1622469541976000,1,42.29617473,23.6200
1622469541976000,1,105.73758527,23.6200
1622469543027000,1,36.42000000,23.6100
1622469543031000,1,5.91843653,23.6100
1622469543031000,1,105.85294704,23.6100
1622469566046000,0,42.36139352,23.6200
1622469566046000,0,105.90721648,23.6200
1622469566187000,0,0.00001309,23.6200
1622469566395000,0,155.58174000,23.6300
1622469567997000,1,42.32087689,23.6200
1622469601705000,0,19.89560745,23.6300
1622469636918000,1,42.18000000,23.7000
1622469636980000,1,0.00554892,23.7000
1622469656726000,1,42.20976565,23.6800
1622469656726000,1,105.55543435,23.6800
1622469686433000,1,42.22901640,23.6700
1622469686433000,1,105.58616618,23.6700
1622469688004000,1,105.63840399,23.6600
1622469688004000,1,42.25399723,23.6600
1622469707670000,1,31.87000000,23.6700
1622469707701000,1,242.59160748,23.6700
1622469710282000,1,11.01000000,23.6200
1622469710689000,1,4.23000000,23.6200
1622469718321000,0,34.50000000,23.6400
1622469719792000,0,105.80235016,23.6500
1622469719792000,0,34.49999984,23.6500
1622469744047000,0,34.50000000,23.6400
1622469744047000,0,42.30834321,23.6400
1622469744047000,0,105.78443679,23.6400
1622469786235000,1,42.26614144,23.6300
1622469786235000,1,105.75385856,23.6300
1622469793505000,1,42.30476352,23.6300
1622469793505000,1,105.78143648,23.6300
1622469799547000,1,42.31000000,23.6300
1622469809797000,1,42.33126757,23.6100
1622469809797000,1,105.83158243,23.6100
1622469840459000,1,67.74000000,23.5700
1622469871574000,1,42.35888000,23.6000
1622469874539000,1,86.79762833,23.5900
1622469874539000,1,275.38957557,23.5900
1622469874539000,1,105.91230029,23.5900
1622469874539000,1,42.35888139,23.5900
1622469893884000,1,42.45743000,23.5300
1622469895028000,1,106.24304374,23.5200
1622469895028000,1,42.49695626,23.5200
1622469895099000,1,0.00595519,23.5200
1622469896089000,1,6.74819000,23.5100
1622469898794000,1,0.00000225,23.5100
1622469928366000,0,34.30000000,23.5500
1622469934222000,1,70.00000000,23.5400
1622469934276000,1,42.47294473,23.5300
1622469934276000,1,106.18236184,23.5300
1622469934276000,1,42.26561469,23.5200
1622469937950000,0,42.51628374,23.5300
1622469997156000,0,106.25652782,23.5400
1622469997156000,0,42.50398218,23.5400
1622470027815000,1,42.46969787,23.5300
1622470070731000,1,42.62574595,23.4500
