timestamp ms,type,amount,price
1622505684231000,0,38.16611498,0.01187379
1622505684231000,0,85.78379446,0.01187379
1622505685086000,0,581.79134315,0.01187378
1622505750935000,0,381.41533176,0.01189307
1622506380283000,1,37.80310159,0.01182226
1622506882559000,1,38.40497692,0.01172836
1622506882559000,1,11.15283446,0.01172380
1622507334595000,0,7.82673531,0.01174035
1622509320773000,1,7.85517411,0.01166741
1622509320861000,0,25.52196246,0.01166588
1622509401809000,1,38.50223290,0.01165901
1622509434458000,1,8.58935126,0.01163821
1622512805525000,0,39.46207722,0.01161648
1622512805525000,0,82.36411190,0.01161648
1622512805525000,0,98.68403878,0.01161649
1622512805525000,0,39.46207722,0.01161649
1622513068669000,1,56.23176540,0.01164285
1622513831735000,1,40.24003309,0.01157570
1622513831735000,1,100.62672734,0.01157551
1622517473506000,1,26.15061559,0.01170590
1622517473506000,1,39.10105090,0.01170589
1622521625366000,0,99.29069745,0.01162744
1622521981923000,0,0.73719405,0.01166743
1622522879807000,1,39.40713122,0.01167701
1622523597961000,1,29.80802971,0.01164351
1622523848751000,0,10.06478168,0.01160741
1622523848961000,0,15.05000000,0.01160741
1622523854682000,0,1.71820863,0.01160741
1622526151186000,1,7.95308353,0.01167041
1622526152832000,1,7.95308353,0.01167041
1622526154180000,1,31.43327494,0.01167042
1622526154180000,1,0.84469707,0.01167041
1622526433189000,0,38.76163116,0.01168443
1622526433189000,0,38.76133253,0.01168443
1622526433189000,0,96.89982265,0.01168443
1622527162279000,0,38.90907742,0.01159074
1622527162648000,0,13.48610000,0.01159519
1622527162719000,0,83.78423979,0.01159519
1622536534263000,0,77.35274483,0.01146261
1622539892637000,1,4.31306520,0.01147976
1622539953133000,1,41.68576953,0.01146841
1622540591538000,1,41.43317157,0.01147819
1622546687397000,0,36.26853542,0.01157037
1622546824492000,1,100.16070576,0.01158908
1622547527309000,1,39.95340571,0.01161122
1622548831020000,1,6.79449095,0.01155908
1622548831541000,1,7.19900142,0.01155908
1622549793850000,0,12.40341284,0.01154946
1622550026267000,0,12.91915751,0.01158630
1622550028331000,0,1.87464547,0.01158629
1622550217234000,1,77.87663080,0.01157573
1622550913121000,1,46.88154298,0.01158852
1622552410124000,0,8.43633865,0.01158732
1622552911431000,1,41.97636100,0.01149574
1622552912534000,1,41.93146553,0.01148334
1622554768165000,0,0.49614683,0.01165013
1622559541831000,1,40.56395171,0.01164201
1622559542376000,1,101.46752903,0.01163611
1622561986680000,0,1.75000000,0.01158899
1622566543569000,1,8.51458581,0.01155283
1622570309637000,1,65.96713645,0.01168563
1622570309685000,1,13.72464043,0.01168563
1622570309685000,1,22.35435312,0.01168563
1622570309685000,1,1.43008471,0.01168563
1622573831050000,0,8.30943613,0.01168840
1622573831174000,1,8.30943613,0.01169073
1622578516201000,1,8.43666878,0.01164782
1622583462193000,0,2.47288946,0.01175154
1622583492895000,0,1.64861888,0.01175389
1622585096374000,0,40.28129704,0.01170566
1622585096374000,0,100.72136722,0.01170566
1622585097361000,0,34.02331663,0.01172607
1622585235897000,1,40.19639608,0.01170865
1622588896387000,1,1.75000000,0.01176284
1622590876608000,0,8.09463673,0.01171766
1622590878572000,0,8.09463673,0.01171766
