timestamp ms,type,amount,price
1625100005810000,1,8852.28000000,1.1658
1625100829510000,1,1085.85100000,1.1658
1625100830909000,1,1085.85100000,1.1658
1625100832906000,1,1085.85100000,1.1658
1625100834910000,1,1085.85100000,1.1658
1625100836917000,1,1085.85100000,1.1658
1625100838926000,1,1085.85100000,1.1658
1625100840908000,1,1085.85100000,1.1658
1625100842921000,1,1085.85100000,1.1658
1625100844907000,1,1085.85100000,1.1658
1625100846909000,1,1085.85100000,1.1658
1625100848919000,1,1085.85100000,1.1658
1625100850907000,1,1085.85100000,1.1658
1625100852908000,1,1085.85100000,1.1658
1625100854667000,1,1085.96106000,1.1658
1625100855914000,1,1085.96106000,1.1658
1625100857907000,1,1085.96106000,1.1658
1625100859924000,1,1085.96106000,1.1658
1625100861909000,1,1085.96106000,1.1658
1625100863918000,1,1085.96106000,1.1658
1625100865910000,1,1085.96106000,1.1658
1625100867908000,1,1085.96106000,1.1658
1625100869914000,1,1085.96106000,1.1658
1625100871912000,1,1085.96106000,1.1658
1625101753662000,1,1085.66631000,1.1658
1625101754937000,1,1085.66631000,1.1658
1625101787818000,1,1085.66631000,1.1658
1625101791739000,1,1085.72525000,1.1658
1625101839736000,1,1085.79205000,1.1658
1625102178712000,1,1085.59560000,1.1658
1625102421608000,1,1085.65453000,1.1658
1625102422929000,1,1085.65453000,1.1658
1625102424921000,1,1085.65453000,1.1658
1625102426911000,1,1085.65453000,1.1658
1625102428912000,1,1085.65453000,1.1658
1625102430935000,1,1085.65453000,1.1658
1625102432921000,1,1085.65453000,1.1658
1625102436382000,1,1085.77634000,1.1658
1625102437908000,1,1085.77634000,1.1658
1625102439918000,1,1085.77634000,1.1658
1625102441910000,1,1085.77634000,1.1658
1625102443928000,1,1085.77634000,1.1658
1625102445908000,1,1085.77634000,1.1658
1625102447934000,1,1085.77634000,1.1658
1625102449906000,1,1085.77634000,1.1658
1625102451906000,1,1085.77634000,1.1658
1625102491884000,1,1085.83135000,1.1658
1625102493908000,1,1085.83135000,1.1658
1625102495907000,1,1085.83135000,1.1658
1625102497912000,1,1085.83135000,1.1658
1625102499911000,1,1085.83135000,1.1658
1625102501908000,1,1085.83135000,1.1658
1625102503923000,1,1085.83135000,1.1658
1625102505917000,1,1085.83135000,1.1658
1625102507909000,1,1085.83135000,1.1658
1625102509909000,1,1085.83135000,1.1658
1625102525725000,1,1085.83135000,1.1658
1625102526907000,1,1085.83135000,1.1658
1625102528907000,1,1085.83135000,1.1658
1625102530912000,1,1085.83135000,1.1658
1625102532909000,1,1085.83135000,1.1658
1625102534907000,1,1085.83135000,1.1658
1625102584173000,1,1085.89031000,1.1658
1625102585907000,1,1085.89031000,1.1658
1625102587905000,1,1085.89031000,1.1658
1625102589928000,1,1085.89031000,1.1658
1625102591906000,1,1085.89031000,1.1658
1625102593908000,1,1085.89031000,1.1658
1625102595910000,1,1085.89031000,1.1658
1625102597905000,1,1085.89031000,1.1658
1625102719305000,1,1085.94927000,1.1658
1625102720909000,1,1085.94927000,1.1658
1625102722925000,1,1085.94927000,1.1658
1625102724907000,1,1085.94927000,1.1658
1625102735547000,1,30.99288000,1.1658
1625102757395000,1,1086.00431000,1.1658
1625102783478000,1,1086.00431000,1.1658
1625102784916000,1,1086.00431000,1.1658
1625102786909000,1,1086.00431000,1.1658
1625102788908000,1,1086.00431000,1.1658
1625102790908000,1,1086.00431000,1.1658
1625103091675000,1,1086.03183000,1.1658
1625103092907000,1,1086.03183000,1.1658
1625103094917000,1,1086.03183000,1.1658
1625103096921000,1,1086.03183000,1.1658
1625103098906000,1,990.99858000,1.1658
1625129855676000,0,767.34883000,1.1640
1625129856957000,0,321.42230000,1.1640
1625129866321000,0,0.00002000,1.1640
1625129866321000,0,289.60525000,1.1642
1625131363808000,1,188.03285000,1.1636
1625131368254000,0,188.09892000,1.1635
1625132346049000,0,579.11200000,1.1634
1625132703956000,0,338.05949000,1.1634
1625132974570000,0,181.42722000,1.1629
1625133178815000,0,579.11198000,1.1629
1625133182172000,0,289.55799000,1.1629
1625133214697000,0,38.53962000,1.1629
1625133214697000,0,142.92714000,1.1630
1625134175333000,0,181.49105000,1.1631
1625134214022000,0,51.96588000,1.1631
1625135015952000,0,181.50464000,1.1632
1625137048859000,0,869.83125000,1.1622
1625137048882000,0,1088.37220000,1.1622
1625137049625000,0,1088.37218000,1.1622
1625137085394000,0,0.00002000,1.1622
1625137085394000,0,859.65217000,1.1624
1625138145210000,1,1087.46874000,1.1630
1625138146923000,1,1087.46874000,1.1630
1625138148907000,1,1087.46874000,1.1630
1625138150908000,1,1087.46874000,1.1630
1625138152908000,1,1087.46874000,1.1630
1625138154908000,1,1087.46874000,1.1630
1625138156911000,1,1087.46874000,1.1630
1625138158908000,1,1087.46874000,1.1630
1625138160911000,1,1087.46874000,1.1630
1625138162913000,1,1087.46874000,1.1630
1625138164907000,1,1087.46874000,1.1630
1625138166909000,1,1087.46874000,1.1630
1625138168906000,1,1087.46874000,1.1630
1625138170912000,1,1087.46874000,1.1630
1625138172910000,1,1087.14954000,1.1630
1625138174310000,1,1087.20469000,1.1630
1625138175910000,1,1087.20469000,1.1630
1625138177911000,1,1087.20469000,1.1630
1625138179911000,1,1087.20469000,1.1630
1625138181908000,1,1087.20469000,1.1630
1625138183908000,1,1087.20469000,1.1630
1625138243081000,1,1087.24015000,1.1630
1625138244909000,1,1077.81981000,1.1630
1625147654162000,0,767.14486000,1.1643
1625148873056000,0,767.14485000,1.1629
1625148885758000,0,289.55800000,1.1629
1625148903981000,1,188.03806000,1.1629
1625149927453000,0,289.55800000,1.1627
1625150295237000,1,1087.93015000,1.1618
1625150295265000,1,1088.00117000,1.1617
1625150295339000,1,1087.93015000,1.1618
1625150295339000,1,724.93175000,1.1614
1625150295353000,1,362.96683000,1.1614
1625150295355000,1,1700.59068000,1.1610
1625150295438000,1,112.27122000,1.1610
1625150295438000,1,1091.51878000,1.1605
1625150295489000,1,100.64995000,1.1605
1625150295491000,0,112.12005000,1.1610
1625150295534000,1,117.79000000,1.1610
1625150320606000,1,876.88004000,1.1616
1625150320641000,1,211.14480000,1.1616
1625150320641000,1,1088.02484000,1.1616
1625150320641000,1,257.51087000,1.1614
1625150326565000,1,323.56712000,1.1618
1625150480931000,0,767.14485000,1.1622
1625150485264000,0,289.55800000,1.1622
1625150506741000,0,31.79177000,1.1622
1625150506741000,0,257.76623000,1.1623
1625150510541000,0,289.55800000,1.1622
1625150525857000,0,289.55800000,1.1622
1625150536846000,0,289.55800000,1.1622
1625150564110000,0,219.82062000,1.1622
1625150564110000,0,69.73738000,1.1623
1625150565582000,0,289.55800000,1.1622
1625150567752000,0,760.88041000,1.1623
1625150570070000,0,117.88526000,1.1623
1625150570070000,0,0.00002000,1.1623
1625150570070000,0,649.25957000,1.1623
1625150577293000,0,439.12445000,1.1623
1625150577394000,0,0.00002000,1.1623
1625150577394000,0,289.55798000,1.1627
1625150578493000,0,767.14485000,1.1623
1625150589079000,0,767.20613000,1.1625
1625150598102000,0,320.74767000,1.1625
1625150598168000,0,0.00002000,1.1625
1625150598168000,0,446.40716000,1.1627
1625150600366000,0,767.14485000,1.1625
1625150609249000,0,320.80896000,1.1625
1625150609309000,0,0.00001000,1.1625
1625150609309000,0,352.28859000,1.1627
1625150611009000,0,767.14486000,1.1625
1625150617602000,0,320.80894000,1.1625
1625150617728000,0,0.00002000,1.1625
1625150617728000,0,0.00003000,1.1627
1625150617728000,0,446.34586000,1.1627
1625150619861000,0,767.14485000,1.1625
1625150627706000,0,320.80896000,1.1625
1625150627721000,0,0.00001000,1.1625
1625150627721000,0,446.34589000,1.1627
1625150629913000,0,767.14486000,1.1625
1625150641178000,0,289.55400000,1.1625
1625150641206000,0,31.25496000,1.1625
1625150641206000,0,164.30703000,1.1627
1625150643123000,0,579.11200000,1.1625
1625150649631000,0,508.84181000,1.1625
1625150653415000,0,0.00001000,1.1625
1625150653415000,0,579.11199000,1.1625
1625150659670000,0,508.84181000,1.1625
1625150671735000,0,0.00002000,1.1625
1625150671735000,0,258.30823000,1.1625
1625150803753000,1,181.38285000,1.1621
1625151803966000,0,767.14485000,1.1618
1625151804204000,0,289.55800000,1.1618
1625151808324000,0,31.79177000,1.1618
1625151808324000,0,735.35308000,1.1620
1625151808720000,0,767.14485000,1.1618
1625151833115000,0,289.55800000,1.1618
1625152006717000,0,352.75857000,1.1620
1625152010132000,0,0.00001000,1.1620
1625152010132000,0,188.03805000,1.1620
1625152013172000,0,188.03806000,1.1620
1625152017764000,0,188.03806000,1.1620
1625152022835000,0,188.03806000,1.1620
1625152096327000,0,188.03806000,1.1620
1625154309089000,1,181.53958000,1.1630
1625154312117000,0,248.54293000,1.1630
1625154315166000,0,248.54293000,1.1630
1625154318528000,0,248.54293000,1.1630
1625154339760000,0,248.54293000,1.1630
1625154349317000,0,248.54293000,1.1628
1625154927152000,0,518.60796000,1.1628
1625154929723000,0,229.05997000,1.1628
1625155007277000,1,181.46711000,1.1623
1625155372622000,0,41.36085000,1.1627
1625155393532000,0,289.55800000,1.1627
1625155396515000,0,289.55800000,1.1627
1625155399954000,0,289.55800000,1.1627
1625155403013000,0,178.93783000,1.1627
1625155403034000,0,0.00002000,1.1627
1625155403034000,0,110.63015000,1.1628
1625155406309000,0,289.55800000,1.1627
1625155410715000,0,289.55800000,1.1627
1625155416087000,0,289.55800000,1.1627
1625155429803000,0,188.03806000,1.1627
1625155470746000,0,32.26064000,1.1627
1625155470746000,0,0.65072000,1.1628
1625155978161000,1,72.61000000,1.1611
1625156200970000,0,188.03806000,1.1615
1625159034500000,1,181.66886000,1.1614
1625159037533000,0,289.55800000,1.1613
1625159450263000,1,181.66888000,1.1608
1625159570452000,1,181.66888000,1.1608
1625159690540000,1,181.66888000,1.1607
1625159753893000,1,181.66887000,1.1614
1625159930720000,1,181.66888000,1.1607
1625160050842000,1,181.68604000,1.1607
1625160170886000,1,181.68604000,1.1607
1625160290956000,1,181.60158000,1.1607
1625160411035000,1,181.63060000,1.1607
1625160651271000,1,181.68604000,1.1605
1625160771276000,1,181.68604000,1.1605
1625160782811000,1,900.74000000,1.1605
1625161131492000,1,181.68604000,1.1605
1625161251571000,1,181.68604000,1.1607
1625161371683000,1,181.68604000,1.1607
1625161491736000,1,181.68604000,1.1607
1625161731992000,1,181.68604000,1.1606
1625161852126000,1,181.68604000,1.1606
1625161972221000,1,181.68604000,1.1606
1625162092256000,1,181.68604000,1.1606
1625162212300000,1,181.68604000,1.1606
1625162321572000,0,289.55800000,1.1615
1625162355102000,1,181.42075000,1.1606
1625162355232000,0,898.58925000,1.1606
1625162449557000,0,477.59346000,1.1615
1625163172897000,0,397.42598000,1.1617
1625163396141000,1,181.68602000,1.1615
1625163653108000,1,181.78909000,1.1609
1625163773157000,1,181.78909000,1.1608
1625164013233000,1,181.79438000,1.1608
1625164133324000,1,181.79437000,1.1608
1625164253429000,1,181.79437000,1.1608
1625164373465000,1,181.79437000,1.1608
1625164613560000,1,181.41119000,1.1608
1625164733520000,1,0.00001000,1.1608
1625164733520000,1,181.79436000,1.1608
1625164973654000,1,181.79437000,1.1608
1625165093765000,1,181.79437000,1.1608
1625165932113000,0,289.55800000,1.1613
1625166422202000,0,289.55800000,1.1612
1625166905140000,0,289.55800000,1.1612
1625169022761000,0,767.14485000,1.1617
1625169026114000,0,289.55800000,1.1617
1625169029158000,0,33.86123000,1.1617
1625169029158000,0,154.17683000,1.1618
1625172381589000,0,767.14485000,1.1617
1625172558166000,0,289.55800000,1.1617
1625173591793000,1,181.69208000,1.1617
1625173594712000,0,289.55800000,1.1617
1625175781975000,0,579.11200000,1.1618
1625175782571000,0,289.55800000,1.1618
1625175784924000,0,188.03806000,1.1618
1625175795715000,0,33.08350000,1.1618
1625175795715000,0,256.47450000,1.1618
1625175838603000,0,49.88066000,1.1618
