timestamp ms,type,amount,price
1623473504011000,1,1064.10123000,1.1663
1623473504104000,1,1062.49999000,1.1662
1623473504105000,1,1.58414000,1.1662
1623473504118000,0,104.62463000,1.1661
1623473795059000,1,107.40350000,1.1659
1623474424557000,0,177.37426000,1.1669
1623474544676000,0,177.37279000,1.1669
1623474785020000,0,177.48006000,1.1669
1623474905068000,0,177.48300000,1.1669
1623475025214000,0,177.48300000,1.1669
1623475145293000,0,176.88948000,1.1669
1623475265363000,0,177.46389000,1.1669
1623485655342000,1,977.60971000,1.1661
1623491399144000,1,1031.27999000,1.1654
1623491399348000,1,571.78734000,1.1654
1623491399348000,1,33.61628000,1.1654
1623491399348000,1,459.75465000,1.1652
1623491399351000,1,605.40362000,1.1652
1623491399351000,1,1065.19273000,1.1650
1623491399351000,1,449.56265000,1.1648
1623491399690000,1,1064.89627000,1.1654
1623491399897000,0,0.29646000,1.1650
1623491471892000,1,177.08599000,1.1653
1623491951398000,0,177.23342000,1.1659
1623491951782000,1,177.23341000,1.1653
1623492071912000,1,177.86442000,1.1653
1623492191958000,1,177.46666000,1.1653
1623492311662000,0,177.79092000,1.1659
1623492311984000,1,177.79091000,1.1653
1623492431954000,1,177.46665000,1.1653
1623492551980000,0,176.34295000,1.1661
1623492552605000,1,0.29496000,1.1653
1623492552605000,1,176.04798000,1.1653
1623494464761000,0,865.60178000,1.1657
1623494464761000,0,250.61822000,1.1657
1623499016693000,1,662.46748000,1.1664
1623499336008000,1,402.01770000,1.1664
1623499336846000,1,70.97000000,1.1666
1623499337573000,1,70.97000000,1.1666
1623499339803000,1,520.72817000,1.1666
1623499945714000,1,401.85853000,1.1666
1623500012746000,1,401.88346000,1.1664
1623500239715000,0,107.09660000,1.1670
1623500239715000,0,214.19321000,1.1670
1623501418634000,1,1064.55646000,1.1667
1623501418756000,1,0.04081000,1.1667
1623501418756000,1,1026.66272000,1.1666
1623502633647000,1,1064.57370000,1.1666
1623512168983000,1,721.06281000,1.1673
1623512169295000,1,282.88369000,1.1673
1623512267199000,1,57.43000000,1.1673
1623512267973000,1,3.01828000,1.1673
1623512269397000,0,22.98172000,1.1673
1623512269882000,1,600.30076000,1.1671
1623512270014000,1,130.79292000,1.1671
1623512270197000,1,70.92000000,1.1671
1623513730574000,1,871.47015000,1.1675
1623515126867000,1,177.21999000,1.1674
1623532050662000,1,177.27479000,1.1667
