timestamp ms,type,amount,price
1623208751830000,1,1071.98654000,1.0004
1623208922867000,0,1247.56408000,1.0018
1623208922867000,0,2498.49569000,1.0019
1623208922986000,1,999.44008000,1.0020
1623208948784000,0,2498.15759000,1.0020
1623216729307000,0,150.00000000,1.0016
1623216806639000,0,920.39955000,1.0016
1623216853941000,0,2497.75687000,1.0022
1623216854239000,1,2.24313000,1.0022
1623216931102000,0,2478.00000000,1.0022
1623217715738000,0,19.79336000,1.0022
1623217715738000,0,50.26759000,1.0023
1623222250112000,1,1000.00000000,1.0020
1623225207789000,0,250.00000000,1.0023
1623245070730000,1,998.97771000,1.0018
1623245070777000,1,2497.44430000,1.0018
1623245360616000,1,998.95950000,1.0018
1623245360663000,1,2497.39876000,1.0018
1623245361203000,1,998.95950000,1.0018
1623245361744000,1,2497.39876000,1.0018
1623245361789000,1,998.98082000,1.0018
1623245362390000,1,998.98082000,1.0018
1623245362989000,1,998.98129000,1.0018
1623245364407000,1,998.95748000,1.0018
1623245364940000,1,998.99440000,1.0018
1623245365511000,1,998.96303000,1.0018
1623245365743000,1,2497.39371000,1.0018
1623245366024000,1,999.03074000,1.0018
1623245366588000,1,999.03074000,1.0018
1623245367217000,1,998.96921000,1.0018
1623245367756000,1,2497.39371000,1.0018
1623245367822000,1,998.96921000,1.0018
1623245368422000,1,998.96532000,1.0018
1623245369014000,1,998.97107000,1.0018
1623245369621000,1,998.97107000,1.0018
1623245369743000,1,2497.39371000,1.0018
1623245370222000,1,998.97309000,1.0018
1623245370816000,1,998.97309000,1.0018
1623245371418000,1,998.97314000,1.0018
1623245371739000,1,2497.39371000,1.0018
1623245372000000,1,958.91007000,1.0018
1623245380132000,1,2497.45627000,1.0018
1623245380158000,1,998.98250000,1.0018
1623245380575000,1,998.98250000,1.0018
1623245387068000,1,998.99775000,1.0018
1623245387107000,1,2497.49440000,1.0018
1623245387739000,1,998.99705000,1.0018
1623245388285000,1,998.99705000,1.0018
1623245388747000,1,2497.49264000,1.0018
1623245388887000,1,998.99018000,1.0018
1623245389476000,1,998.99018000,1.0018
1623245390767000,1,998.98754000,1.0018
1623245391341000,1,998.98754000,1.0018
1623245391936000,1,998.98588000,1.0018
1623245392518000,1,998.98588000,1.0018
1623245392743000,1,2497.46888000,1.0018
1623245404874000,1,998.98329000,1.0018
1623245404909000,1,2497.45825000,1.0018
1623245410352000,1,998.98946000,1.0018
1623245410415000,1,2497.47366000,1.0018
1623245410853000,1,998.98946000,1.0018
1623245416351000,1,999.00002000,1.0018
1623245416435000,1,2497.50007000,1.0018
1623245416910000,1,999.00002000,1.0018
1623245417510000,1,638.02298000,1.0018
1623245623598000,1,999.02719000,1.0017
1623245623634000,1,2497.56800000,1.0017
1623245624103000,1,999.02719000,1.0017
1623245624712000,1,999.03094000,1.0017
1623245624739000,1,2497.56800000,1.0017
1623245625303000,1,999.03094000,1.0017
1623245625908000,1,999.02589000,1.0017
1623245626506000,1,999.02589000,1.0017
1623245626751000,1,2497.56800000,1.0017
1623245627037000,1,999.02735000,1.0017
1623245627624000,1,999.02810000,1.0017
1623245628235000,1,999.02810000,1.0017
1623245628750000,1,2497.56800000,1.0017
1623245628793000,1,999.05202000,1.0017
1623245629859000,1,999.03283000,1.0017
1623245629861000,1,2497.58210000,1.0017
1623245630490000,1,999.03283000,1.0017
1623245631048000,1,999.04735000,1.0017
1623245631544000,1,999.04735000,1.0017
1623245631764000,1,2497.58210000,1.0017
1623245632150000,1,999.05314000,1.0017
1623245632745000,1,999.05314000,1.0017
1623245633312000,1,999.04576000,1.0017
1623245633747000,1,2497.58210000,1.0017
1623245633860000,1,999.07907000,1.0017
1623245634438000,1,999.07907000,1.0017
1623245635068000,1,999.09576000,1.0017
1623245635562000,1,999.09540000,1.0017
1623245635746000,1,2497.58210000,1.0017
1623245636118000,1,999.09540000,1.0017
1623245636697000,1,999.10146000,1.0017
1623245637313000,1,999.10146000,1.0017
1623245637744000,1,2497.58210000,1.0017
1623245637826000,1,999.10084000,1.0017
1623245638369000,1,999.10084000,1.0017
1623245638968000,1,999.09467000,1.0017
1623245639509000,1,999.09467000,1.0017
1623245639744000,1,2497.58210000,1.0017
1623245640013000,1,999.08223000,1.0017
1623245640558000,1,999.07909000,1.0017
1623245641068000,1,999.07909000,1.0017
1623245641583000,1,999.08528000,1.0017
1623245641740000,1,2497.58210000,1.0017
1623245642124000,1,999.08528000,1.0017
1623245642717000,1,999.08117000,1.0017
1623245643318000,1,999.08117000,1.0017
1623245643754000,1,2497.58210000,1.0017
1623245643914000,1,999.09314000,1.0017
1623245644505000,1,999.09314000,1.0017
1623245645163000,1,999.08447000,1.0017
1623245645719000,1,999.07825000,1.0017
1623245645745000,1,2497.58210000,1.0017
1623245646312000,1,999.04561000,1.0017
1623245646846000,1,999.07646000,1.0017
1623245647427000,1,999.07646000,1.0017
1623245647746000,1,2497.58210000,1.0017
1623245647981000,1,999.08504000,1.0017
1623245648482000,1,999.08504000,1.0017
1623245649090000,1,999.07728000,1.0017
1623245649689000,1,999.07259000,1.0017
1623245649756000,1,2497.58210000,1.0017
1623245650254000,1,999.07259000,1.0017
1623245650914000,1,999.04724000,1.0017
1623245651500000,1,999.04724000,1.0017
1623245651741000,1,2497.58210000,1.0017
1623245652098000,1,999.04769000,1.0017
1623245652705000,1,999.06113000,1.0017
1623245653311000,1,999.06113000,1.0017
1623245653748000,1,2497.58210000,1.0017
1623245653900000,1,999.06435000,1.0017
1623245654497000,1,999.06435000,1.0017
1623245655098000,1,999.07008000,1.0017
1623245655699000,1,999.07011000,1.0017
1623245655741000,1,2497.58210000,1.0017
1623245822798000,1,999.04101000,1.0017
1623245822855000,1,2497.60253000,1.0017
1623245823432000,1,999.04101000,1.0017
1623245823972000,1,999.05053000,1.0017
1623245824473000,1,999.05053000,1.0017
1623245824743000,1,2497.60253000,1.0017
1623245824995000,1,999.03678000,1.0017
1623245825511000,1,999.03678000,1.0017
1623245833795000,1,999.03976000,1.0017
1623245833837000,1,2497.59942000,1.0017
1623245834321000,1,999.03976000,1.0017
1623245842807000,1,999.03626000,1.0017
1623245842848000,1,2497.59066000,1.0017
1623245843389000,1,999.03626000,1.0017
1623245843989000,1,999.05178000,1.0017
1623245844512000,1,999.05178000,1.0017
1623245844749000,1,2497.59066000,1.0017
1623245845034000,1,999.04888000,1.0017
1623245845585000,1,999.04888000,1.0017
1623245846128000,1,999.04925000,1.0017
1623245846718000,1,999.04925000,1.0017
1623245846742000,1,2497.59066000,1.0017
1623245847321000,1,999.04336000,1.0017
1623245847822000,1,999.03985000,1.0017
1623245848375000,1,999.03985000,1.0017
1623245848741000,1,2497.59066000,1.0017
1623245928832000,1,999.06439000,1.0017
1623245928869000,1,2497.66098000,1.0017
1623245929360000,1,999.06439000,1.0017
1623245929959000,1,999.03879000,1.0017
1623245930509000,1,999.03879000,1.0017
1623245930744000,1,2497.66098000,1.0017
1623245931018000,1,999.07150000,1.0017
1623245931615000,1,431.10480000,1.0017
1623246475014000,1,434.45576000,1.0017
1623246475014000,1,564.65511000,1.0017
1623246475041000,1,2497.77720000,1.0017
1623246475643000,1,999.11087000,1.0017
1623246477014000,1,999.11115000,1.0017
1623246477015000,1,2497.77789000,1.0017
1623247119986000,1,999.10897000,1.0017
1623247120031000,1,2497.77244000,1.0017
1623247120510000,1,999.10897000,1.0017
1623248158821000,1,999.10151000,1.0017
1623248159337000,1,999.10151000,1.0017
1623248159742000,1,2497.75379000,1.0017
1623248159843000,1,999.11759000,1.0017
1623248160386000,1,999.11759000,1.0017
1623248161855000,1,999.10624000,1.0017
1623248162486000,1,999.10624000,1.0017
1623248162748000,1,2497.76562000,1.0017
1623248162862000,1,2497.76562000,1.0017
1623248163081000,1,999.10907000,1.0017
1623248163693000,1,999.10907000,1.0017
1623248164842000,1,999.10211000,1.0017
1623248165379000,1,999.10211000,1.0017
1623248165965000,1,999.10401000,1.0017
1623248166516000,1,999.10401000,1.0017
1623248166743000,1,2497.75529000,1.0017
1623248167013000,1,999.10499000,1.0017
1623248167617000,1,999.10499000,1.0017
1623248168212000,1,999.11118000,1.0017
1623248168752000,1,2497.75529000,1.0017
1623248168840000,1,999.11118000,1.0017
1623248169441000,1,999.11093000,1.0017
1623248170846000,1,999.10776000,1.0017
1623248171388000,1,999.10776000,1.0017
1623248171783000,1,2497.76942000,1.0017
1623248171897000,1,999.11276000,1.0017
1623248172444000,1,999.11276000,1.0017
1623248173036000,1,999.10438000,1.0017
1623248173637000,1,999.10438000,1.0017
1623248173742000,1,2497.76942000,1.0017
1623248174158000,1,999.11127000,1.0017
1623248174693000,1,999.11127000,1.0017
1623248175278000,1,999.11606000,1.0017
1623248175741000,1,2497.76942000,1.0017
1623248175786000,1,999.11606000,1.0017
1623248176391000,1,999.11804000,1.0017
1623248176998000,1,999.11968000,1.0017
1623248177507000,1,999.11968000,1.0017
1623248177741000,1,2497.76942000,1.0017
1623248178037000,1,999.11680000,1.0017
1623248178639000,1,999.11680000,1.0017
1623248179238000,1,999.11856000,1.0017
1623248179742000,1,2497.76942000,1.0017
1623248179789000,1,999.11856000,1.0017
1623248180441000,1,999.12881000,1.0017
1623248181041000,1,999.12661000,1.0017
1623248181635000,1,999.12661000,1.0017
1623248181741000,1,2497.76942000,1.0017
1623248182236000,1,999.11875000,1.0017
1623248182839000,1,999.11875000,1.0017
1623248183439000,1,999.12254000,1.0017
1623248183753000,1,2497.76942000,1.0017
1623248183988000,1,999.12524000,1.0017
1623248184513000,1,999.12524000,1.0017
1623248185094000,1,999.12199000,1.0017
1623248185685000,1,999.12199000,1.0017
1623248185740000,1,2497.76942000,1.0017
1623248186294000,1,999.12471000,1.0017
1623248186846000,1,999.12610000,1.0017
1623248187486000,1,999.12610000,1.0017
1623248187741000,1,2497.76942000,1.0017
1623248187989000,1,999.13182000,1.0017
1623248188505000,1,999.13182000,1.0017
1623248189027000,1,999.13627000,1.0017
1623248189623000,1,999.13627000,1.0017
1623248189744000,1,2497.76942000,1.0017
1623248190219000,1,999.14197000,1.0017
1623248190820000,1,999.14197000,1.0017
1623248191420000,1,999.13683000,1.0017
1623248191743000,1,2497.76942000,1.0017
1623248194883000,1,999.12153000,1.0017
1623248194918000,1,2497.80384000,1.0017
1623248195420000,1,999.15165000,1.0017
1623248195971000,1,999.15165000,1.0017
1623248196508000,1,999.14521000,1.0017
1623248196740000,1,2497.80384000,1.0017
1623248197040000,1,999.14521000,1.0017
1623248197624000,1,999.14594000,1.0017
1623248198225000,1,999.14594000,1.0017
1623248198742000,1,2497.80384000,1.0017
1623248198827000,1,999.14749000,1.0017
1623248199338000,1,999.14749000,1.0017
1623248199938000,1,999.15697000,1.0017
1623248200506000,1,999.16082000,1.0017
1623248200753000,1,2497.80384000,1.0017
1623248201137000,1,999.16082000,1.0017
1623248201740000,1,999.15904000,1.0017
1623248202334000,1,999.15904000,1.0017
1623248202749000,1,2497.80384000,1.0017
1623248202938000,1,999.15693000,1.0017
1623248203474000,1,999.15996000,1.0017
1623248203991000,1,999.15996000,1.0017
1623248204506000,1,105.65989000,1.0017
1623248366876000,1,999.32444000,1.0015
1623248366918000,1,1500.67556000,1.0015
1623250383999000,0,997.63557000,1.0015
1623250385683000,0,1083.64726000,1.0019
1623250412085000,1,300.26759000,1.0015
1623250418383000,1,1004.26993000,1.0007
1623250419929000,1,244.81814000,1.0007
1623250751709000,0,996.06185000,1.0015
1623250947967000,1,319.88460000,1.0002
1623250947967000,1,1249.78741000,1.0002
1623252519706000,1,999.53414000,1.0015
1623252519771000,1,2498.83537000,1.0015
1623252526764000,1,999.50403000,1.0015
1623252527295000,1,999.61238000,1.0015
1623252527868000,1,999.56850000,1.0015
1623252528136000,1,2499.50516000,1.0015
1623252528729000,1,999.51039000,1.0015
1623253780455000,0,1247.90006000,1.0017
1623253780455000,0,1247.89691000,1.0017
1623253780455000,0,2498.28073000,1.0017
1623253780660000,1,2498.28073000,1.0017
1623253782370000,1,999.30364000,1.0017
1623253782926000,1,999.30364000,1.0017
1623253799844000,1,999.30510000,1.0017
1623253799879000,1,2498.26277000,1.0017
1623253800460000,1,999.33684000,1.0017
1623253801065000,1,999.35200000,1.0017
1623253801680000,1,999.35200000,1.0017
1623253801744000,1,2498.26277000,1.0017
1623253802266000,1,999.34939000,1.0017
1623253802864000,1,999.34939000,1.0017
1623253803469000,1,999.31512000,1.0017
1623253803801000,1,2498.26277000,1.0017
1623253804059000,1,999.31512000,1.0017
1623253804541000,1,999.31734000,1.0017
1623253805109000,1,999.34820000,1.0017
1623253805707000,1,999.37857000,1.0017
1623253805741000,1,2498.26277000,1.0017
1623253806270000,1,999.39207000,1.0017
1623253806918000,1,999.39207000,1.0017
1623253807508000,1,999.32366000,1.0017
1623253807744000,1,2498.26277000,1.0017
1623253808116000,1,999.32366000,1.0017
1623253808711000,1,999.32913000,1.0017
1623253809325000,1,999.33634000,1.0017
1623253809755000,1,2498.26277000,1.0017
1623253809913000,1,999.33634000,1.0017
1623253810510000,1,999.32393000,1.0017
1623253811052000,1,999.32393000,1.0017
1623253811636000,1,999.32106000,1.0017
1623253811746000,1,2498.26277000,1.0017
1623253812248000,1,999.34303000,1.0017
1623253812799000,1,999.34303000,1.0017
1623253813431000,1,999.34546000,1.0017
1623253813742000,1,2498.26277000,1.0017
1623253813981000,1,999.34546000,1.0017
1623253814510000,1,999.34371000,1.0017
1623253815081000,1,999.34371000,1.0017
1623253815694000,1,999.35294000,1.0017
1623253815758000,1,521.74692000,1.0017
1623260741995000,0,120.80764000,1.0022
1623260894485000,1,1443.00000000,1.0011
1623261266726000,0,1443.00000000,1.0022
1623261270817000,0,1053.81595000,1.0022
1623261270991000,1,389.18405000,1.0022
1623261470807000,0,1250.00000000,1.0024
1623261704404000,1,5000.00000000,1.0018
1623265935808000,1,999.45502000,1.0015
1623265935853000,1,250.54498000,1.0015
1623266108580000,0,2248.09259000,1.0015
1623266108580000,0,2496.01796000,1.0025
1623266108580000,0,1250.00000000,1.0025
1623266108580000,0,4582.95613000,1.0029
1623266110385000,1,999.47321000,1.0016
1623266110938000,1,250.52679000,1.0016
1623266562008000,0,621.10268000,1.0023
1623268429323000,1,4600.00000000,1.0013
1623270840456000,1,1320.00000000,1.0017
1623271220080000,0,67.50507000,1.0023
1623272965787000,0,79.09014000,1.0023
1623274303749000,0,30.44252000,1.0025
1623279088849000,1,999.25066000,1.0017
1623279088872000,1,2498.12666000,1.0017
1623279089473000,1,999.25066000,1.0017
1623279090357000,1,999.29051000,1.0017
1623279090375000,1,2498.22629000,1.0017
1623279090850000,1,999.32387000,1.0017
1623279091417000,1,999.32387000,1.0017
1623279092016000,1,999.30521000,1.0017
1623279092096000,1,2498.22629000,1.0017
1623279092616000,1,999.30521000,1.0017
1623279093229000,1,999.28560000,1.0017
1623279099854000,1,999.25860000,1.0017
1623279099878000,1,2498.14653000,1.0017
1623279100412000,1,999.25860000,1.0017
1623279102449000,1,999.28476000,1.0017
1623279102955000,1,999.29954000,1.0017
1623279103552000,1,999.29954000,1.0017
1623279104101000,1,2498.21191000,1.0017
1623279104154000,1,999.29593000,1.0017
1623279104697000,1,999.29593000,1.0017
1623279105201000,1,999.29136000,1.0017
1623279105805000,1,999.29136000,1.0017
1623279106096000,1,2498.21191000,1.0017
1623279106446000,1,999.29873000,1.0017
1623279107053000,1,999.29046000,1.0017
1623279107651000,1,999.29046000,1.0017
1623279108098000,1,2498.21191000,1.0017
1623279108185000,1,999.28680000,1.0017
1623279108707000,1,999.28680000,1.0017
1623279109307000,1,999.29554000,1.0017
1623279109829000,1,999.29704000,1.0017
1623279110096000,1,2498.21191000,1.0017
1623279110349000,1,999.29704000,1.0017
1623279110955000,1,999.29223000,1.0017
1623279111553000,1,999.29223000,1.0017
1623279112104000,1,2498.21191000,1.0017
