timestamp ms,type,amount,price
1624410458931000,1,1049.26551000,1.0007
1624440168019000,0,1500.00000000,1.0004
1624440175145000,1,412.00000000,1.0004
1624440175145000,1,996.20303000,1.0004
1624440175145000,1,40.65780000,1.0003
1624440175145000,1,51.13917000,1.0001
1624450407853000,0,30.78420000,1.0020
1624451077791000,0,20.35497000,1.0020
1624451077791000,0,572.24016000,1.0022
1624453599281000,1,1006.89368000,1.0016
1624454062840000,1,19021.15946000,1.0017
1624454268414000,1,2498.19676000,1.0017
1624454277091000,1,2498.15627000,1.0017
1624454281337000,1,2498.18368000,1.0017
1624454282559000,1,2498.18511000,1.0017
1624454384869000,1,2498.16133000,1.0017
1624454386153000,1,2498.17012000,1.0017
1624454391923000,1,2498.17828000,1.0017
1624454394937000,1,2498.20212000,1.0017
1624454405272000,1,2498.23727000,1.0017
1624454738559000,1,2498.18658000,1.0017
1624454740220000,1,2498.18658000,1.0017
1624455035094000,1,2498.19045000,1.0017
1624455248457000,1,2498.28945000,1.0017
1624455250099000,1,4997.09973000,1.0017
1624455250145000,1,2498.28945000,1.0017
1624455250617000,1,4996.91989000,1.0017
1624455252220000,1,2498.28945000,1.0017
1624455252226000,1,4996.93886000,1.0017
1624455252801000,1,4996.93886000,1.0017
1624455253395000,1,4996.94230000,1.0017
1624455254057000,1,4996.94230000,1.0017
1624455254212000,1,2498.28945000,1.0017
1624455254614000,1,4996.94851000,1.0017
1624455255247000,1,4996.95154000,1.0017
1624455255777000,1,4996.95154000,1.0017
1624455256209000,1,2498.28945000,1.0017
1624455256314000,1,4997.06499000,1.0017
1624455256879000,1,4997.06499000,1.0017
1624455257413000,1,4997.23666000,1.0017
1624455257988000,1,4997.23666000,1.0017
1624455258205000,1,2498.28945000,1.0017
1624455258613000,1,4997.18209000,1.0017
1624455259241000,1,4997.16502000,1.0017
1624455259860000,1,4997.16502000,1.0017
1624455260215000,1,2498.28945000,1.0017
1624455262206000,1,2498.28945000,1.0017
1624455264207000,1,2498.28945000,1.0017
1624455420592000,1,2498.11899000,1.0017
1624455421750000,1,2498.14104000,1.0017
1624455423207000,1,2498.11000000,1.0017
1624455425216000,1,2498.11000000,1.0017
1624455427071000,1,2498.11000000,1.0017
1624455428206000,1,2498.11000000,1.0017
1624455428889000,1,4996.77376000,1.0017
1624455429377000,1,4996.86713000,1.0017
1624455429631000,1,2498.11000000,1.0017
1624455429913000,1,4996.76446000,1.0017
1624455430449000,1,4996.72277000,1.0017
1624455431208000,1,1468.49259000,1.0017
1624455433223000,1,2498.53284000,1.0016
1624455435209000,1,2498.53284000,1.0016
1624455437210000,1,2498.53284000,1.0016
1624455447105000,1,2498.51027000,1.0016
1624455447182000,1,2498.51027000,1.0016
1624455449012000,1,2498.53129000,1.0016
1624455453380000,1,2498.50082000,1.0016
1624455456721000,1,2498.56196000,1.0016
1624455457399000,1,4997.49336000,1.0016
1624455458211000,1,2498.56196000,1.0016
1624455458224000,1,4997.65875000,1.0016
1624455458735000,1,4997.65875000,1.0016
1624455459571000,1,2498.54736000,1.0016
1624455461213000,1,2498.54736000,1.0016
1624455470317000,1,2498.58071000,1.0016
1624455472206000,1,2498.58071000,1.0016
1624455474206000,1,2498.60815000,1.0016
1624455477775000,1,2498.56742000,1.0016
1624455482261000,1,2498.53255000,1.0016
1624455491618000,1,2498.57512000,1.0016
1624455493207000,1,2498.57512000,1.0016
1624455527756000,0,474.42139000,1.0021
1624455540039000,1,2498.51848000,1.0016
1624455541210000,1,2498.51848000,1.0016
1624455541302000,1,2498.51848000,1.0016
1624455542738000,1,4997.65362000,1.0016
1624455542803000,1,2498.52183000,1.0016
1624455543242000,1,4997.57180000,1.0016
1624455544206000,1,298.96420000,1.0016
1624455956099000,1,2498.46126000,1.0016
1624456000683000,1,4997.44011000,1.0016
1624456000747000,1,2498.51481000,1.0016
1624456286506000,1,2497.57080000,1.0020
1624456288206000,1,2497.57080000,1.0020
1624456297525000,1,2497.49882000,1.0020
1624456306008000,1,2497.52386000,1.0020
1624456307212000,1,2497.52386000,1.0020
1624456311094000,1,2497.48990000,1.0020
1624456312223000,1,2497.48990000,1.0020
1624456314208000,1,2497.49994000,1.0020
1624456319090000,1,2497.50897000,1.0020
1624456320209000,1,2497.50897000,1.0020
1624456330994000,1,2497.53791000,1.0020
1624456332206000,1,2497.53791000,1.0020
1624456334207000,1,2497.53791000,1.0020
1624456337207000,1,1930.74336000,1.0020
1624456683242000,1,2498.46342000,1.0016
1624456690971000,1,2498.48133000,1.0016
1624456692210000,1,2498.47741000,1.0016
1624456825209000,1,2498.48791000,1.0016
1624456827212000,1,2498.48791000,1.0016
1624456829224000,1,2498.48791000,1.0016
1624456830994000,1,4997.38259000,1.0016
1624456831222000,1,2498.48791000,1.0016
1624456832504000,1,4997.34558000,1.0016
1624456833104000,1,4997.39746000,1.0016
1624456833214000,1,2498.48791000,1.0016
1624456833319000,1,2498.48791000,1.0016
1624456833617000,1,4997.39746000,1.0016
1624456834116000,1,4997.43694000,1.0016
1624456834748000,1,4997.43694000,1.0016
1624456835209000,1,2498.48791000,1.0016
1624456839207000,1,2498.49412000,1.0016
1624456841208000,1,2498.49412000,1.0016
1624456843212000,1,2498.49412000,1.0016
1624456845073000,1,4997.36654000,1.0016
1624456845206000,1,2498.49412000,1.0016
1624456845616000,1,4997.36654000,1.0016
1624456846236000,1,4997.40346000,1.0016
1624456846809000,1,4997.40346000,1.0016
1624456847212000,1,2498.49412000,1.0016
1624456849209000,1,2498.49412000,1.0016
1624456851214000,1,2498.49412000,1.0016
1624456854215000,1,2498.46617000,1.0016
1624456856211000,1,2498.46617000,1.0016
1624456858207000,1,2498.46617000,1.0016
1624456860218000,1,2498.46617000,1.0016
1624456862205000,1,2498.46617000,1.0016
1624456864212000,1,2498.46617000,1.0016
1624456866206000,1,2498.46617000,1.0016
1624456868207000,1,2498.46617000,1.0016
1624456870220000,1,2498.46617000,1.0016
1624456872207000,1,1705.26482000,1.0016
1624457548194000,0,657.05627000,1.0013
1624474858111000,1,1040.71726000,1.0000
1624477738804000,0,3995.15810000,1.0011
1624484285513000,0,824.87077000,1.0011
1624486525142000,0,837.79550000,1.0011
1624487086608000,0,836.28081000,1.0011
