timestamp ms,type,amount,price
1624853590141000,0,20.00000000,1.0028
1624862564739000,0,1412.03634000,1.0028
1624882890217000,1,2498.76820000,1.0017
1624882891652000,1,2498.76820000,1.0017
1624882903340000,1,2498.71990000,1.0017
1624882912902000,1,2498.76437000,1.0017
1624882928940000,1,2498.75595000,1.0017
1624882942333000,1,2498.72378000,1.0017
1624882944293000,1,2498.73209000,1.0017
1624882945646000,1,2498.73209000,1.0017
1624882947294000,1,2498.74930000,1.0017
1624882948644000,1,2498.74930000,1.0017
1624882950658000,1,2498.74930000,1.0017
1624882952672000,1,2498.74930000,1.0017
1624882962339000,1,2498.74137000,1.0017
1624882963665000,1,2498.74137000,1.0017
1624882969352000,1,2498.74528000,1.0017
1624882970648000,1,2498.74528000,1.0017
1624882972658000,1,2498.74528000,1.0017
1624882974646000,1,1264.50622000,1.0017
1624884173332000,1,49.78931000,1.0000
1624892696925000,1,2095.73253000,1.0001
1624893315256000,1,419.00000000,1.0001
1624893315256000,1,2221.78420000,1.0001
1624938265251000,0,2034.59244000,1.0026
1624944520375000,0,50.93428000,1.0026
1624962660609000,1,406.00000000,1.0000
1624962660609000,1,315.03468000,1.0000
1624962660609000,1,202062.65892000,1.0000
1624962660609000,1,103.63000000,1.0000
1624962660609000,1,2496.67640000,0.9999
1624962665241000,1,406.00000000,0.9999
1624962665241000,1,0.68660000,0.9999
1624962665241000,1,2497.31340000,0.9999
1624962669483000,1,406.00000000,0.9999
1624962669483000,1,0.04960000,0.9999
1624962669483000,1,2496.95040000,0.9999
1624962673393000,1,0.41260000,0.9999
1624962673393000,1,2496.58740000,0.9999
1624962677454000,1,0.77560000,0.9999
1624962677454000,1,2497.22440000,0.9999
1624962681607000,1,0.13860000,0.9999
1624965091751000,1,2498.17928000,0.9996
1624965091751000,1,406.00000000,0.9995
1624965091751000,1,1049.82072000,0.9995
1624965193103000,1,2498.00000000,0.9996
1624967420267000,1,2498.00000000,0.9994
1624968773727000,1,2498.33751000,0.9995
1624968773727000,1,0.66249000,0.9994
1624969089192000,1,2498.00000000,0.9993
1624969093044000,1,0.84802000,0.9993
1624969093044000,1,2498.15198000,0.9993
1624973590012000,1,2498.00000000,0.9995
1624979361779000,0,830.54377000,1.0005
1624983256218000,0,841.69526000,1.0006
1624989944889000,0,431.51651000,1.0004
