timestamp ms,type,amount,price
1624233880320000,1,9.68000000,112.0500
1624233931364000,1,0.00049312,112.0500
1624234127512000,1,9.71000000,111.6900
1624234127702000,1,0.00431494,111.6900
1624234137249000,1,0.00638713,111.6700
1624234143366000,1,9.72000000,111.5100
1624234239450000,1,9.71593468,111.6300
1624234265493000,1,0.00731550,111.5100
1624234441748000,1,9.72000000,111.5500
1624234442039000,1,0.00485025,111.5500
1624234685523000,1,9.73000000,111.4100
1624234688253000,1,0.00414633,111.4100
1624235955378000,1,1.14000000,111.4300
1624239449893000,1,9.77000000,110.9100
1624239477407000,1,0.00829619,110.9100
1624239477407000,1,9.78170381,110.8100
1624239529400000,1,0.00469865,110.8100
1624239529400000,1,9.78530135,110.7500
1624239551426000,1,0.00542870,110.7500
1624239797336000,1,9.82000000,110.3600
1624239994715000,1,9.82000000,110.4400
1624240017119000,1,9.61842747,110.5200
1624240017284000,1,0.19629444,110.5200
1624240082495000,1,9.81000000,110.5200
1624240178498000,1,9.81000000,110.5400
1624240180503000,1,0.00172527,110.5400
1624241343999000,0,9.80000000,110.8600
1624242547855000,1,9.86000000,110.0000
1624242547993000,1,0.00696945,110.0000
1624242882646000,1,9.90000000,109.5600
1624243291653000,1,9.91000000,109.4600
1624243292142000,1,1.00000000,109.3600
1624243419507000,1,4.36000000,109.1100
1624243419676000,1,1.00000000,109.1200
1624243617385000,1,9.94000000,109.0800
1624244919081000,0,2.20689302,109.2700
1624244979620000,0,16.30000000,109.4200
1624248277965000,1,1.37057962,107.8400
1624248629406000,0,14.52000000,107.2600
1624248651973000,1,2.70000000,107.3100
1624248653682000,1,0.00055734,107.3100
1624248894564000,1,32.16000000,106.7000
1624249040032000,1,1.36303311,106.5700
1624249160562000,0,34.56000000,106.7000
1624249271142000,1,32.91798430,106.2300
1624249271184000,1,0.67179560,106.2300
1624250105426000,0,1.55000000,106.4100
1624250341476000,0,1.63000000,105.6100
1624250341834000,0,0.20536634,105.6100
1624250546575000,0,1.83503134,105.4700
1624250546575000,0,4.58757835,105.4700
1624250711074000,0,33.69000000,106.3500
1624250722087000,1,2.99000000,106.3000
1624250722091000,1,4.79000000,106.3000
1624250763572000,1,1.81000000,106.3400
1624250763639000,1,0.00867282,106.3400
1624250828556000,1,20.71000000,106.1900
1624251449476000,1,10.18248343,106.6900
1624251449728000,1,2.49000000,106.7000
1624251571549000,0,22.85000000,106.9900
1624251941024000,1,2.07639801,107.4000
1624251941024000,1,3.11360199,107.3900
1624252206043000,0,10.13314476,107.4000
1624252279030000,1,1.93000000,107.0500
1624252351768000,0,6.35000000,106.5700
1624252382712000,1,33.95000000,106.2200
1624252382762000,1,0.00404943,106.2200
1624252530882000,1,1.79934756,106.3500
1624252530882000,1,4.49065244,106.3500
1624252530935000,1,0.00771645,106.3500
1624252597805000,1,1.73000000,105.8200
1624252597875000,1,0.00000381,105.8200
1624252632474000,0,4.02000000,106.1100
1624252669810000,0,23.14000000,105.9900
1624252775340000,1,1.79000000,106.3400
1624252776669000,1,0.00573537,106.3400
1624252866890000,1,26.99000000,105.9300
1624252958843000,0,33.81476725,106.2700
1624252997036000,1,7.26000000,106.1600
1624253011410000,1,33.03000000,105.9900
1624253158338000,0,17.00000000,106.2100
1624253332485000,1,10.22000000,106.2200
1624253390554000,0,33.35000000,106.3900
1624253583330000,1,3.83228753,106.5900
1624253583755000,1,1.86000000,106.4400
1624253583781000,1,0.00467383,106.4400
1624253584184000,1,1.86477880,106.4300
1624253584184000,1,4.66194701,106.4300
1624253769569000,0,10.19000000,106.6500
1624253770764000,0,0.00307618,106.6500
1624254561779000,0,10.14432958,107.3000
1624254561779000,0,5.46557000,107.3400
1624254561779000,0,34.30010042,107.3400
1624254561848000,0,0.00158015,107.3400
1624254612598000,1,12.29000000,107.2600
1624254612600000,1,20.33504483,107.2600
1624254873392000,0,0.18523689,107.4300
1624255502588000,0,4.47626755,107.4000
1624256071606000,0,10.07000000,107.9500
1624256337778000,1,32.09000000,107.6300
1624256591867000,0,5.22304638,107.2400
1624256827675000,0,34.45000000,107.1200
1624256839348000,1,32.33269734,106.8500
1624256839348000,1,0.82200537,106.8500
1624256839348000,1,10.14529729,106.8400
1624256928726000,1,0.02000000,104.5000
1624256935731000,1,0.83848556,104.0000
1624256936937000,1,0.00000001,104.0000
1624257326072000,1,2.23000000,102.5300
1624257327494000,1,8.34000000,102.5300
1624257329979000,1,0.00522900,102.5300
1624257423213000,0,17.40000000,101.6000
1624257446063000,1,10.64000000,101.7600
1624257467155000,1,1.93000000,101.9800
1624257619368000,1,3.29000000,102.6700
1624257639036000,1,27.84000000,102.5700
1624257781512000,1,17.30000000,102.0000
1624257781512000,1,5.98581164,101.9900
1624257781515000,1,4.65399289,101.9900
1624257781515000,1,3.30000000,101.7700
1624257781515000,1,0.00833269,101.7600
1624257781515000,1,15.32348606,101.6500
1624257890700000,1,1.00000000,100.0000
1624257890700000,1,2.10000000,100.0000
1624257900501000,1,0.00010000,100.0000
1624257900501000,1,10.86990000,99.6100
1624257912120000,1,0.00479706,99.6100
1624257974891000,1,4.54581553,100.7300
1624258064556000,0,9.55664975,100.5300
1624258150700000,0,1.00000000,101.2100
1624258176147000,0,2.37519778,101.1200
1624258357579000,0,17.40000000,102.5100
1624258396944000,0,17.60000000,101.9500
1624258443399000,1,31.93862079,102.0900
1624258499438000,1,32.64064975,101.9700
1624258824814000,0,34.62000000,101.4000
1624258827293000,1,17.60000000,101.3700
1624258939205000,0,1.00000000,101.7100
1624259153827000,0,32.38000000,102.2400
1624259229478000,1,32.62000000,102.1700
1624259418215000,1,33.67000000,101.5900
1624259565975000,0,33.14000000,101.2800
1624259585926000,0,1.00000000,101.4900
1624259631470000,0,1.96410610,101.3200
1624259645432000,1,33.16000000,101.1200
1624259692987000,1,10.70000000,101.3800
1624259801204000,0,34.18712646,101.5700
1624260035475000,1,34.54000000,100.9700
1624260430481000,0,34.24000000,100.7300
1624260482830000,1,34.69000000,100.3700
1624260733744000,0,8.54000000,100.5000
1624260790920000,0,32.44000000,100.4800
1624260831481000,1,2.61000000,100.4000
1624260831551000,1,0.00263038,100.4000
1624261180010000,1,0.56000000,100.7800
1624261508443000,0,7.68000000,100.0600
1624261555490000,1,5.85000000,99.8900
1624261555569000,1,0.00396000,99.8900
1624261753528000,1,13.97000000,100.3100
1624261840010000,0,17.60000000,100.7200
1624261842136000,0,33.28328897,100.8000
1624261955564000,1,2.65000000,101.3300
1624261988568000,1,33.36000000,101.2400
1624262513746000,1,34.79000000,100.5800
1624262645997000,0,5.53000000,100.7400
1624262647228000,0,1.28000000,100.7400
1624262648303000,0,3.92000000,100.7400
1624262648321000,0,23.32991344,100.7400
1624263438052000,1,2.82000000,101.5400
1624263440547000,1,0.54000000,101.5400
1624263503986000,1,9.01000000,101.4400
1624263503987000,1,11.11000000,101.4400
1624263503997000,1,9.68000000,101.4400
1624264536417000,1,10.81000000,100.1200
1624264536642000,1,0.00526798,100.1200
1624264675629000,0,1.86899461,100.3300
1624264676890000,0,20.13000000,100.3300
1624265184707000,0,32.21000000,100.9000
1624265342332000,1,28.67000000,100.9300
1624265399030000,1,34.85000000,100.8400
1624265533319000,1,10.71000000,101.1200
1624265631865000,0,2.25287300,100.7500
1624265631970000,0,30.69014633,100.7500
1624265894539000,0,33.15000000,100.8800
1624265984264000,1,32.00000000,100.3800
1624266001484000,1,10.79000000,100.3500
1624266836322000,0,4.15000000,100.1500
1624266836478000,0,0.00494610,100.1500
1624266872885000,0,32.56000000,101.3400
1624267012993000,0,10.71000000,101.2500
1624267126271000,1,32.29068653,100.6600
1624267126298000,1,0.65899360,100.6600
1624267148937000,1,2.47000000,100.4000
1624267275083000,0,2.87000000,99.4000
1624267275195000,0,32.66307384,99.4000
1624267382481000,1,10.79860541,98.0500
1624267442583000,0,34.44927045,98.7100
1624267460243000,1,1.18543004,98.1600
1624267524702000,1,34.33000000,97.7400
1624267571998000,0,33.68000000,98.3600
1624267580824000,1,1.91000000,98.3200
1624267712430000,1,33.96000000,98.5000
1624267732507000,0,33.50000000,99.2500
1624267817173000,1,32.17528339,98.9300
1624267873807000,0,16.24000000,99.7700
1624267873985000,0,17.60000000,99.7700
1624267961508000,1,35.01000000,99.9200
1624268018875000,1,34.79678010,100.0700
1624268051690000,0,18.05000000,100.1400
1624268120009000,0,3.35084483,100.2900
1624268389778000,1,1.12000000,99.6900
1624268459941000,1,1.24000000,99.6500
1624268460059000,1,0.00502735,99.6500
1624268605649000,0,4.31000000,100.0000
1624268671135000,0,9.21747861,100.6100
1624268792099000,0,5.37000000,100.6800
1624268792120000,0,0.00813588,100.6800
1624268836858000,1,2.05000000,100.1900
1624268852773000,1,1.98000000,100.1600
1624268857181000,1,0.00887706,100.1600
1624269058842000,0,2.55074581,100.3800
1624269058842000,0,6.06925419,100.3900
1624269154246000,0,0.64000000,100.6500
1624269181897000,0,2.15000000,100.7300
1624269366906000,1,10.79312174,100.1100
1624269366906000,1,2.18821703,100.0800
1624269366906000,1,5.47111671,100.0300
1624269366906000,1,5.32083566,99.9900
1624269457296000,1,2.20000000,100.0500
1624269599054000,1,8.40000000,100.0100
1624270081728000,1,13.57000000,99.5000
1624270081760000,1,0.36866620,99.5000
1624270081977000,1,21.18000000,99.5000
1624270196534000,0,8.47000000,99.2500
1624270197791000,0,18.52348927,99.2500
1624270301675000,0,5.43000000,99.7700
1624270480577000,0,1.77000000,98.9900
1624270480622000,0,0.00067624,98.9900
1624270488263000,0,1.47000000,99.0600
1624270625340000,0,33.42000000,99.1800
1624271300359000,0,0.74000000,97.9300
1624271301095000,0,0.00589496,97.9300
1624271627036000,0,11.20000000,96.6700
1624271627270000,0,0.00087244,96.6700
1624271653638000,0,0.90560597,96.8100
1624271653638000,0,1.08863441,96.8200
1624271653644000,0,0.00000001,96.8200
1624271654116000,0,2.83044948,96.8400
1624271654116000,0,0.53630165,96.8400
1624271658796000,0,0.90542555,96.9000
1624271659085000,0,0.90504802,96.9100
1624271663533000,0,0.90570926,96.9600
1624271663533000,0,0.90570926,96.9700
1624271663533000,0,1.10248405,96.9700
1624271663837000,0,0.90500862,96.9700
1624271663849000,0,0.00000001,96.9700
1624271664229000,0,0.74360606,96.9700
1624271690052000,1,32.29489575,96.5100
1624271690112000,1,0.65907951,96.5100
1624271721115000,0,0.48000000,96.1700
1624271721802000,0,0.00099568,96.1700
1624271729010000,1,27.98351185,96.2100
1624271739447000,0,1.00000000,96.4100
1624271938634000,0,0.73000000,97.0400
1624271938661000,0,0.00049621,97.0400
1624271996110000,0,5.98464000,97.3900
1624272210367000,0,1.11000000,97.1800
1624272210484000,0,0.00435052,97.1800
1624272210529000,0,32.81654336,97.1900
1624272271004000,0,35.38000000,97.1600
1624272365260000,0,11.09000000,97.4900
1624272517975000,1,33.45000000,96.9100
1624272518199000,1,0.00534357,96.9100
1624272518345000,1,15.00000000,96.7700
1624272648409000,1,1.94200000,96.6500
1624272649773000,1,0.00059653,96.6500
1624272712564000,1,1.83023166,96.4200
1624272712564000,1,4.57506690,96.4200
1624272731972000,0,1.94200000,96.3800
1624272856939000,0,36.34000000,96.2500
1624272864820000,0,3.27254911,96.3600
1624272864820000,0,1.30859274,96.3600
1624272864820000,0,1.22885815,96.3600
1624272864998000,0,11.23286123,96.3700
1624272864998000,0,35.09192739,96.4000
1624272908962000,1,33.09870240,96.3200
1624273157096000,1,0.36264764,95.0000
1624273157125000,1,1.00043056,95.0000
1624273157181000,1,3.42022596,95.0000
1624273157188000,1,0.21669584,95.0000
1624273157188000,1,1.00000000,95.0000
1624273184325000,1,4.02306380,94.5200
1624273184719000,1,0.00010589,94.5200
1624273214647000,0,3.43000000,94.4200
1624273316180000,0,6.04186999,95.8000
1624273316193000,0,0.00000001,95.8000
1624273339970000,1,1.13106989,95.6500
1624273341973000,1,1.13106989,95.6500
1624273343321000,1,1.13142134,95.6500
1624273344971000,1,1.13142134,95.6500
1624273346556000,1,1.13142134,95.6500
1624273347767000,1,1.13142134,95.6500
1624273349351000,0,5.79171223,95.8000
1624273361491000,1,9.04528588,95.6500
1624273480731000,0,34.66000000,95.0000
1624273480988000,0,4.14539317,95.0300
1624273480988000,0,5.68460683,95.0400
1624273480992000,0,0.00583833,95.0400
1624273663976000,1,0.25000000,93.8900
1624273673513000,0,2.30268204,94.0900
1624273676627000,0,2.29956448,94.2200
1624273676685000,0,0.00000001,94.2200
1624273680288000,0,1.14947631,94.3700
1624273680658000,0,1.95835255,94.4300
1624273681114000,0,1.14947631,94.3700
1624273681114000,0,6.67642890,94.4300
1624273757804000,0,2.99398999,94.9100
1624273757907000,0,3.49853031,94.9100
1624273758016000,0,3.81016477,94.9100
1624273805547000,0,1.74268138,94.4500
1624273817247000,1,34.77877328,94.3900
1624273891037000,0,3.43000000,94.5800
1624273891209000,0,0.00160323,94.5800
1624274018965000,0,1.00000000,94.4500
1624274259466000,0,36.28000000,95.1500
1624274379015000,1,35.73000000,94.6500
1624274655743000,1,5.77483012,93.6800
1624274681686000,0,0.22961716,93.2800
1624274681686000,0,0.57400100,93.2900
1624274681686000,0,1.41063880,93.3000
1624274681713000,0,0.91104580,93.3000
1624274690396000,0,1.15972959,93.3200
1624274709411000,1,20.52476708,92.9600
1624274710375000,1,0.41049534,92.9600
1624274718851000,0,1.16273766,93.0900
1624274718869000,0,0.00000001,93.0900
1624274791749000,1,0.60272689,92.9300
1624275204587000,0,1.00000000,94.0900
1624275268157000,0,2.29000000,94.1200
1624275296534000,0,33.41000000,94.3600
1624275296546000,0,0.00095508,94.3600
1624275391328000,0,0.26159671,95.0700
1624275465405000,0,4.04020000,95.5100
1624275543910000,0,1.13000000,95.4100
1624275610250000,1,6.25403310,95.4600
1624275815986000,0,36.04000000,95.3400
1624275902114000,0,2.13428065,95.6500
1624276244013000,1,34.95000000,96.9300
1624276508032000,1,32.38502362,96.5700
1624276779467000,0,35.29000000,96.5400
1624276955946000,0,4.70000000,96.2900
1624276956028000,0,0.00897270,96.2900
1624276991413000,1,2.50000000,96.0100
1624277001177000,1,1.08513636,96.0100
1624277001251000,1,7.89775420,96.0100
1624277002300000,1,3.44676725,96.0100
1624277002970000,1,0.07034219,96.0100
1624277009916000,0,2.50000000,96.0000
1624277016890000,1,5.19477137,96.0100
1624277034119000,0,6.77000000,96.0000
1624277167174000,0,34.00000000,95.5600
1624277353849000,1,0.70000000,96.0900
1624277438034000,0,1.22431764,96.3500
1624277842712000,1,33.02084707,95.1300
1624277886038000,0,0.20881427,95.3000
1624278467987000,0,4.10694964,96.4400
1624278512500000,0,11.19000000,96.7400
1624278574543000,0,11.18000000,96.8200
1624278574547000,0,0.00315425,96.8200
1624278746496000,1,36.55555233,96.3100
1624279043997000,0,11.28000000,95.9700
1624279181527000,0,34.87000000,95.8600
1624279449656000,1,2.50000000,96.0400
1624279449806000,1,0.00705339,96.0400
1624279485912000,1,33.15213233,95.8700
1624279485945000,1,0.67657413,95.8700
1624279693445000,0,35.61000000,95.3300
1624279719383000,0,33.61000000,95.4200
1624279757372000,0,9.89000000,95.2500
1624280414910000,0,22.52295553,95.1700
1624280501126000,0,1.97875235,95.5400
1624280567729000,1,35.92821372,95.1200
1624280822455000,0,9.07000000,94.4700
1624280947429000,0,11.34000000,94.7800
1624280999282000,0,36.55000000,95.0000
1624281015826000,1,2.12337842,94.7200
1624281016376000,1,5.30452254,94.7000
1624281025859000,1,2.19919633,94.6000
1624281239390000,1,35.16889027,94.7600
1624281374856000,0,9.58000000,95.0300
1624281499697000,0,26.05000000,95.9900
1624281800849000,0,8.94000000,95.8400
1624281801010000,0,0.00378317,95.8400
1624281801010000,0,8.94171051,95.8500
1624282830716000,0,11.22000000,96.3000
1624282830821000,0,0.00261476,96.3000
1624283002563000,0,1.20000000,96.5900
1624283048561000,0,6.71000000,96.6800
1624283048634000,0,0.00292359,96.6800
1624283177729000,0,8.79000000,97.4800
1624283252253000,1,2.50000000,97.5300
1624283295770000,0,8.78000000,97.5800
1624283314010000,0,8.78000000,97.5700
1624283314446000,0,0.00766486,97.5700
1624283789529000,0,2.50000000,98.1900
1624283789558000,0,6.22144574,98.1900
1624283790730000,0,8.72144574,98.2000
1624283790730000,0,21.19252195,98.2100
1624283791575000,0,8.72144574,98.2000
1624283791575000,0,21.80301109,98.2000
1624283791575000,0,0.60554317,98.2100
1624284086416000,1,2.50000000,98.4500
1624284593997000,0,3.30000000,98.1500
1624284759055000,1,1.94000000,97.8800
1624285347469000,0,2.06000000,96.8900
1624285347666000,0,2.50000000,96.8900
1624285347716000,0,4.28163311,96.8900
1624285347716000,0,22.10313196,96.9000
1624285428171000,1,33.21000000,96.7100
1624285459287000,0,11.14000000,96.8100
1624285669987000,0,36.26000000,97.0900
1624285670083000,0,0.00865096,97.0900
1624285921589000,1,2.50000000,97.0000
1624286009420000,0,2.50000000,97.3000
1624286171666000,0,35.23000000,97.6100
1624286225032000,0,8.77000000,97.6600
1624286225136000,0,0.00028147,97.6600
1624286259153000,1,33.53000000,97.5400
1624286836330000,0,0.30459183,98.0000
1624287324979000,1,2.12400000,98.1700
1624287335409000,0,5.92000000,98.1600
1624287335501000,0,0.00405000,98.1600
1624287409496000,1,0.37600000,98.0600
1624288127952000,0,2.50000000,98.4100
1624288317555000,1,2.10900000,97.8500
1624288575950000,1,0.39100000,97.7400
1624288577011000,1,13.48381180,97.7400
1624288621747000,0,8.77000000,97.5800
1624289182369000,1,34.29000000,97.7300
1624289182393000,1,0.00945001,97.7300
1624289223544000,1,34.83905415,97.6400
1624289424301000,0,31.31000000,97.3100
1624289889685000,0,2.23800000,96.4500
1624289918302000,0,0.26200000,96.4200
1624290360241000,0,34.70000000,96.0700
1624291041749000,0,11.14000000,96.8500
1624291042067000,0,0.00191831,96.8500
1624291262764000,0,2.56681457,96.9100
1624291485530000,0,8.79773407,97.3100
1624291485530000,0,21.99953868,97.3200
1624291485530000,0,3.08272725,97.3200
1624291485801000,0,54.10538679,97.3200
1624291485801000,0,21.99419992,97.3200
1624291485801000,0,11.08791375,97.3300
1624291702171000,0,1.27000000,97.2500
1624292252993000,1,2.50000000,96.7800
1624292290641000,1,36.38373368,96.7200
1624292291184000,1,6.80000000,96.7100
1624292627038000,0,11.22000000,96.1900
1624292760660000,0,2.50000000,96.0200
1624293304707000,1,32.26574709,94.7100
1624294055620000,1,2.29634583,94.0700
1624294055674000,1,0.00000001,94.0700
1624294174902000,1,2.24762558,94.3600
1624294547629000,1,2.19658791,94.3300
1624294572175000,0,0.52182203,94.4000
1624294775438000,0,34.52000000,94.3400
1624294847094000,0,11.50000000,94.5100
1624295084136000,0,35.99000000,95.0800
1624295130366000,0,11.31000000,95.3000
1624295164645000,0,11.30000000,95.3800
1624295165834000,0,0.00709790,95.3800
1624295167278000,0,35.34084737,95.7000
1624295168154000,0,11.27355442,95.7800
1624295218023000,1,35.63000000,96.0400
1624295314454000,1,1.10000000,95.9000
1624295315389000,1,0.10000000,95.9000
1624295384057000,1,10.35091807,95.1900
1624295604708000,1,3.42563644,94.8300
1624295604708000,1,5.17831459,94.8200
1624296023118000,1,35.30872454,95.4800
1624296086489000,0,35.89000000,95.3700
1624298300132000,1,2.21414218,94.7300
1624298419387000,0,58.73007896,94.7100
1624298419387000,0,22.58782791,94.7100
1624298419387000,0,9.03209313,94.7100
1624298677030000,1,34.44887164,95.3600
1624298920629000,0,11.24063016,95.9300
1624298920629000,0,6.06964000,95.9300
1624298920629000,0,1.20000000,96.0200
1624298920629000,0,3.60000000,96.4200
1624298920629000,0,14.14715113,96.4300
1624299754808000,1,4.20000000,95.8600
1624300414055000,1,34.05656174,95.3800
1624300866696000,0,36.47000000,96.0100
1624301226994000,1,1.03150585,96.4900
1624301656170000,0,25.41000000,96.9600
1624301666588000,0,11.10000000,97.0900
1624301671834000,0,0.00500056,97.0900
1624301671834000,0,11.60499944,97.2100
1624301858007000,1,33.56000000,96.9600
1624301858058000,1,0.00523973,96.9600
1624302693366000,0,18.20000000,96.5000
1624302693366000,0,11.16522456,96.5300
1624302693366000,0,35.13090833,97.1300
1624302693366000,0,26.40406711,97.1400
1624303072602000,1,11.65000000,96.4000
1624303174305000,1,34.14000000,95.9800
1624303286629000,1,3.88000000,95.8300
1624303286709000,1,29.45942240,95.8300
1624303806998000,0,11.26000000,95.7500
1624303932003000,0,3.78000000,95.4000
1624304799670000,0,4.33000000,95.2500
1624304818236000,0,4.34000000,95.4200
1624304818292000,0,29.35847636,95.4200
1624305502398000,0,35.67000000,96.2100
1624305554966000,0,0.20645295,96.3900
1624306660184000,0,11.13000000,96.8200
1624306840515000,0,8.85000000,96.6700
1624306840517000,0,0.00600293,96.6700
1624307048034000,1,2.20172915,96.2900
1624307497376000,0,11.13000000,96.8500
1624307752302000,0,11.15000000,96.6400
1624307787130000,0,0.00367408,96.6400
1624307787130000,0,11.14421502,96.7200
1624307787233000,0,0.00000001,96.7200
1624307958066000,1,12.81000000,96.6100
1624307958251000,1,23.23283251,96.6100
1624308365410000,0,32.88000000,96.9500
1624308493987000,1,35.19000000,96.6600
1624308494119000,1,0.00480261,96.6600
1624310198788000,0,9.09000000,93.9900
1624310198862000,0,0.00890008,93.9900
1624310241012000,0,7.44764987,93.8200
1624310241012000,0,18.61636498,93.8200
1624310241012000,0,2.76598515,93.8200
1624310258729000,0,36.10000000,93.8000
1624310389221000,0,11.45137443,94.1100
1624310389221000,0,5.90862557,94.1400
1624310541384000,0,4.55197114,94.0000
1624310541384000,0,11.37802886,94.0000
1624310974331000,1,34.01000000,94.3700
1624311198381000,0,3.00000000,93.7100
1624311344093000,0,35.78000000,94.1000
1624311363539000,0,5.23000000,94.2300
1624311800625000,1,2.49500000,93.6200
1624311833564000,1,33.42215636,93.5700
1624311914598000,0,2.50000000,93.5700
1624311914694000,0,9.02428931,93.5700
1624312027687000,0,34.79000000,92.5900
1624312087327000,0,6.18000000,92.6100
1624312093842000,0,11.63000000,92.6800
1624312224228000,0,11.61000000,92.7400
1624312555279000,0,11.66000000,92.3600
1624313049848000,1,35.91016534,91.7800
1624313088734000,1,34.08167746,91.7200
1624313180345000,0,35.51000000,91.8000
1624313239150000,0,17.41000000,91.9400
1624313253593000,1,2.46852334,91.7100
1624313264503000,0,11.74000000,91.8200
1624313759896000,0,5.04684196,92.1500
1624313759896000,0,12.61315804,92.1500
1624313855971000,0,11.60463059,92.9100
1624313880361000,0,11.60000000,92.9400
1624313914212000,0,0.89000000,93.3400
1624313914313000,0,0.00209478,93.3400
1624314072863000,0,11.28891899,93.5600
1624314072948000,0,0.23038610,93.5600
1624314073228000,0,11.28891899,93.5600
1624314172570000,1,34.60968982,93.4100
1624314254760000,0,11.54000000,93.3500
1624314282819000,0,0.46000000,93.2200
1624314283588000,0,0.00598459,93.2200
1624314283588000,0,1.16454399,93.2200
1624314493544000,0,11.58000000,93.0000
1624314836960000,1,10.81907143,91.9500
1624315058562000,1,0.50000000,91.3500
1624315162662000,0,1.50397839,91.5800
1624315182170000,0,0.35585545,91.4300
1624315182170000,0,5.53389202,91.4400
1624315187594000,1,28.17010027,91.3800
1624315303859000,1,1.74223771,90.9300
1624315303864000,1,0.00000001,90.9300
1624315303864000,1,1.74183414,90.8800
1624315303864000,1,1.73668061,90.8700
1624315372911000,1,1.72610495,90.7600
1624315372917000,1,0.00000001,90.7600
1624315372972000,1,2.61692775,90.7400
1624315373132000,1,1.70014044,90.7400
1624315422861000,1,1.79883359,91.0900
1624315430669000,1,1.77944131,91.0200
1624315430669000,1,4.44772437,91.0200
1624315680068000,1,2.02055871,90.7200
1624315680068000,1,4.72794299,90.7200
1624315680154000,1,0.33090911,90.7200
1624315680287000,1,0.00000001,90.7200
1624315680534000,1,0.86457346,90.6700
1624315891011000,1,1.85933055,90.1300
1624315896777000,1,4.15669444,90.0000
1624315896777000,1,2.00000000,90.0000
1624315896777000,1,41.65330556,90.0000
1624315897076000,1,10.56840580,90.0000
1624315898461000,1,3.77828864,90.0000
1624315898461000,1,14.11372247,90.0000
1624315898545000,1,4.28246156,90.0000
1624315954552000,1,68.75614930,90.0000
1624315962133000,1,1.44078930,89.7500
1624315962289000,1,1.44031441,89.7200
1624315962289000,1,0.00000001,89.7200
1624316090717000,1,1.20026111,89.8300
1624316090734000,1,34.65499180,89.8300
1624316590041000,1,2.50000000,90.4400
1624316590414000,1,1.19296905,90.4400
1624316591102000,1,2.86089335,90.4400
1624316591122000,1,2.86089335,90.4400
1624316591940000,1,4.95713035,90.4400
1624316591971000,1,0.10116593,90.4400
1624316619778000,0,2.50000000,90.2100
1624316653479000,1,19.57674233,90.0400
1624316686443000,1,21.60000000,89.8200
1624317041790000,1,1.74624857,90.6900
1624317041790000,1,1.74624857,90.6800
1624317041790000,1,8.43935039,90.6700
1624317609801000,0,0.34342808,90.5900
1624317616341000,0,0.34331718,90.6600
1624317637775000,0,0.32748240,90.8800
1624317839752000,0,1.69645255,91.7000
1624318983967000,1,2.50000000,90.6400
1624318984967000,1,7.63414600,90.6400
1624318989815000,0,1.20200000,90.5700
1624319428599000,0,1.11700000,89.6200
1624319564292000,0,0.40902377,90.1700
1624319564292000,0,1.02267282,90.1800
1624319564292000,0,2.65842488,90.1800
