timestamp ms,type,amount,price
1624233880320000,1,9.68000000,112.0500
1624233931364000,1,0.00049312,112.0500
1624234127512000,1,9.71000000,111.6900
1624234127702000,1,0.00431494,111.6900
1624234137249000,1,0.00638713,111.6700
1624234143366000,1,9.72000000,111.5100
1624234239450000,1,9.71593468,111.6300
1624234265493000,1,0.00731550,111.5100
1624234441748000,1,9.72000000,111.5500
1624234442039000,1,0.00485025,111.5500
1624234685523000,1,9.73000000,111.4100
1624234688253000,1,0.00414633,111.4100
1624235955378000,1,1.14000000,111.4300
1624239449893000,1,9.77000000,110.9100
1624239477407000,1,0.00829619,110.9100
1624239477407000,1,9.78170381,110.8100
1624239529400000,1,0.00469865,110.8100
1624239529400000,1,9.78530135,110.7500
1624239551426000,1,0.00542870,110.7500
1624239797336000,1,9.82000000,110.3600
1624239994715000,1,9.82000000,110.4400
1624240017119000,1,9.61842747,110.5200
1624240017284000,1,0.19629444,110.5200
1624240082495000,1,9.81000000,110.5200
1624240178498000,1,9.81000000,110.5400
1624240180503000,1,0.00172527,110.5400
1624241343999000,0,9.80000000,110.8600
1624242547855000,1,9.86000000,110.0000
1624242547993000,1,0.00696945,110.0000
1624242882646000,1,9.90000000,109.5600
1624243291653000,1,9.91000000,109.4600
1624243292142000,1,1.00000000,109.3600
1624243419507000,1,4.36000000,109.1100
1624243419676000,1,1.00000000,109.1200
1624243617385000,1,9.94000000,109.0800
1624244919081000,0,2.20689302,109.2700
1624244979620000,0,16.30000000,109.4200
1624248277965000,1,1.37057962,107.8400
1624248629406000,0,14.52000000,107.2600
1624248651973000,1,2.70000000,107.3100
1624248653682000,1,0.00055734,107.3100
1624248894564000,1,32.16000000,106.7000
1624249040032000,1,1.36303311,106.5700
1624249160562000,0,34.56000000,106.7000
1624249271142000,1,32.91798430,106.2300
1624249271184000,1,0.67179560,106.2300
1624250105426000,0,1.55000000,106.4100
1624250341476000,0,1.63000000,105.6100
1624250341834000,0,0.20536634,105.6100
1624250546575000,0,1.83503134,105.4700
1624250546575000,0,4.58757835,105.4700
1624250711074000,0,33.69000000,106.3500
1624250722087000,1,2.99000000,106.3000
1624250722091000,1,4.79000000,106.3000
1624250763572000,1,1.81000000,106.3400
1624250763639000,1,0.00867282,106.3400
1624250828556000,1,20.71000000,106.1900
1624251449476000,1,10.18248343,106.6900
1624251449728000,1,2.49000000,106.7000
1624251571549000,0,22.85000000,106.9900
1624251941024000,1,2.07639801,107.4000
1624251941024000,1,3.11360199,107.3900
1624252206043000,0,10.13314476,107.4000
1624252279030000,1,1.93000000,107.0500
1624252351768000,0,6.35000000,106.5700
1624252382712000,1,33.95000000,106.2200
1624252382762000,1,0.00404943,106.2200
1624252530882000,1,1.79934756,106.3500
1624252530882000,1,4.49065244,106.3500
1624252530935000,1,0.00771645,106.3500
1624252597805000,1,1.73000000,105.8200
1624252597875000,1,0.00000381,105.8200
1624252632474000,0,4.02000000,106.1100
1624252669810000,0,23.14000000,105.9900
1624252775340000,1,1.79000000,106.3400
1624252776669000,1,0.00573537,106.3400
1624252866890000,1,26.99000000,105.9300
1624252958843000,0,33.81476725,106.2700
1624252997036000,1,7.26000000,106.1600
1624253011410000,1,33.03000000,105.9900
1624253158338000,0,17.00000000,106.2100
1624253332485000,1,10.22000000,106.2200
1624253390554000,0,33.35000000,106.3900
1624253583330000,1,3.83228753,106.5900
1624253583755000,1,1.86000000,106.4400
1624253583781000,1,0.00467383,106.4400
1624253584184000,1,1.86477880,106.4300
1624253584184000,1,4.66194701,106.4300
1624253769569000,0,10.19000000,106.6500
1624253770764000,0,0.00307618,106.6500
1624254561779000,0,10.14432958,107.3000
1624254561779000,0,5.46557000,107.3400
1624254561779000,0,34.30010042,107.3400
1624254561848000,0,0.00158015,107.3400
1624254612598000,1,12.29000000,107.2600
1624254612600000,1,20.33504483,107.2600
1624254873392000,0,0.18523689,107.4300
1624255502588000,0,4.47626755,107.4000
1624256071606000,0,10.07000000,107.9500
1624256337778000,1,32.09000000,107.6300
1624256591867000,0,5.22304638,107.2400
1624256827675000,0,34.45000000,107.1200
1624256839348000,1,32.33269734,106.8500
1624256839348000,1,0.82200537,106.8500
1624256839348000,1,10.14529729,106.8400
1624256928726000,1,0.02000000,104.5000
1624256935731000,1,0.83848556,104.0000
1624256936937000,1,0.00000001,104.0000
1624257326072000,1,2.23000000,102.5300
1624257327494000,1,8.34000000,102.5300
1624257329979000,1,0.00522900,102.5300
1624257423213000,0,17.40000000,101.6000
1624257446063000,1,10.64000000,101.7600
1624257467155000,1,1.93000000,101.9800
1624257619368000,1,3.29000000,102.6700
1624257639036000,1,27.84000000,102.5700
1624257781512000,1,17.30000000,102.0000
1624257781512000,1,5.98581164,101.9900
1624257781515000,1,4.65399289,101.9900
1624257781515000,1,3.30000000,101.7700
1624257781515000,1,0.00833269,101.7600
1624257781515000,1,15.32348606,101.6500
1624257890700000,1,1.00000000,100.0000
1624257890700000,1,2.10000000,100.0000
1624257900501000,1,0.00010000,100.0000
1624257900501000,1,10.86990000,99.6100
1624257912120000,1,0.00479706,99.6100
1624257974891000,1,4.54581553,100.7300
1624258064556000,0,9.55664975,100.5300
1624258150700000,0,1.00000000,101.2100
1624258176147000,0,2.37519778,101.1200
1624258357579000,0,17.40000000,102.5100
1624258396944000,0,17.60000000,101.9500
1624258443399000,1,31.93862079,102.0900
1624258499438000,1,32.64064975,101.9700
1624258824814000,0,34.62000000,101.4000
1624258827293000,1,17.60000000,101.3700
1624258939205000,0,1.00000000,101.7100
1624259153827000,0,32.38000000,102.2400
1624259229478000,1,32.62000000,102.1700
1624259418215000,1,33.67000000,101.5900
1624259565975000,0,33.14000000,101.2800
1624259585926000,0,1.00000000,101.4900
1624259631470000,0,1.96410610,101.3200
1624259645432000,1,33.16000000,101.1200
1624259692987000,1,10.70000000,101.3800
1624259801204000,0,34.18712646,101.5700
1624260035475000,1,34.54000000,100.9700
1624260430481000,0,34.24000000,100.7300
1624260482830000,1,34.69000000,100.3700
1624260733744000,0,8.54000000,100.5000
1624260790920000,0,32.44000000,100.4800
1624260831481000,1,2.61000000,100.4000
1624260831551000,1,0.00263038,100.4000
1624261180010000,1,0.56000000,100.7800
1624261508443000,0,7.68000000,100.0600
1624261555490000,1,5.85000000,99.8900
1624261555569000,1,0.00396000,99.8900
1624261753528000,1,13.97000000,100.3100
1624261840010000,0,17.60000000,100.7200
1624261842136000,0,33.28328897,100.8000
1624261955564000,1,2.65000000,101.3300
1624261988568000,1,33.36000000,101.2400
1624262513746000,1,34.79000000,100.5800
1624262645997000,0,5.53000000,100.7400
1624262647228000,0,1.28000000,100.7400
1624262648303000,0,3.92000000,100.7400
1624262648321000,0,23.32991344,100.7400
1624263438052000,1,2.82000000,101.5400
1624263440547000,1,0.54000000,101.5400
1624263503986000,1,9.01000000,101.4400
1624263503987000,1,11.11000000,101.4400
1624263503997000,1,9.68000000,101.4400
1624264536417000,1,10.81000000,100.1200
1624264536642000,1,0.00526798,100.1200
1624264675629000,0,1.86899461,100.3300
1624264676890000,0,20.13000000,100.3300
1624265184707000,0,32.21000000,100.9000
1624265342332000,1,28.67000000,100.9300
1624265399030000,1,34.85000000,100.8400
1624265533319000,1,10.71000000,101.1200
1624265631865000,0,2.25287300,100.7500
1624265631970000,0,30.69014633,100.7500
1624265894539000,0,33.15000000,100.8800
1624265984264000,1,32.00000000,100.3800
1624266001484000,1,10.79000000,100.3500
1624266836322000,0,4.15000000,100.1500
1624266836478000,0,0.00494610,100.1500
1624266872885000,0,32.56000000,101.3400
1624267012993000,0,10.71000000,101.2500
1624267126271000,1,32.29068653,100.6600
1624267126298000,1,0.65899360,100.6600
1624267148937000,1,2.47000000,100.4000
1624267275083000,0,2.87000000,99.4000
1624267275195000,0,32.66307384,99.4000
1624267382481000,1,10.79860541,98.0500
1624267442583000,0,34.44927045,98.7100
1624267460243000,1,1.18543004,98.1600
1624267524702000,1,34.33000000,97.7400
1624267571998000,0,33.68000000,98.3600
1624267580824000,1,1.91000000,98.3200
1624267712430000,1,33.96000000,98.5000
1624267732507000,0,33.50000000,99.2500
1624267817173000,1,32.17528339,98.9300
1624267873807000,0,16.24000000,99.7700
1624267873985000,0,17.60000000,99.7700
1624267961508000,1,35.01000000,99.9200
1624268018875000,1,34.79678010,100.0700
1624268051690000,0,18.05000000,100.1400
1624268120009000,0,3.35084483,100.2900
1624268389778000,1,1.12000000,99.6900
1624268459941000,1,1.24000000,99.6500
1624268460059000,1,0.00502735,99.6500
1624268605649000,0,4.31000000,100.0000
1624268671135000,0,9.21747861,100.6100
1624268792099000,0,5.37000000,100.6800
1624268792120000,0,0.00813588,100.6800
1624268836858000,1,2.05000000,100.1900
1624268852773000,1,1.98000000,100.1600
1624268857181000,1,0.00887706,100.1600
1624269058842000,0,2.55074581,100.3800
1624269058842000,0,6.06925419,100.3900
1624269154246000,0,0.64000000,100.6500
1624269181897000,0,2.15000000,100.7300
1624269366906000,1,10.79312174,100.1100
1624269366906000,1,2.18821703,100.0800
1624269366906000,1,5.47111671,100.0300
1624269366906000,1,5.32083566,99.9900
1624269457296000,1,2.20000000,100.0500
1624269599054000,1,8.40000000,100.0100
1624270081728000,1,13.57000000,99.5000
1624270081760000,1,0.36866620,99.5000
1624270081977000,1,21.18000000,99.5000
1624270196534000,0,8.47000000,99.2500
1624270197791000,0,18.52348927,99.2500
1624270301675000,0,5.43000000,99.7700
1624270480577000,0,1.77000000,98.9900
1624270480622000,0,0.00067624,98.9900
1624270488263000,0,1.47000000,99.0600
1624270625340000,0,33.42000000,99.1800
1624271300359000,0,0.74000000,97.9300
1624271301095000,0,0.00589496,97.9300
1624271627036000,0,11.20000000,96.6700
1624271627270000,0,0.00087244,96.6700
1624271653638000,0,0.90560597,96.8100
1624271653638000,0,1.08863441,96.8200
1624271653644000,0,0.00000001,96.8200
1624271654116000,0,2.83044948,96.8400
1624271654116000,0,0.53630165,96.8400
1624271658796000,0,0.90542555,96.9000
1624271659085000,0,0.90504802,96.9100
1624271663533000,0,0.90570926,96.9600
1624271663533000,0,0.90570926,96.9700
1624271663533000,0,1.10248405,96.9700
1624271663837000,0,0.90500862,96.9700
1624271663849000,0,0.00000001,96.9700
1624271664229000,0,0.74360606,96.9700
1624271690052000,1,32.29489575,96.5100
1624271690112000,1,0.65907951,96.5100
1624271721115000,0,0.48000000,96.1700
1624271721802000,0,0.00099568,96.1700
1624271729010000,1,27.98351185,96.2100
1624271739447000,0,1.00000000,96.4100
1624271938634000,0,0.73000000,97.0400
1624271938661000,0,0.00049621,97.0400
1624271996110000,0,5.98464000,97.3900
1624272210367000,0,1.11000000,97.1800
1624272210484000,0,0.00435052,97.1800
1624272210529000,0,32.81654336,97.1900
1624272271004000,0,35.38000000,97.1600
1624272365260000,0,11.09000000,97.4900
1624272517975000,1,33.45000000,96.9100
1624272518199000,1,0.00534357,96.9100
1624272518345000,1,15.00000000,96.7700
1624272648409000,1,1.94200000,96.6500
1624272649773000,1,0.00059653,96.6500
1624272712564000,1,1.83023166,96.4200
1624272712564000,1,4.57506690,96.4200
1624272731972000,0,1.94200000,96.3800
1624272856939000,0,36.34000000,96.2500
1624272864820000,0,3.27254911,96.3600
1624272864820000,0,1.30859274,96.3600
1624272864820000,0,1.22885815,96.3600
1624272864998000,0,11.23286123,96.3700
1624272864998000,0,35.09192739,96.4000
1624272908962000,1,33.09870240,96.3200
1624273157096000,1,0.36264764,95.0000
1624273157125000,1,1.00043056,95.0000
1624273157181000,1,3.42022596,95.0000
1624273157188000,1,0.21669584,95.0000
1624273157188000,1,1.00000000,95.0000
1624273184325000,1,4.02306380,94.5200
1624273184719000,1,0.00010589,94.5200
1624273214647000,0,3.43000000,94.4200
1624273316180000,0,6.04186999,95.8000
1624273316193000,0,0.00000001,95.8000
1624273339970000,1,1.13106989,95.6500
1624273341973000,1,1.13106989,95.6500
1624273343321000,1,1.13142134,95.6500
1624273344971000,1,1.13142134,95.6500
1624273346556000,1,1.13142134,95.6500
1624273347767000,1,1.13142134,95.6500
1624273349351000,0,5.79171223,95.8000
1624273361491000,1,9.04528588,95.6500
1624273480731000,0,34.66000000,95.0000
1624273480988000,0,4.14539317,95.0300
1624273480988000,0,5.68460683,95.0400
1624273480992000,0,0.00583833,95.0400
1624273663976000,1,0.25000000,93.8900
1624273673513000,0,2.30268204,94.0900
1624273676627000,0,2.29956448,94.2200
1624273676685000,0,0.00000001,94.2200
1624273680288000,0,1.14947631,94.3700
1624273680658000,0,1.95835255,94.4300
1624273681114000,0,1.14947631,94.3700
1624273681114000,0,6.67642890,94.4300
1624273757804000,0,2.99398999,94.9100
1624273757907000,0,3.49853031,94.9100
1624273758016000,0,3.81016477,94.9100
1624273805547000,0,1.74268138,94.4500
1624273817247000,1,34.77877328,94.3900
1624273891037000,0,3.43000000,94.5800
1624273891209000,0,0.00160323,94.5800
1624274018965000,0,1.00000000,94.4500
1624274259466000,0,36.28000000,95.1500
1624274379015000,1,35.73000000,94.6500
1624274655743000,1,5.77483012,93.6800
1624274681686000,0,0.22961716,93.2800
1624274681686000,0,0.57400100,93.2900
1624274681686000,0,1.41063880,93.3000
1624274681713000,0,0.91104580,93.3000
1624274690396000,0,1.15972959,93.3200
1624274709411000,1,20.52476708,92.9600
1624274710375000,1,0.41049534,92.9600
1624274718851000,0,1.16273766,93.0900
1624274718869000,0,0.00000001,93.0900
1624274791749000,1,0.60272689,92.9300
1624275204587000,0,1.00000000,94.0900
1624275268157000,0,2.29000000,94.1200
1624275296534000,0,33.41000000,94.3600
1624275296546000,0,0.00095508,94.3600
1624275391328000,0,0.26159671,95.0700
1624275465405000,0,4.04020000,95.5100
1624275543910000,0,1.13000000,95.4100
1624275610250000,1,6.25403310,95.4600
1624275815986000,0,36.04000000,95.3400
1624275902114000,0,2.13428065,95.6500
1624276244013000,1,34.95000000,96.9300
1624276508032000,1,32.38502362,96.5700
1624276779467000,0,35.29000000,96.5400
1624276955946000,0,4.70000000,96.2900
1624276956028000,0,0.00897270,96.2900
1624276991413000,1,2.50000000,96.0100
1624277001177000,1,1.08513636,96.0100
1624277001251000,1,7.89775420,96.0100
1624277002300000,1,3.44676725,96.0100
1624277002970000,1,0.07034219,96.0100
1624277009916000,0,2.50000000,96.0000
1624277016890000,1,5.19477137,96.0100
1624277034119000,0,6.77000000,96.0000
1624277167174000,0,34.00000000,95.5600
1624277353849000,1,0.70000000,96.0900
1624277438034000,0,1.22431764,96.3500
1624277842712000,1,33.02084707,95.1300
1624277886038000,0,0.20881427,95.3000
1624278467987000,0,4.10694964,96.4400
1624278512500000,0,11.19000000,96.7400
1624278574543000,0,11.18000000,96.8200
1624278574547000,0,0.00315425,96.8200
1624278746496000,1,36.55555233,96.3100
1624279043997000,0,11.28000000,95.9700
1624279181527000,0,34.87000000,95.8600
1624279449656000,1,2.50000000,96.0400
1624279449806000,1,0.00705339,96.0400
1624279485912000,1,33.15213233,95.8700
1624279485945000,1,0.67657413,95.8700
1624279693445000,0,35.61000000,95.3300
1624279719383000,0,33.61000000,95.4200
1624279757372000,0,9.89000000,95.2500
1624280414910000,0,22.52295553,95.1700
1624280501126000,0,1.97875235,95.5400
1624280567729000,1,35.92821372,95.1200
1624280822455000,0,9.07000000,94.4700
1624280947429000,0,11.34000000,94.7800
1624280999282000,0,36.55000000,95.0000
1624281015826000,1,2.12337842,94.7200
1624281016376000,1,5.30452254,94.7000
1624281025859000,1,2.19919633,94.6000
1624281239390000,1,35.16889027,94.7600
1624281374856000,0,9.58000000,95.0300
1624281499697000,0,26.05000000,95.9900
1624281800849000,0,8.94000000,95.8400
1624281801010000,0,0.00378317,95.8400
1624281801010000,0,8.94171051,95.8500
1624282830716000,0,11.22000000,96.3000
1624282830821000,0,0.00261476,96.3000
1624283002563000,0,1.20000000,96.5900
1624283048561000,0,6.71000000,96.6800
1624283048634000,0,0.00292359,96.6800
1624283177729000,0,8.79000000,97.4800
1624283252253000,1,2.50000000,97.5300
1624283295770000,0,8.78000000,97.5800
1624283314010000,0,8.78000000,97.5700
1624283314446000,0,0.00766486,97.5700
1624283789529000,0,2.50000000,98.1900
1624283789558000,0,6.22144574,98.1900
1624283790730000,0,8.72144574,98.2000
1624283790730000,0,21.19252195,98.2100
1624283791575000,0,8.72144574,98.2000
1624283791575000,0,21.80301109,98.2000
1624283791575000,0,0.60554317,98.2100
1624284086416000,1,2.50000000,98.4500
1624284593997000,0,3.30000000,98.1500
1624284759055000,1,1.94000000,97.8800
1624285347469000,0,2.06000000,96.8900
1624285347666000,0,2.50000000,96.8900
1624285347716000,0,4.28163311,96.8900
1624285347716000,0,22.10313196,96.9000
1624285428171000,1,33.21000000,96.7100
1624285459287000,0,11.14000000,96.8100
1624285669987000,0,36.26000000,97.0900
1624285670083000,0,0.00865096,97.0900
1624285921589000,1,2.50000000,97.0000
1624286009420000,0,2.50000000,97.3000
1624286171666000,0,35.23000000,97.6100
1624286225032000,0,8.77000000,97.6600
1624286225136000,0,0.00028147,97.6600
1624286259153000,1,33.53000000,97.5400
1624286836330000,0,0.30459183,98.0000
1624287324979000,1,2.12400000,98.1700
1624287335409000,0,5.92000000,98.1600
1624287335501000,0,0.00405000,98.1600
1624287409496000,1,0.37600000,98.0600
1624288127952000,0,2.50000000,98.4100
1624288317555000,1,2.10900000,97.8500
1624288575950000,1,0.39100000,97.7400
1624288577011000,1,13.48381180,97.7400
1624288621747000,0,8.77000000,97.5800
1624289182369000,1,34.29000000,97.7300
1624289182393000,1,0.00945001,97.7300
1624289223544000,1,34.83905415,97.6400
1624289424301000,0,31.31000000,97.3100
1624289889685000,0,2.23800000,96.4500
1624289918302000,0,0.26200000,96.4200
1624290360241000,0,34.70000000,96.0700
1624291041749000,0,11.14000000,96.8500
1624291042067000,0,0.00191831,96.8500
1624291262764000,0,2.56681457,96.9100
1624291485530000,0,8.79773407,97.3100
1624291485530000,0,21.99953868,97.3200
1624291485530000,0,3.08272725,97.3200
1624291485801000,0,54.10538679,97.3200
1624291485801000,0,21.99419992,97.3200
1624291485801000,0,11.08791375,97.3300
1624291702171000,0,1.27000000,97.2500
1624292252993000,1,2.50000000,96.7800
1624292290641000,1,36.38373368,96.7200
1624292291184000,1,6.80000000,96.7100
1624292627038000,0,11.22000000,96.1900
1624292760660000,0,2.50000000,96.0200
1624293304707000,1,32.26574709,94.7100
1624294055620000,1,2.29634583,94.0700
1624294055674000,1,0.00000001,94.0700
1624294174902000,1,2.24762558,94.3600
1624294547629000,1,2.19658791,94.3300
1624294572175000,0,0.52182203,94.4000
1624294775438000,0,34.52000000,94.3400
1624294847094000,0,11.50000000,94.5100
1624295084136000,0,35.99000000,95.0800
1624295130366000,0,11.31000000,95.3000
1624295164645000,0,11.30000000,95.3800
1624295165834000,0,0.00709790,95.3800
1624295167278000,0,35.34084737,95.7000
1624295168154000,0,11.27355442,95.7800
1624295218023000,1,35.63000000,96.0400
1624295314454000,1,1.10000000,95.9000
1624295315389000,1,0.10000000,95.9000
1624295384057000,1,10.35091807,95.1900
1624295604708000,1,3.42563644,94.8300
1624295604708000,1,5.17831459,94.8200
1624296023118000,1,35.30872454,95.4800
1624296086489000,0,35.89000000,95.3700
1624298300132000,1,2.21414218,94.7300
1624298419387000,0,58.73007896,94.7100
1624298419387000,0,22.58782791,94.7100
1624298419387000,0,9.03209313,94.7100
1624298677030000,1,34.44887164,95.3600
1624298920629000,0,11.24063016,95.9300
1624298920629000,0,6.06964000,95.9300
1624298920629000,0,1.20000000,96.0200
1624298920629000,0,3.60000000,96.4200
1624298920629000,0,14.14715113,96.4300
1624299754808000,1,4.20000000,95.8600
1624300414055000,1,34.05656174,95.3800
1624300866696000,0,36.47000000,96.0100
1624301226994000,1,1.03150585,96.4900
1624301656170000,0,25.41000000,96.9600
1624301666588000,0,11.10000000,97.0900
1624301671834000,0,0.00500056,97.0900
1624301671834000,0,11.60499944,97.2100
1624301858007000,1,33.56000000,96.9600
1624301858058000,1,0.00523973,96.9600
1624302693366000,0,18.20000000,96.5000
1624302693366000,0,11.16522456,96.5300
1624302693366000,0,35.13090833,97.1300
1624302693366000,0,26.40406711,97.1400
1624303072602000,1,11.65000000,96.4000
1624303174305000,1,34.14000000,95.9800
1624303286629000,1,3.88000000,95.8300
1624303286709000,1,29.45942240,95.8300
1624303806998000,0,11.26000000,95.7500
1624303932003000,0,3.78000000,95.4000
1624304799670000,0,4.33000000,95.2500
1624304818236000,0,4.34000000,95.4200
1624304818292000,0,29.35847636,95.4200
1624305502398000,0,35.67000000,96.2100
1624305554966000,0,0.20645295,96.3900
1624306660184000,0,11.13000000,96.8200
1624306840515000,0,8.85000000,96.6700
1624306840517000,0,0.00600293,96.6700
1624307048034000,1,2.20172915,96.2900
1624307497376000,0,11.13000000,96.8500
1624307752302000,0,11.15000000,96.6400
1624307787130000,0,0.00367408,96.6400
1624307787130000,0,11.14421502,96.7200
1624307787233000,0,0.00000001,96.7200
1624307958066000,1,12.81000000,96.6100
1624307958251000,1,23.23283251,96.6100
1624308365410000,0,32.88000000,96.9500
1624308493987000,1,35.19000000,96.6600
1624308494119000,1,0.00480261,96.6600
1624310198788000,0,9.09000000,93.9900
1624310198862000,0,0.00890008,93.9900
1624310241012000,0,7.44764987,93.8200
1624310241012000,0,18.61636498,93.8200
1624310241012000,0,2.76598515,93.8200
1624310258729000,0,36.10000000,93.8000
1624310389221000,0,11.45137443,94.1100
1624310389221000,0,5.90862557,94.1400
1624310541384000,0,4.55197114,94.0000
1624310541384000,0,11.37802886,94.0000
1624310974331000,1,34.01000000,94.3700
1624311198381000,0,3.00000000,93.7100
1624311344093000,0,35.78000000,94.1000
1624311363539000,0,5.23000000,94.2300
1624311800625000,1,2.49500000,93.6200
1624311833564000,1,33.42215636,93.5700
1624311914598000,0,2.50000000,93.5700
1624311914694000,0,9.02428931,93.5700
1624312027687000,0,34.79000000,92.5900
1624312087327000,0,6.18000000,92.6100
1624312093842000,0,11.63000000,92.6800
1624312224228000,0,11.61000000,92.7400
1624312555279000,0,11.66000000,92.3600
1624313049848000,1,35.91016534,91.7800
1624313088734000,1,34.08167746,91.7200
1624313180345000,0,35.51000000,91.8000
1624313239150000,0,17.41000000,91.9400
1624313253593000,1,2.46852334,91.7100
1624313264503000,0,11.74000000,91.8200
1624313759896000,0,5.04684196,92.1500
1624313759896000,0,12.61315804,92.1500
1624313855971000,0,11.60463059,92.9100
1624313880361000,0,11.60000000,92.9400
1624313914212000,0,0.89000000,93.3400
1624313914313000,0,0.00209478,93.3400
1624314072863000,0,11.28891899,93.5600
1624314072948000,0,0.23038610,93.5600
1624314073228000,0,11.28891899,93.5600
1624314172570000,1,34.60968982,93.4100
1624314254760000,0,11.54000000,93.3500
1624314282819000,0,0.46000000,93.2200
1624314283588000,0,0.00598459,93.2200
1624314283588000,0,1.16454399,93.2200
1624314493544000,0,11.58000000,93.0000
1624314836960000,1,10.81907143,91.9500
1624315058562000,1,0.50000000,91.3500
1624315162662000,0,1.50397839,91.5800
1624315182170000,0,0.35585545,91.4300
1624315182170000,0,5.53389202,91.4400
1624315187594000,1,28.17010027,91.3800
1624315303859000,1,1.74223771,90.9300
1624315303864000,1,0.00000001,90.9300
1624315303864000,1,1.74183414,90.8800
1624315303864000,1,1.73668061,90.8700
1624315372911000,1,1.72610495,90.7600
1624315372917000,1,0.00000001,90.7600
1624315372972000,1,2.61692775,90.7400
1624315373132000,1,1.70014044,90.7400
1624315422861000,1,1.79883359,91.0900
1624315430669000,1,1.77944131,91.0200
1624315430669000,1,4.44772437,91.0200
1624315680068000,1,2.02055871,90.7200
1624315680068000,1,4.72794299,90.7200
1624315680154000,1,0.33090911,90.7200
1624315680287000,1,0.00000001,90.7200
1624315680534000,1,0.86457346,90.6700
1624315891011000,1,1.85933055,90.1300
1624315896777000,1,4.15669444,90.0000
1624315896777000,1,2.00000000,90.0000
1624315896777000,1,41.65330556,90.0000
1624315897076000,1,10.56840580,90.0000
1624315898461000,1,3.77828864,90.0000
1624315898461000,1,14.11372247,90.0000
1624315898545000,1,4.28246156,90.0000
1624315954552000,1,68.75614930,90.0000
1624315962133000,1,1.44078930,89.7500
1624315962289000,1,1.44031441,89.7200
1624315962289000,1,0.00000001,89.7200
1624316090717000,1,1.20026111,89.8300
1624316090734000,1,34.65499180,89.8300
1624316590041000,1,2.50000000,90.4400
1624316590414000,1,1.19296905,90.4400
1624316591102000,1,2.86089335,90.4400
1624316591122000,1,2.86089335,90.4400
1624316591940000,1,4.95713035,90.4400
1624316591971000,1,0.10116593,90.4400
1624316619778000,0,2.50000000,90.2100
1624316653479000,1,19.57674233,90.0400
1624316686443000,1,21.60000000,89.8200
1624317041790000,1,1.74624857,90.6900
1624317041790000,1,1.74624857,90.6800
1624317041790000,1,8.43935039,90.6700
1624317609801000,0,0.34342808,90.5900
1624317616341000,0,0.34331718,90.6600
1624317637775000,0,0.32748240,90.8800
1624317839752000,0,1.69645255,91.7000
1624318983967000,1,2.50000000,90.6400
1624318984967000,1,7.63414600,90.6400
1624318989815000,0,1.20200000,90.5700
1624319428599000,0,1.11700000,89.6200
1624319564292000,0,0.40902377,90.1700
1624319564292000,0,1.02267282,90.1800
1624319564292000,0,2.65842488,90.1800
1624319564292000,0,1.44092400,90.1900
1624320077219000,1,1.20035383,88.9800
1624320077219000,1,1.20014662,88.9800
1624320077219000,1,3.00088457,88.9600
1624320331361000,0,1.21978553,88.5600
1624320331369000,0,0.00000001,88.5600
1624320341684000,0,1.16338567,88.7900
1624320693201000,0,0.23535196,88.7400
1624320693217000,0,0.00480310,88.7400
1624320887050000,1,19.45825030,87.5400
1624321181201000,1,0.98060026,86.9100
1624321223584000,0,0.31793644,86.7900
1624321223584000,0,0.79445409,86.8000
1624321223584000,0,2.61801787,87.3400
1624321241609000,0,3.42912767,86.7900
1624321402997000,0,1.22330454,86.4500
1624321412874000,1,0.79346828,86.3300
1624321532975000,1,23.53656263,86.4500
1624323603609000,0,1.20210968,89.8000
1624324536253000,0,8.09555085,93.7000
1624324568647000,1,10.12766647,93.9100
1624324568651000,1,8.87233353,93.9100
1624324568651000,1,6.19617000,93.8100
1624324568651000,1,10.09999999,93.8000
1624324568652000,1,0.00000001,93.8000
1624324568652000,1,11.47736366,93.7300
1624324575081000,1,2.31900000,93.7600
1624324592474000,0,3.45719167,93.8100
1624324804719000,0,2.33500000,92.5000
1624325295561000,0,0.34022585,92.1000
1624325295620000,0,0.00694338,92.1000
1624325552584000,0,0.26348891,91.9700
1624325968404000,0,2.30474477,91.8000
1624326175607000,1,2.33500000,92.0700
1624326532742000,0,2.27801264,92.9000
1624326751159000,0,1.16600000,92.5600
1624326751786000,0,0.00045454,92.5600
1624327188263000,0,1.14143699,92.6900
1624327719489000,0,0.67100000,92.1900
1624328050064000,0,0.45234151,92.1400
1624328050064000,0,0.21065849,92.1400
1624328884128000,0,0.36628230,92.2500
1624328884147000,0,0.00000001,92.2500
1624328985390000,0,0.35821794,92.0900
1624328985390000,0,0.63273417,92.1000
1624328998376000,1,2.50000000,91.9900
1624329026325000,0,0.42300000,92.1900
1624329665679000,1,0.42300000,92.5300
1624329668804000,1,1.16611811,92.5300
1624330052505000,0,2.50000000,93.2100
1624330143452000,0,0.68977567,93.4000
1624330143456000,0,0.00000001,93.4000
1624330230681000,1,36.30316885,93.0900
1624331464784000,1,1.20000000,93.3300
1624331885901000,0,1.20000000,93.3000
1624332507034000,1,1.38948073,93.1200
1624332507034000,1,6.23737000,93.1100
1624332507034000,1,5.08789480,93.1100
1624332530264000,0,2.54862681,93.3300
1624332654590000,0,37.34420438,93.7300
1624333181794000,0,3.14826458,94.3100
1624333294068000,1,1.52911714,95.0100
1624333294068000,1,0.97088286,95.0100
1624333320023000,0,8.99439678,95.1700
1624335104212000,0,36.78631365,93.9900
1624335104273000,1,26.98270433,93.9900
1624335857906000,0,2.50000000,93.4000
1624335922893000,1,34.87218509,93.4000
1624337200550000,0,5.22642299,93.6200
1624338184492000,0,9.07763332,94.3100
1624338184492000,0,22.05760048,94.3100
1624338860351000,1,1.20000000,93.5000
1624338990209000,0,1.20000000,93.4100
1624340121371000,1,11.68360498,92.2800
1624340121371000,1,2.05210072,92.2700
1624340121372000,1,15.35377319,92.2700
1624340121372000,1,1.89412609,92.2700
1624340121372000,1,2.32788741,92.2500
1624340122672000,1,2.32866968,92.1700
1624341989296000,1,2.02247127,92.0200
1624341989296000,1,5.05629894,91.9900
1624343240913000,1,2.40000000,92.9200
1624343800718000,0,1.07277628,92.7500
1624343856710000,0,10.28688120,92.6200
1624346496347000,1,1.96000000,92.0000
1624346496361000,1,0.04000000,92.0000
1624346676503000,1,2.09512177,91.9200
1624346689484000,0,0.85800000,92.1900
1624348095090000,1,0.95800000,92.9900
1624348462954000,1,0.84416026,92.3500
1624348462954000,1,2.11058337,92.3500
1624348494814000,0,2.50000000,92.3000
1624348632558000,1,0.80732895,92.2200
1624348943029000,1,2.50000000,91.4300
1624348979290000,1,1.91270168,91.4300
1624349094688000,0,2.72859647,91.4700
1624349095006000,0,2.36921757,91.4700
1624349095027000,0,0.00000001,91.4700
1624349104277000,0,2.36791645,91.3900
1624349162301000,0,2.50000000,90.9400
1624349249545000,0,1.19200026,90.8000
1624349249571000,0,0.00000001,90.8000
1624349265819000,0,1.19272755,90.7100
1624350006882000,0,0.27119849,89.7700
1624350047565000,0,0.00553466,89.7700
1624350047565000,0,0.67785962,89.7900
1624350417027000,1,20.10000000,88.9900
1624350808586000,1,6.01722665,89.4700
1624351011400000,1,35.91702020,88.2800
1624351014403000,0,12.01698419,88.2600
1624351048494000,1,4.55468363,88.0700
1624351058403000,1,1.41786404,87.9600
1624351098951000,0,38.05142340,88.0200
1624351701276000,1,5.24753505,87.8800
1624351709663000,1,2.16599281,87.6800
1624351709710000,1,0.04420393,87.6800
1624351761766000,0,12.33868102,87.7200
1624352044579000,1,1.20000000,87.7900
1624352421321000,0,1.97820833,88.1000
1624352421334000,0,0.98910420,88.1000
1624352422319000,0,1.97827304,88.1000
1624352423588000,0,7.81332445,88.1000
1624352675441000,0,23.02066761,87.2200
1624352678736000,0,0.46041335,87.2200
1624352679675000,0,0.00939619,87.2200
1624352808486000,1,1.81770832,87.0900
1624352838724000,1,4.50040853,86.8900
1624352838724000,1,1.80119422,86.8900
1624352838724000,1,11.70218695,86.8900
1624353111514000,1,12.61236701,87.8600
1624353172058000,1,3.04628786,87.8200
1624353723802000,0,0.34153318,87.4000
1624354044079000,1,1.35111410,87.1300
1624354044079000,1,3.37778525,87.1300
1624354044623000,1,20.50000000,87.1200
1624354045191000,1,8.78042439,87.1100
1624354045191000,1,1.35111410,87.1100
1624354045191000,1,3.37778525,87.1100
1624354070903000,1,1.14709420,87.0500
1624354070903000,1,2.86773550,87.0500
1624354071505000,1,1.14709420,87.0400
1624354126469000,1,1.08880148,87.0700
1624354126469000,1,2.72200370,87.0700
1624354143972000,1,1.03340476,87.0100
1624354143972000,1,2.58351190,87.0100
1624354160310000,1,0.88280728,87.0100
1624354174920000,1,0.87279714,86.9900
1624354174920000,1,2.18200790,86.9900
1624354179043000,1,0.83877283,86.9700
1624354179569000,1,2.09717791,86.9600
1624354188316000,1,0.80635624,86.9100
1624354188316000,1,2.01560779,86.9100
1624355170701000,0,3.29411181,85.6700
1624355170701000,0,8.23652213,85.6800
1624355170701000,0,4.08980105,85.6900
1624355226721000,1,34.00000000,85.8700
1624355327033000,1,1.14384521,86.0700
1624355327033000,1,2.85858372,86.0700
1624355327033000,1,7.43274479,86.0700
1624355524107000,1,1.37801128,86.0100
1624355524107000,1,1.37801128,86.0100
1624355524487000,1,1.37790254,86.0000
1624355540128000,1,3.23059998,85.8100
1624355584599000,1,8.16395848,85.5500
1624355620629000,1,2.12125402,85.1600
1624355620884000,1,0.84850161,85.1600
1624355621527000,1,2.95210526,85.1000
1624355621662000,1,2.55335875,85.1000
1624355621947000,1,56.49453599,85.1000
1624355622456000,1,10.00000000,85.0000
1624355689953000,1,28.73561488,85.4000
1624355805014000,0,8.67256046,85.5700
1624355805273000,0,0.17699103,85.5700
1624356496850000,0,10.89941929,85.2800
1624356496850000,0,4.36004807,85.2800
1624356496850000,0,28.33725227,85.2800
1624356577563000,1,2.50000000,84.9200
1624356577618000,1,20.84861161,84.9200
1624356641233000,0,2.50000000,84.6300
1624356737835000,1,3.09852298,84.6100
1624356738341000,1,3.09852298,84.5800
1624357077710000,1,1.64071921,83.9100
1624357077710000,1,0.30000000,83.9000
1624357078218000,1,4.10208147,83.8700
1624357110038000,0,0.46452191,83.7500
1624357111455000,0,8.42821560,83.7500
1624357111495000,0,3.60426881,83.7500
1624357228313000,0,5.94729939,83.8700
1624357292583000,1,2.41082671,83.8900
1624357292583000,1,1.02327649,83.8800
1624357292821000,1,5.00239963,83.8800
1624357387475000,1,1.00000000,83.0000
1624357389383000,1,69.00000000,82.8800
1624357442260000,0,30.41992821,84.6500
1624357446434000,0,0.49633760,84.8700
1624357446970000,0,0.01012934,84.8700
1624357543786000,1,2.50000000,85.4300
1624357554809000,0,4.71039528,85.5000
1624357554834000,0,4.52812869,85.5000
1624357761569000,0,1.28462810,84.3800
1624357761711000,0,19.01537190,84.3800
1624357799264000,1,3.00653831,84.2600
1624357836746000,0,2.50000000,84.7800
1624358532236000,1,2.50000000,86.3500
1624358595010000,0,1.93123031,86.8000
1624359118253000,0,2.50000000,85.6100
1624359575345000,1,0.41487303,85.6500
1624359941364000,1,1.20000000,85.1100
1624360072205000,1,1.30000000,84.8600
1624360142822000,1,4.83938349,84.7100
1624360142823000,1,1.91109928,84.7100
1624360510505000,0,2.50000000,84.5100
1624360511870000,0,66.40000000,84.5100
1624361096238000,1,6.93638635,84.0300
1624361117970000,0,12.62163370,84.0300
1624361118720000,0,0.25243267,84.0300
1624361118838000,0,0.00515169,84.0300
1624361133886000,1,2.39610860,83.9700
1624361133886000,1,5.99584576,83.9700
1624361134395000,1,5.99584576,83.9200
1624361134395000,1,2.39610860,83.9200
1624361134395000,1,15.59446913,83.9200
1624361134395000,1,21.30000000,83.8700
1624361139585000,0,1.87379072,83.9800
1624361206870000,1,1.49681865,83.8000
1624361206870000,1,21.10000000,83.8000
1624361228132000,1,21.00000000,83.8500
1624361235382000,0,7.80230920,83.9400
1624361236379000,0,4.97852897,83.9400
1624361236389000,0,0.10160263,83.9400
1624361251868000,1,21.30000000,83.7800
1624361297133000,0,12.70229506,83.4400
1624361297134000,0,0.25923051,83.4400
1624361328874000,0,12.68304128,83.5300
1624361328921000,0,0.25883758,83.5300
1624361333035000,0,1.86200000,83.5800
1624361338623000,1,2.13844698,83.4800
1624361339192000,1,2.13844698,83.4700
1624361339192000,1,13.90471012,83.4700
1624361467232000,0,12.69931282,83.4100
1624361467283000,0,0.25916965,83.4100
1624361469884000,1,2.41346694,83.3200
1624361483768000,1,6.03164114,83.2500
1624361664049000,0,1.02097064,83.4500
1624361782226000,1,2.92716705,82.9500
1624361860379000,1,2.52190823,82.7200
1624362071581000,1,2.30469181,83.1100
1624362078579000,1,0.04703453,83.1100
1624362202350000,0,21.10000000,83.3000
1624362321350000,0,0.59652278,83.4000
1624362377147000,1,1.74484780,83.4200
1624362377157000,1,0.03560914,83.4200
1624362512661000,0,15.77280344,83.8600
1624362519179000,0,13.58151861,83.9100
1624362842884000,1,29.67170070,83.1400
1624362933596000,1,3.17883726,82.6800
1624362933596000,1,0.51363544,82.6800
1624362933604000,1,0.75730046,82.6800
1624363065705000,0,4.80452789,83.0400
1624363065762000,0,0.09805159,83.0400
1624363153784000,1,1.30280311,82.2800
1624363159603000,1,1.30655316,82.0600
1624363181081000,1,1.24104192,82.2400
1624363181081000,1,3.10260480,82.2400
1624363181081000,1,8.06738312,82.2400
1624363209587000,0,32.00000000,82.4700
1624363247953000,1,1.05833842,81.9600
1624363247990000,1,7.81267741,81.9600
1624363248324000,1,2.64584605,81.9400
1624363286534000,1,22.00000000,81.4100
1624363339995000,1,0.53423904,80.3300
1624363486998000,1,30.48551720,80.9600
1624363509894000,0,2.16792359,80.8400
1624363510009000,0,3.18124949,80.8400
1624363510073000,0,0.00000001,80.8400
1624363512977000,0,2.32050231,80.9300
1624363515158000,0,1.32090870,81.0100
1624363711310000,1,8.31000000,80.3300
1624363711362000,1,0.00570132,80.3300
1624363743817000,0,29.94000000,80.4200
1624363755109000,0,6.94000000,80.5200
1624363758202000,0,12.07000000,80.5600
1624363774440000,0,26.51000000,80.7300
1624363781616000,0,0.00751854,80.7300
1624363786065000,1,2.53438777,80.7800
1624363786065000,1,5.26703566,80.7800
1624363786345000,1,10.27943062,80.7800
1624363786957000,1,2.53438777,80.7700
1624363786957000,1,2.52561223,80.7700
1624363787149000,1,0.00862633,80.7700
1624363820235000,0,8.73112713,80.6500
1624363820235000,0,21.81887287,80.6500
1624363842301000,1,21.90000000,80.4400
1624363923905000,0,4.00046632,81.0400
1624364033557000,1,1.91454447,81.2400
1624364097053000,1,1.20277164,81.0200
1624364097053000,1,4.04335674,81.0200
1624364097053000,1,13.30141661,81.0100
1624364097053000,1,3.00245501,81.0000
1624364133423000,0,6.67000000,80.9700
1624364135423000,0,0.00159988,80.9700
1624364135423000,0,6.65840012,81.0200
1624364142808000,1,1.69950970,80.8400
1624364142808000,1,0.67980388,80.8400
1624364157973000,0,8.02000000,80.8200
1624364160031000,0,0.00227021,80.8200
1624364160031000,0,1.32772979,80.8700
1624364172569000,0,11.95000000,81.4700
1624364237020000,0,9.26069565,81.7200
1624364279428000,0,6.45033503,82.1100
1624364492892000,1,30.49000000,81.7300
1624364639276000,1,1.78000000,81.2300
1624364730867000,1,10.00000000,80.0000
1624364730867000,1,0.78000000,80.0000
1624364734155000,1,0.22000000,80.0000
1624364738208000,1,7.29000000,79.7200
1624364917147000,0,2.72000000,79.5100
1624364917164000,0,0.00492301,79.5100
1624364945060000,0,1.33171360,79.6000
1624364975003000,0,2.65947664,79.7200
1624365047212000,0,0.53000000,80.9400
1624365049070000,0,0.00423904,80.9400
1624365055373000,0,9.56659723,81.6100
1624365059439000,1,9.56661800,81.1800
1624365136638000,0,7.10453000,81.9200
1624365136638000,0,20.05540643,81.9300
1624365191569000,0,30.66303211,82.4800
1624365228348000,0,5.50318201,82.3000
1624365303368000,1,29.99000000,81.0800
1624365303467000,1,0.00717073,81.0800
1624365336336000,1,2.05600000,80.4800
1624365366917000,0,2.06300000,80.3900
1624365420447000,0,4.03000000,80.4000
1624365746310000,0,31.42367591,79.4800
1624366096642000,1,1.90000000,79.3400
1624366096676000,1,46.10000000,79.3400
1624366416744000,1,2.51027173,79.5500
1624366416744000,1,6.27567931,79.5500
1624366416744000,1,6.63178418,79.5400
1624366429549000,0,10.78734960,79.8700
1624366429549000,0,10.79265040,79.8700
1624366435232000,0,0.00624180,79.8700
1624366439633000,1,2.28143821,79.8900
1624366490954000,1,46.00000000,79.9700
1624366505288000,0,0.96544744,80.2800
1624366505513000,0,9.71844183,80.2800
1624366505513000,0,26.70854028,80.2800
1624366559604000,1,2.25407988,79.6700
1624366648128000,0,2.06567974,80.8200
1624366672620000,0,13.35000000,81.0600
1624366706976000,0,13.29000000,81.3700
1624366765417000,1,29.33515597,81.1600
1624366773595000,1,30.11712920,80.9800
1624366833573000,1,7.14356337,80.8300
1624366833926000,1,14.65643663,80.8300
1624366887476000,0,5.17000000,81.4900
1624366924521000,0,22.00000000,81.8100
1624366960851000,0,21.90000000,81.1200
1624367083338000,1,1.00000000,81.2100
1624367116851000,1,2.55603428,81.1200
1624367138774000,0,13.29386194,81.3500
1624367138774000,0,10.53486853,81.3500
1624367148306000,0,10.52000000,81.4600
1624367166690000,1,2.51098334,81.4900
1624367166690000,1,4.30353627,81.4800
1624367191549000,0,10.50000000,81.5500
1624367209930000,0,10.50000000,81.5800
1624367245027000,1,2.35000000,81.4600
1624367278648000,1,6.19570177,81.2500
1624367280418000,1,2.20887082,81.1800
1624367295922000,0,13.31000000,81.2700
1624367400406000,1,1.30024324,80.9900
1624367463924000,0,10.66000000,80.2700
1624367490420000,1,13.49020389,79.9000
1624367490420000,1,22.00000000,79.9000
1624367490420000,1,30.04514565,79.8500
1624367490420000,1,6.45380453,79.8500
1624367501571000,0,30.56000000,79.9900
1624367520761000,1,2.24310073,79.7200
1624367645759000,0,30.30000000,80.2600
1624367691672000,0,1.35439153,79.8600
1624367691714000,0,0.00000001,79.8600
1624367694088000,1,30.24585144,79.7700
1624367850238000,0,10.73101942,79.8700
1624367850238000,0,26.81898058,79.8700
1624367874074000,0,6.20000000,79.7900
1624367922644000,0,10.76000000,79.6100
1624367998763000,0,6.83000000,79.0700
1624368090692000,0,30.09079571,79.4100
1624368090769000,0,0.61409787,79.4100
1624368218392000,0,3.54696234,79.1100
1624368439515000,1,6.35697072,79.2900
1624368472028000,0,7.00000000,79.4100
1624368483418000,0,2.09000000,79.5100
1624368483676000,0,5.38595655,79.5100
1624368483676000,0,1.94048087,79.5100
1624368610690000,0,2.21899549,79.7300
1624368614616000,0,0.04528562,79.7300
1624368660327000,1,22.10000000,79.4000
1624368791549000,0,9.82681789,79.1900
1624368791549000,0,3.92318211,79.1900
1624368794447000,0,0.00966613,79.1900
1624368794447000,0,25.56033387,79.2100
1624368808002000,1,22.70000000,78.8600
1624368951334000,0,1.05000000,78.9000
1624368962376000,1,2.28362932,78.8000
1624368978002000,0,0.85550365,79.1000
1624368978002000,0,5.56077371,79.1000
1624368978002000,0,2.13372264,79.1000
1624369092427000,1,32.20000000,78.5400
1624369157685000,1,22.80000000,78.3100
1624369197869000,1,0.62533713,77.8600
1624369241027000,0,13.77000000,78.4300
1624369241044000,0,0.00787072,78.4300
1624369310625000,0,9.01196112,78.3900
1624369310725000,0,0.18391757,78.3900
1624369333080000,0,4.88000000,78.0800
1624369333107000,0,0.00131998,78.0800
1624369359279000,1,16.88816357,77.7200
1624369372334000,0,2.85057186,77.8400
1624369372334000,0,6.92042694,77.8500
1624369414827000,0,1.79160515,77.5300
1624369414827000,0,4.47839485,77.5300
1624369414978000,0,0.00119565,77.5300
1624369414978000,0,4.47959050,77.5400
1624369415415000,0,1.17787911,77.6100
1624369415415000,0,2.94469778,77.6100
1624369415415000,0,4.47742311,77.6100
1624369516519000,0,0.69742873,77.9000
1624369516533000,0,0.00000001,77.9000
1624369577258000,1,49.00000000,77.2700
1624369592168000,0,9.71848744,77.1200
1624369635211000,1,53.00000000,76.5400
1624369854795000,0,13.22000000,76.3600
1624369854901000,0,0.93943166,76.3600
1624369874795000,0,4.28882919,76.4800
1624369888059000,0,1.12000000,76.6900
1624369888119000,0,10.06746216,76.6900
1624369888119000,0,7.88253784,76.6900
1624369888298000,0,20.08494808,76.6900
1624370015031000,0,11.23000000,76.1900
1624370025389000,0,11.24273245,76.2000
1624370135516000,0,4.27819429,75.8300
1624370136894000,0,0.62919550,75.9100
1624370189254000,0,4.09096334,76.0800
1624370194282000,0,5.68034459,76.1600
1624370200696000,0,1.82543792,76.3100
1624370200815000,0,0.85285369,76.3100
1624370211479000,0,2.83110838,76.3800
1624370211505000,0,0.00000001,76.3800
1624370340862000,1,5.15189861,77.4200
1624370341092000,0,4.16778598,77.4200
1624370589682000,1,69.00000000,78.0900
1624370653122000,1,23.02726753,77.0900
1624370653293000,1,52.97273247,77.0900
1624370987449000,0,0.55000000,77.4300
1624371019649000,0,3.55595761,77.5100
1624371019649000,0,8.88931171,77.5100
1624371019649000,0,3.55473068,77.5100
1624371040874000,0,30.28949436,77.9200
1624371119453000,1,2.00000000,77.9900
1624371155268000,0,2.00000000,77.7100
1624371242945000,0,13.82000000,78.2100
1624371242946000,0,0.00077332,78.2100
1624371308870000,0,2.54000000,78.2000
1624371310205000,0,2.54000000,78.2600
1624371310213000,0,0.00636156,78.2600
1624371329152000,0,2.48000000,78.2300
1624371347415000,0,2.00000000,78.3800
1624371347714000,0,0.00627255,78.3800
1624371347714000,0,5.01161086,78.4000
1624371347714000,0,13.02975132,78.4200
1624371410492000,1,2.50000000,78.4100
1624371418005000,1,20.20000000,78.4100
1624371442267000,1,1.47891475,78.0700
1624371442267000,1,3.69728688,78.0700
1624371442818000,1,1.47858163,78.0800
1624371442818000,1,3.69645408,78.0800
1624371455975000,0,2.50000000,78.0000
1624371456101000,0,4.33456555,77.9900
1624371462227000,0,7.14365645,77.9900
1624371618164000,0,3.39000000,78.0900
1624371618316000,0,0.00114210,78.0900
1624371668499000,0,1.96332748,77.6400
1624371668499000,0,4.91277523,77.6500
1624371668653000,0,4.90764864,77.6400
1624371686973000,0,0.88000000,77.9400
1624371753965000,0,9.05234827,78.2400
1624371753965000,0,5.98765173,78.2400
1624371754028000,0,16.64016457,78.2400
1624371830720000,0,4.20037059,78.5700
1624371830720000,0,13.74441911,78.5800
1624371868270000,0,2.07000000,79.0800
1624371994811000,1,4.16280694,78.8300
1624371994811000,1,10.40720141,78.8300
1624372144550000,0,0.44242665,79.7000
1624372144550000,0,1.07509675,79.7000
1624372144614000,0,0.03096987,79.7000
1624372225239000,0,3.46000000,79.5500
1624372225358000,0,0.00082557,79.5500
1624372225511000,0,0.70816133,79.5800
1624372312679000,0,0.48000000,80.2000
1624372312735000,0,0.00395853,80.2000
1624372312878000,0,1.20989632,80.2100
1624372312878000,0,3.14573044,80.2100
1624372313898000,0,0.48395853,80.3100
1624372313898000,0,3.14573044,80.3100
1624372313898000,0,0.72031103,80.3100
1624372499889000,0,1.83289215,79.9200
1624372539681000,0,1.10232961,79.5100
1624372549275000,0,5.32176440,79.4900
1624372549275000,0,0.81873298,79.4900
1624372549275000,0,2.03950262,79.4900
1624372549311000,0,0.00732984,79.4900
1624372550610000,0,0.81873298,79.5900
1624372550610000,0,5.32126702,79.5900
1624372606623000,0,0.29633968,79.4900
1624372606732000,0,0.00000001,79.4900
1624372657689000,1,2.50000000,79.8000
1624372658478000,1,14.91561269,79.8000
1624372755511000,0,3.88273772,79.7900
1624372755511000,0,1.54726228,79.7900
1624372835894000,1,2.97419324,79.7400
1624372943208000,1,31.28623213,79.8600
1624372959530000,0,9.45000000,79.9000
1624372985354000,0,28.38000000,80.0700
1624373096922000,0,0.79324833,80.4100
1624373096922000,0,1.98154218,80.4200
1624373096922000,0,2.62147823,80.4200
1624373142239000,1,31.94309534,80.0800
1624373253731000,0,0.61000000,79.7600
1624373253966000,0,0.00233915,79.7600
1624373253966000,0,1.52766085,79.7700
1624373276068000,0,2.39450528,79.8100
1624373276068000,0,0.95549472,79.8100
1624373291453000,0,0.52000000,79.8900
1624373304191000,0,9.65000000,80.2100
1624373366929000,0,2.97207319,80.1000
1624373366929000,0,2.96792681,80.1000
1624373427579000,0,31.33364432,80.5200
1624373641168000,0,10.50000000,81.8400
1624373641316000,0,0.00097290,81.8400
1624373641514000,0,26.25000000,81.8500
1624373641526000,0,0.00191746,81.8500
1624373673330000,0,1.29198825,81.9200
1624373815770000,0,7.91000000,81.7800
1624373831529000,0,10.11000000,81.9000
1624373861684000,0,10.21000000,82.1700
1624373861687000,0,0.00382997,82.1700
1624373929686000,1,5.41590657,82.7100
1624373979921000,0,20.50459906,82.6500
1624373992914000,1,13.05000000,82.4500
1624374085174000,0,0.73960366,81.7500
1624374091109000,0,0.73967762,81.7000
1624374092863000,0,2.57436352,81.6900
1624374121076000,0,2.89997747,81.4100
1624374121192000,0,9.25218002,81.4100
1624374336822000,0,4.37973869,81.6500
1624374336822000,0,10.94845394,81.6600
1624374336822000,0,4.37920196,81.6700
1624374336822000,0,9.05260541,81.6800
1624374337878000,0,21.60000000,81.6800
1624374423220000,0,3.02750998,81.7000
1624374423220000,0,7.56249002,81.7000
1624374423311000,0,0.00628229,81.7000
1624374624496000,0,10.41000000,82.8700
1624374624568000,0,0.00871107,82.8700
1624374670040000,1,29.30000000,82.6500
1624374755135000,0,1.21255563,82.8900
1624374820222000,0,7.84000000,82.5500
1624375102867000,0,7.35259311,82.8400
1624375516517000,0,8.26998039,83.2600
1624375517049000,0,53.74752799,83.2700
1624375533672000,1,0.73726756,83.4900
1624375537680000,1,4.20242512,83.6000
1624375547502000,1,2.18463297,83.7100
1624375551777000,1,3.86200000,83.8300
1624375562872000,1,7.47355822,83.8300
1624375562881000,1,0.51981648,83.8300
1624375567690000,1,3.85690000,83.9600
1624375580515000,0,29.44000000,84.6100
1624375820919000,0,7.55601963,84.4200
1624375844556000,0,12.47187661,84.7800
1624376039283000,0,3.58000000,85.4500
1624376041033000,0,0.00339749,85.4500
1624376238000000,0,10.11000000,84.5100
1624376238128000,0,0.00792613,84.5100
1624376243407000,0,5.57790386,84.7900
1624376444363000,0,25.37187990,84.2800
1624376444363000,0,10.14812010,84.2800
1624376551450000,1,29.73678186,83.9100
1624376711412000,0,10.15206698,84.3000
1624376711412000,0,25.37793302,84.3000
1624376823669000,0,10.24000000,83.5200
1624376823716000,0,0.00955246,83.5200
1624377168075000,0,30.35000000,84.6100
1624377247191000,0,5.64343665,84.9000
1624377247219000,0,15.25656335,84.9000
1624377281885000,0,5.16249517,85.1200
1624377281885000,0,12.90524518,85.1200
1624377281885000,0,33.55179579,85.1200
1624377664102000,0,12.64000000,85.4000
1624377931945000,0,32.08000000,86.9900
1624377957246000,0,6.00600507,87.2200
1624377957248000,0,14.39399493,87.2200
1624378021595000,0,9.51470338,87.5100
1624378111072000,1,31.89000000,86.9500
1624378191930000,1,5.70000000,86.8500
1624378246225000,0,12.45284781,86.6500
1624378246225000,0,29.57670456,86.6800
1624378311719000,1,20.01093162,86.4000
1624378347546000,0,9.92833810,86.2000
1624378347914000,0,24.81000000,86.2000
1624378347925000,0,0.00893361,86.2000
1624378442731000,1,28.99397282,86.1000
1624378498817000,0,32.07000000,86.3300
1624378527594000,1,1.20000000,86.1200
1624378540285000,0,9.94512474,86.1000
1624378540285000,0,24.85487526,86.1000
1624378544604000,0,9.92635643,86.2000
1624378630839000,0,7.10000000,85.6400
1624378662420000,0,2.27358318,85.3900
1624378662439000,0,5.34502606,85.3900
1624378662439000,0,19.04535164,85.3900
1624378662679000,0,44.18000000,85.4600
1624378982852000,0,1.24805204,86.4400
1624378982853000,0,1.24805204,86.4400
1624378991677000,0,20.10000000,86.9200
1624379045397000,0,30.21000000,86.9100
1624379087317000,1,32.15000000,86.6500
1624379120242000,0,0.48000000,86.4900
1624379408133000,1,9.89279898,85.9800
1624379422233000,1,30.89862266,85.8200
1624379763554000,0,2.50000000,85.0900
1624379905736000,1,2.50000000,84.6000
1624379928266000,1,7.64620094,84.6000
1624379929053000,1,3.46337900,84.6000
1624379929257000,1,9.26315871,84.6000
1624379933971000,1,7.64637845,84.6000
1624379967837000,0,2.50000000,84.6800
1624380143242000,1,2.50000000,84.9300
1624380197540000,0,1.48185424,84.9200
1624380347374000,0,0.63900000,85.0400
1624380409463000,1,2.90518547,85.2400
1624380549675000,1,2.12000000,85.0500
1624380566802000,0,1.26987693,84.9100
1624380595596000,0,3.51610627,85.0600
1624380595598000,0,3.13248479,85.0600
1624380596059000,0,1.52763390,85.0600
1624380596077000,0,1.97602120,85.0600
1624380596077000,0,1.20000000,85.3500
1624380596077000,0,6.35327860,85.3600
1624380596890000,0,5.84672140,85.3600
1624380596890000,0,3.46252072,85.3700
1624380597635000,1,1.19989980,85.3500
1624380597692000,0,0.00010020,85.3500
1624380597721000,0,6.45988052,85.3700
1624380597895000,1,9.85799970,85.3600
1624380597982000,0,12.60185076,85.3700
1624380598184000,0,9.31527249,85.3700
1624380863754000,1,29.65373878,85.7800
1624381089604000,0,0.36800000,86.0700
1624381168853000,0,2.13200000,86.2400
1624381210215000,0,1.90000000,86.2900
1624381346079000,1,0.50000000,86.0000
1624381413531000,0,32.12000000,86.0500
1624381445008000,1,3.25000000,86.1100
1624381445120000,1,28.39000000,86.1100
1624381445140000,1,0.00660047,86.1100
1624381613653000,1,3.11178688,85.4500
1624381656233000,0,2.51000000,85.5800
1624381779313000,1,7.44000000,85.3500
1624381816903000,1,0.99000000,85.0700
1624381852784000,0,20.60000000,85.2000
1624381888808000,1,2.50000000,85.4200
1624381891365000,1,4.78862524,85.4200
1624381998209000,0,2.50000000,85.3400
1624382157124000,1,0.48000000,85.3900
1624382299031000,0,30.62000000,85.5200
1624382304571000,0,1.25000000,85.6800
1624382515385000,1,16.79000000,85.3600
1624382516082000,1,0.00184120,85.3600
1624382578992000,0,2.53000000,85.4700
1624382579237000,0,3.50000000,85.4700
1624382953537000,0,1.07363354,85.9700
1624382953537000,0,0.25149306,85.9800
1624383217901000,0,0.50000000,86.4400
1624383217954000,0,0.00831810,86.4400
1624383217954000,0,1.27121018,86.4500
1624383262901000,0,1.26910751,86.3300
1624383262901000,0,0.50089249,86.3300
1624383280259000,0,0.45861721,86.3500
1624383303609000,0,0.42128430,86.3900
1624383303609000,0,0.41871570,86.4100
1624383349792000,0,0.28879707,86.5400
1624383349792000,0,0.72120293,86.5400
1624383350043000,0,0.72215458,86.5500
1624383350043000,0,0.14784542,86.5800
1624383549978000,1,1.20000000,86.3100
1624383836204000,1,1.30000000,85.9400
1624383937741000,0,30.20000000,85.8500
1624384357354000,1,7.52465616,86.4700
1624384459874000,0,29.29924592,86.9000
1624384459874000,0,12.39704162,86.9100
1624384462735000,0,12.37000000,87.0300
1624384488514000,0,4.84696518,87.1800
1624384488722000,0,0.09891766,87.1800
1624384546524000,0,9.87000000,87.3000
1624384720119000,0,11.13895588,87.0500
1624384816781000,1,31.99000000,86.7300
1624385043534000,0,0.49000000,86.4300
1624385043637000,0,0.00883825,86.4300
1624385126341000,0,0.81470739,86.1400
1624385126341000,0,0.32529261,86.1400
1624385126535000,0,0.00059035,86.1400
1624385126535000,0,9.99940965,86.1500
1624385127025000,0,2.11000000,86.2700
1624385138095000,1,0.58895936,86.3000
1624385153866000,0,0.43628617,86.0800
1624385153870000,0,0.00000001,86.0800
1624385153986000,0,0.43628617,86.0700
1624385157595000,0,0.56868717,86.2000
1624385157670000,0,0.04156188,86.2000
1624385186894000,0,3.95005245,86.0900
1624385186960000,0,3.56185704,86.0900
1624385189745000,0,4.80338687,86.1200
1624385192417000,0,5.00397793,86.1400
1624385194623000,0,0.00000001,86.1400
1624385194623000,0,1.40522520,86.1400
1624385194779000,0,2.49891960,86.1400
1624385216162000,0,1.25158521,86.0800
1624385216226000,0,0.00000001,86.0800
1624385227856000,0,1.25104070,86.1100
1624385234648000,0,0.00000001,86.1100
1624385234648000,0,1.25020285,86.1600
1624385234707000,0,0.00000002,86.1600
1624385263274000,1,1.59557227,86.3000
1624385263284000,1,1.59563600,86.3000
1624385300163000,0,2.50000000,86.3000
1624385309463000,1,0.26200000,86.1900
1624385317971000,1,0.00093598,86.1900
1624385369364000,0,3.96604856,86.3000
1624385369364000,0,5.99395144,86.3000
1624385372158000,0,0.00606456,86.3000
1624385384921000,0,29.61000000,86.4000
1624385404202000,1,2.23800000,86.4800
1624385482984000,0,0.74251774,86.7800
1624385482995000,0,1.03668410,86.7800
1624385483373000,0,0.08065449,86.7800
1624385483373000,0,4.64960863,86.7800
1624385483375000,0,0.00000001,86.7800
1624385623163000,0,2.50000000,86.8800
1624385796331000,0,0.00326876,87.3000
1624385796331000,0,29.22673124,87.3100
1624385959899000,0,4.84157759,87.0700
1624385959899000,0,12.09842241,87.0700
1624385959975000,0,0.00552157,87.0700
1624385960063000,0,12.38560977,87.0800
1624386213797000,1,2.50000000,86.4500
1624386251429000,0,5.26000000,86.3900
1624386251622000,0,5.26475546,86.4000
1624386251622000,0,13.16151622,86.4000
1624386251622000,0,1.24637434,86.4100
1624386635374000,0,2.50000000,86.8800
1624386677768000,0,11.96000000,87.4700
1624386722174000,0,20.29999999,87.9200
1624386722176000,0,0.00000001,87.9200
1624386729858000,0,8.49907573,88.0100
1624386729888000,0,3.74756773,88.0100
1624386729888000,0,3.29793859,88.0100
1624386729904000,0,2.44540165,88.0100
1624386878435000,1,2.50000000,87.7800
1624387302137000,0,0.89773909,87.8800
1624387302218000,0,2.45043030,87.8800
1624387302428000,0,3.43455441,87.8800
1624387303615000,0,0.57556299,87.8800
1624387303619000,0,0.00000001,87.8800
1624387411973000,1,3.66645161,88.1400
1624387415432000,0,6.61333000,88.3500
1624387415432000,0,1.20000000,88.5200
1624387415432000,0,14.74933123,88.5300
1624387445323000,0,0.34838217,88.3200
1624387445477000,0,1.59111275,88.3200
1624387445533000,0,0.50212625,88.3200
1624387470811000,1,2.44169271,88.2300
1624387481983000,0,1.22145352,88.2500
1624387484822000,0,0.00000001,88.2500
1624387484822000,0,1.22145352,88.2500
1624387484903000,0,0.00000001,88.2500
1624387493609000,0,1.21976741,88.3200
1624387495533000,0,0.00000001,88.3200
1624387495533000,0,1.21976741,88.3200
1624387532110000,1,29.53332463,88.0500
1624387593550000,0,1.05491082,87.9300
1624387593644000,0,2.44231119,87.9300
1624388018682000,0,2.55094597,87.7400
1624388122227000,0,2.50000000,87.6000
1624388847533000,0,7.42000000,86.9700
1624388853031000,0,0.00175536,86.9700
1624388853031000,0,29.51824464,87.0100
1624389052227000,1,2.01000000,86.6300
1624389052260000,1,0.00888791,86.6300
1624389081870000,1,1.20000000,86.3400
1624389213847000,0,1.20800000,86.8100
1624389381324000,0,3.54088045,86.8300
1624389381410000,0,8.85357182,86.8200
1624389636571000,0,32.27000000,86.9900
1624389807455000,0,3.40929635,86.1500
1624389807455000,0,8.52070365,86.1500
1624389807628000,0,0.00245030,86.1500
1624389843079000,0,7.30000000,85.8900
1624389912783000,0,2.71494929,86.0000
1624389912783000,0,2.71505071,86.0000
1624389941353000,0,2.62039128,86.2400
1624389941353000,0,6.53960872,86.2400
1624389952235000,0,2.19469254,86.3200
1624389952235000,0,5.48673136,86.3200
1624389952235000,0,14.25857610,86.3200
1624390932478000,1,3.17000000,86.6500
1624391402880000,0,4.83639824,86.3300
1624391402880000,0,1.93360176,86.3300
1624391402924000,0,0.00093563,86.3300
1624391726916000,1,2.50000000,86.2500
1624391880645000,1,20.40000000,85.7500
1624391912231000,0,2.50000000,85.9000
1624391914284000,0,2.25818610,85.9000
1624391915148000,0,7.27161313,85.9000
1624391915276000,0,8.77020077,85.9000
1624391977791000,1,32.51510800,85.7700
1624392538764000,0,5.79578285,85.8400
1624392926359000,0,30.13000000,86.3800
1624392957801000,0,9.91191500,86.4400
1624392957801000,0,1.55808500,86.4400
1624393009804000,0,29.26448463,86.5900
1624393009804000,0,12.42551537,86.5900
1624393105859000,1,1.20000000,86.4700
1624393151535000,0,1.20000000,86.6900
1624393389731000,1,20.50000000,86.1700
1624393728964000,0,9.86000000,86.8800
1624393729105000,0,0.00325913,86.8800
1624393729108000,0,24.65707271,86.8900
1624393729108000,0,64.09516459,86.8900
1624393752941000,1,5.94729939,86.8200
1624393861193000,1,30.17381511,86.4800
1624394016405000,0,7.64000000,86.3100
1624394512039000,1,9.19000000,86.8000
1624394512221000,1,0.00803137,86.8000
1624394951219000,1,1.20000000,86.8400
1624395133361000,0,3.67787258,87.3000
1624395133361000,0,1.46212742,87.3000
1624395147827000,1,2.19884190,87.4100
1624395147827000,1,0.30115810,87.4100
1624395318009000,0,1.59369655,88.0000
1624395318009000,0,3.98424136,88.0000
1624395318009000,0,10.35900036,88.0000
1624395318768000,0,2.50000000,88.0900
1624395325496000,1,2.50000000,88.1700
1624395400164000,1,31.31524217,87.8900
1624395561857000,0,2.50000000,87.8100
1624395566307000,0,17.80000000,87.8100
1624395778255000,1,2.50000000,87.8300
1624395778657000,1,17.60000000,87.8300
1624395862116000,0,2.03810282,87.9200
1624396092833000,1,20.30000000,87.2500
1624396173977000,0,1.40000000,87.2300
1624396174088000,0,0.00619664,87.2300
1624396402550000,0,1.61405061,86.8300
1624396402550000,0,4.03538627,86.8400
1624396402550000,0,1.61415451,86.8400
1624396403353000,0,1.61415451,86.8500
1624396403353000,0,1.60584549,86.8500
1624396416053000,0,30.71000000,86.9500
1624396527348000,0,29.28647850,86.9500
1624396869160000,0,12.38000000,86.8800
1624397040900000,0,0.00938407,86.8800
1624397664599000,1,1.20000000,86.4800
1624397664599000,1,12.78334715,86.4700
1624397719026000,1,203.00000000,86.2500
1624397818176000,0,2.50000000,85.6400
1624398099579000,0,4.05665440,85.7500
1624398099673000,0,4.79527518,85.7500
1624398099763000,0,2.50566003,85.7500
1624398099815000,0,2.50524093,85.7500
1624398099829000,0,1.25246334,85.7500
1624398099885000,0,5.48470612,85.7500
1624398470166000,1,6.03415710,85.2200
1624398470166000,1,15.68880846,85.2200
1624398470166000,1,2.40703444,85.2200
1624398470261000,1,0.00662840,85.2200
1624399231292000,0,19.50000000,85.8800
1624399251425000,0,9.95000000,86.0500
1624400154018000,1,2.50000000,87.6000
1624400315249000,0,2.50000000,86.8600
1624400677931000,1,2.50000000,86.8800
1624400678356000,1,6.07000000,86.8800
1624400678371000,1,0.00151333,86.8800
1624400703421000,0,0.54428193,86.8300
1624400860276000,0,2.50000000,86.2000
1624401081360000,0,4.03000000,85.9200
1624401092374000,0,3.03000000,85.9900
1624401092634000,0,0.72797345,85.9900
1624401092634000,0,9.39281838,86.0200
1624401177654000,1,2.53800580,86.1100
1624401245374000,1,2.35700000,86.0400
1624401269582000,1,5.71023768,85.6800
1624401539896000,0,2.35700000,85.5600
1624401686454000,0,5.34000000,85.6300
1624401686474000,0,0.00498905,85.6300
1624401933706000,1,2.50000000,85.3100
1624401946515000,1,2.76000000,85.3100
1624401946595000,1,0.00483180,85.3100
1624402063254000,0,2.50000000,85.5000
1624402702169000,0,6.31000000,86.0600
1624402702299000,0,0.00718743,86.0600
1624402702299000,0,3.77281257,86.0900
1624402824730000,0,12.46000000,86.4300
1624402937394000,1,1.66207427,86.5900
1624402939389000,1,2.50000000,86.5800
1624402989550000,0,8.49949163,86.3200
1624403676917000,1,4.99068801,85.5500
1624403727546000,0,2.50000000,85.9000
1624403849487000,0,29.62000000,86.4600
1624404100411000,1,2.50000000,85.7700
1624404406168000,0,7.01000000,85.0900
1624404406179000,0,0.00494013,85.0900
1624404434506000,0,2.50000000,85.2700
1624404656345000,1,6.69000000,85.1600
1624404782179000,1,1.90473316,84.7800
1624404782179000,1,4.76183291,84.7800
1624404813839000,0,0.27533752,84.6800
1624404813859000,0,9.83579414,84.6800
1624404814355000,0,10.10807264,84.6900
1624404814355000,0,25.26192736,84.7000
1624404868295000,1,1.79786193,84.6800
1624404871581000,1,1.87800000,84.6100
1624404872086000,1,0.00032566,84.6100
1624404872628000,1,4.69581414,84.5600
1624404892380000,1,1.62433349,84.5600
1624405022547000,0,1.87800000,84.6500
1624405101364000,0,24.92111018,84.3900
1624405101364000,0,9.96888982,84.3900
1624405462252000,1,1.85892891,84.5600
1624405532571000,0,8.70000000,84.6800
1624405649908000,0,0.26467494,85.1000
