timestamp ms,type,amount,price
1624838563382000,0,9.21876845,95.8300
1624838563382000,0,3.68752560,95.8300
1624838563382000,0,23.96861603,95.8500
1624838563382000,0,0.00508992,95.8600
1624838845053000,0,28.61000000,95.1300
1624838918361000,0,40.00000000,95.1600
1624839023083000,0,6.93000000,95.3500
1624839088763000,1,29.85000000,95.0500
1624839088921000,1,0.00879427,95.0500
1624839088936000,1,1.62574476,95.0000
1624839088936000,1,11.36103496,95.0000
1624839098138000,0,11.37000000,95.0700
1624839098206000,0,0.00879890,95.0700
1624839241248000,0,6.31000000,95.0600
1624840081620000,0,11.40000000,94.7600
1624840083599000,0,55.00000000,94.8200
1624840124746000,0,11.37000000,94.9800
1624840465290000,0,1.63000000,95.2100
1624840506033000,0,4.90000000,95.1800
1624840716358000,1,29.17000000,94.8400
1624841490528000,0,30.01000000,94.9800
1624842123601000,0,11.37000000,95.0700
1624844173505000,0,0.65000000,94.5200
1624845144271000,0,11.43000000,94.5500
1624845144353000,0,0.00450251,94.5500
1624845599002000,1,29.22000000,94.0400
1624845666654000,0,29.73000000,94.5100
1624845921904000,0,11.43000000,94.5700
1624846379565000,0,11.46000000,94.3300
1624846381253000,0,0.00813740,94.3300
1624846381253000,0,11.46186260,94.3300
1624846505407000,0,0.00627480,94.3300
1624846505407000,0,11.45372520,94.3800
1624846860119000,0,11.41000000,94.7200
1624846860184000,0,0.00830119,94.7200
1624847577561000,0,11.40000000,94.8600
1624847648444000,0,0.00297157,94.8600
1624847648444000,0,11.39702843,94.8700
1624847648601000,0,0.00464333,94.8700
1624848489983000,0,11.44000000,94.4600
1624848663608000,0,8.73000000,94.3500
1624849280688000,0,0.00811650,94.4600
1624853465237000,0,11.43000000,94.5000
1624853465481000,0,0.00846742,94.5000
1624853465481000,0,54.00000000,94.5100
1624856962839000,0,11.44000000,94.4500
1624858716414000,1,0.65000000,94.3400
1624860430365000,0,0.65000000,94.7900
1624860430387000,0,25.88000000,94.7900
1624860877292000,0,11.36898793,95.0500
1624861077544000,0,11.35280556,95.2100
1624861095497000,0,44.00000000,95.3300
1624861095497000,0,11.34090055,95.3400
1624861542989000,1,0.65000000,94.8600
1624861741014000,0,0.83000000,94.7600
1624862129969000,0,0.65000000,94.7000
1624864334518000,0,31.37000000,94.4800
1624864334591000,0,0.00689633,94.4800
1624864928358000,1,0.65000000,95.2400
1624864976331000,0,11.33000000,95.1400
1624865664341000,1,30.82000000,95.4000
1624866204661000,0,7.60000000,95.7300
1624866227993000,0,8.95000000,95.9100
1624866228034000,0,0.00175204,95.9100
1624866275303000,0,8.94000000,95.9300
1624866275370000,0,0.00336933,95.9300
1624868069409000,0,0.65000000,96.1100
1624868121746000,0,8.90000000,96.3700
1624868137542000,1,6.55000000,96.1500
1624868297525000,0,8.90000000,96.3900
1624868393669000,0,8.91058305,96.3800
1624868393669000,0,22.27536541,96.3800
1624868410390000,0,8.64000000,96.6900
1624868410522000,0,12.29407688,96.6900
1624868410522000,0,8.37389107,96.6900
1624868422158000,0,1.00000000,97.0000
1624868430882000,0,18.20000000,97.1200
1624868478381000,0,4.35625359,96.7600
1624868478381000,0,4.35604308,96.8100
1624868478381000,0,10.88770333,96.8100
1624868478485000,0,0.00027472,96.8100
1624868587728000,1,0.65000000,96.6900
1624869654438000,0,0.65000000,96.3000
1624870814670000,0,11.19000000,96.3500
1624871367932000,0,11.20000000,96.2500
1624871417553000,1,0.65000000,96.0500
1624871494036000,0,11.22000000,96.1500
1624871641052000,0,11.20000000,96.2800
1624871641052000,0,11.20000000,96.2800
1624871641112000,0,0.00720846,96.2800
1624871641112000,0,0.00720846,96.2800
1624871692661000,0,11.21130214,96.2400
1624871692661000,0,18.30000000,96.2400
1624871692661000,0,5.73905158,96.2600
1624871692661000,0,11.21130214,96.2400
1624871692661000,0,18.30000000,96.2400
1624871692661000,0,5.73905158,96.2600
1624871692661000,0,6.10190254,96.2800
1624871692661000,0,6.10190254,96.2800
1624871753383000,1,1.00000000,96.1000
1624872238342000,0,29.20289600,96.4900
1624872238342000,0,11.17710400,96.4900
1624872238342000,0,29.20289600,96.4900
1624872238342000,0,11.17710400,96.4900
1624872238420000,0,0.00577253,96.4900
1624872639287000,0,11.17000000,96.5500
1624872742606000,1,21.10000000,96.5100
1624872852542000,1,18.40000000,96.0900
1624873017739000,1,30.19000000,95.9000
1624873017762000,1,1.99801568,95.9000
1624873264819000,0,30.10000000,95.7800
1624873760779000,1,30.06000000,95.1200
1624874309454000,0,0.77000000,95.4000
1624874309500000,0,11.99000000,95.4000
1624874487557000,1,2.07461017,95.3300
1624874487607000,1,0.04233898,95.3300
1624874729450000,0,9.05000000,94.8000
1624874762155000,0,9.06000000,94.6500
1624875189981000,0,17.49000000,94.9500
1624875410535000,0,0.65000000,94.8200
1624875955348000,1,1.51698174,94.4600
1624875955348000,1,3.79251853,94.4600
1624876017582000,1,29.47000000,94.1800
1624876086372000,0,30.07000000,94.6100
1624876374932000,0,5.15000000,94.6700
1624876374950000,0,6.24626011,94.6700
1624876420154000,1,0.52000000,94.5300
1624879724120000,1,11.43459437,94.3000
1624879724120000,1,6.17035000,94.2500
1624879724120000,1,29.91504838,94.2300
1624879724120000,1,39.63234058,94.2300
1624882484669000,1,1.07581542,94.0800
1624882484669000,1,0.42418458,94.0800
1624882567918000,0,10.12070035,94.1400
1624882634603000,0,5.60359296,94.4700
1624882648438000,0,29.83922500,94.5000
1624882823015000,0,11.43000000,94.4800
1624882849819000,0,11.43000000,94.4400
1624882873024000,1,0.65000000,94.3600
1624882983098000,0,11.45000000,94.3300
1624883016738000,0,11.45000000,94.3000
1624883093546000,0,0.00981974,94.4400
1624883093546000,0,0.00576611,94.4800
1624883093546000,0,11.42441415,94.4900
1624883163441000,0,11.46000000,94.2600
1624883259675000,0,4.82000000,94.2400
1624883340871000,0,5.67000000,94.1300
1624883438168000,0,11.49000000,93.9700
1624883553860000,0,11.26765366,93.9200
1624884193157000,0,0.00041779,93.9700
1624884193157000,0,0.64958221,94.0800
1624884403334000,1,28.49000000,93.9000
1624884403426000,1,0.00705255,93.9000
1624884496321000,0,0.00011213,94.2600
1624884554164000,0,10.30000000,94.3000
1624885454750000,1,0.65000000,94.2400
1624885663522000,0,10.33551169,94.0500
1624885710832000,0,9.11000000,94.0900
1624886043469000,0,21.79000000,94.0900
1624886089474000,1,2.29193008,93.9400
1624886225432000,0,6.87000000,94.1900
1624886293933000,0,3.44000000,94.1000
1624887273107000,1,29.56000000,94.0100
1624887307755000,0,31.32000000,94.0400
1624888121401000,1,0.52000000,93.6400
1624888121417000,1,0.00514907,93.6400
1624888146460000,0,4.16000000,93.7400
1624888703396000,1,0.47000000,93.6600
1624888703517000,1,0.73000000,93.6600
1624889275538000,0,11.27013547,93.8300
1624889275561000,0,0.23000276,93.8300
1624892335370000,0,6.16000000,95.1900
1624892469935000,0,11.35000000,95.1900
1624892542093000,0,11.09578192,95.5100
1624892596066000,0,11.29000000,95.7200
1624893990424000,0,4.62000000,97.6100
1624893990519000,0,0.00980067,97.6100
1624894012151000,1,59.00000000,97.7800
1624894845229000,0,1.65193297,97.6100
1624895316654000,0,11.05000000,97.8600
1624895316745000,0,0.00215717,97.8600
1624896097092000,1,2.11546326,98.2600
1624896097092000,1,18.00000000,98.2600
1624896097092000,1,2.09470053,98.1800
1624896123218000,0,8.73000000,98.4100
1624896190172000,1,3.00296014,98.1800
1624896258272000,1,29.89000000,97.8900
1624896258452000,1,0.00905066,97.8900
1624896571519000,0,12.59000000,98.2800
1624897032760000,0,1.10000000,98.0400
1624898486654000,0,1.00000000,98.5000
1624898858095000,0,0.65000000,99.2600
1624899179696000,1,0.65000000,99.8900
1624899918781000,1,7.40000000,99.6000
1624900677958000,0,0.65000000,99.1100
1624900772968000,1,0.65000000,98.5300
1624902269818000,0,0.65000000,98.1700
1624902269897000,0,3.22000000,98.1700
1624902270179000,0,5.53000000,98.2300
1624903269268000,0,10.99000000,98.4100
1624905293398000,0,11.02000000,98.1400
1624906837264000,0,11.08276042,97.6200
1624906984046000,1,0.65000000,97.9100
1624906984223000,1,1.57509688,97.9100
1624907699199000,0,0.65000000,97.8600
1624909629137000,1,0.65000000,98.3000
1624909629279000,1,0.53626156,98.3000
1624911876386000,1,6.25403310,98.0500
1624912035437000,0,7.90722164,98.3000
1624912047462000,0,3.10161119,98.3000
1624913596441000,0,0.65000000,98.7100
1624913767131000,0,10.95000000,98.7100
1624916446063000,1,2.05769217,99.7700
1624916722344000,1,1.91997037,100.4000
1624916736421000,0,8.57968375,100.3600
1624916736421000,0,21.45031625,100.3600
1624917586412000,1,0.65000000,100.0500
1624917630214000,0,0.94378432,100.1500
1624917774796000,0,0.47345221,99.8200
1624918524032000,0,10.90000000,99.2000
1624920411792000,1,1.23821088,98.8200
1624920553626000,0,10.91000000,99.1000
1624920553683000,0,0.00867043,99.1000
1624921787790000,0,0.64200000,98.3000
