timestamp ms,type,amount,price
1622678485517000,0,0.31690000,694.6400
1622678562355000,0,3.95432252,698.1600
1622678562355000,0,6.71963894,698.1600
1622678580253000,1,0.33326157,697.8000
1622678580752000,1,8.64000000,697.8300
1622678587108000,1,7.04000000,697.5300
1622678693039000,1,2.00000000,701.5100
1622678698503000,1,0.56162359,701.8900
1622678903412000,1,7.19407948,699.0400
1622678915581000,0,2.14630000,699.5800
1622678931318000,1,3.97815186,698.0700
1622678977065000,1,0.05800000,696.4900
1622678978693000,1,0.38666111,696.4900
1622678997552000,0,1.75680000,695.3700
1622678998296000,0,0.08100000,695.3200
1622678999536000,0,2.15910000,695.4400
1622678999539000,0,0.00003050,695.4400
1622678999539000,0,8.63996950,695.4700
1622678999667000,0,1.20000000,695.4700
1622679002999000,0,3.79070000,695.6300
1622679003236000,0,7.71230000,695.6300
1622679059665000,0,0.28778221,694.9700
1622679063666000,0,0.28799353,694.4500
1622679064197000,0,0.17052801,694.4500
1622679064650000,0,2.00000000,694.4000
1622679065801000,1,2.21100000,693.5900
1622679065950000,1,2.04885000,693.5900
1622679065997000,1,0.00000510,693.5900
1622679071043000,1,1.96000000,692.2700
1622679071483000,1,0.04000000,692.2700
1622679074556000,1,0.09375000,692.2600
1622679075594000,1,1.11963506,692.3100
1622679075594000,1,0.44785402,692.3100
1622679075594000,1,0.09375000,692.3000
1622679075891000,1,2.16515804,691.8500
1622679075891000,1,0.09468750,691.7800
1622679075891000,1,1.35000000,691.6500
1622679077481000,0,0.40130371,692.8500
1622679079065000,1,2.16000000,692.0100
1622679079065000,1,2.00000000,691.9900
1622679079065000,1,1.25248330,691.9800
1622679080665000,0,1.00000000,692.3800
1622679123438000,0,0.06270000,693.3900
1622679180673000,0,3.49036890,693.6900
1622679180869000,0,0.68839029,693.6900
1622679278366000,0,0.13950000,692.5900
1622679308661000,1,8.10220000,691.0200
1622679308667000,1,0.00002564,691.0200
1622679308667000,1,8.63997436,691.0100
1622679308932000,1,8.64000000,691.0100
1622679309356000,1,8.14951000,691.0100
1622679309565000,1,24.50000000,691.0100
1622679310573000,1,6.50000000,691.0100
1622679310655000,1,4.50000000,691.0100
1622679310749000,1,5.50000000,691.0100
1622679310860000,1,4.67349000,691.0100
1622679312168000,0,0.30000000,691.2600
1622679312543000,1,0.00000778,691.0100
1622679315001000,0,7.96270000,690.5800
1622679315164000,0,8.64000000,690.5600
1622679315278000,0,7.30022391,690.5700
1622679315278000,0,1.33977609,690.5900
1622679315299000,0,1.68510000,690.5900
1622679315583000,0,5.98260000,690.5000
1622679315817000,0,0.50000000,690.5900
1622679316221000,0,0.09300000,690.6400
1622679316664000,0,0.00075000,690.6400
1622679327875000,1,16.60270000,690.3000
1622679331388000,1,0.45243385,689.8400
1622679331388000,1,4.17527076,689.8300
1622679331388000,1,6.86081158,689.8300
1622679331388000,1,4.05692058,689.8200
1622679331502000,1,0.45266787,689.9000
1622679331502000,1,25.47954342,689.8200
1622679387841000,1,2.91700000,691.4900
1622679387847000,1,8.64000000,691.4900
1622679400819000,1,0.47290274,690.7000
1622679410708000,1,0.40073836,689.5000
1622679410708000,1,0.40065791,689.4800
1622679410771000,1,10.00670000,689.4700
1622679410791000,1,0.09300000,689.4700
1622679434829000,0,2.13181544,690.2600
1622679627310000,0,0.23740000,691.6400
1622679793057000,0,4.40070000,693.8300
1622679795258000,0,0.00004497,693.8300
1622679802531000,0,4.00580000,694.4400
1622679802545000,0,0.00002626,694.4400
1622679802545000,0,7.09928422,694.5800
1622679845681000,0,2.15885903,695.4500
1622679845681000,0,4.28922870,695.5200
1622679845681000,0,8.93017862,695.5300
1622679845899000,0,2.57182138,695.5300
1622679845899000,0,3.59869751,695.6600
1622679845899000,0,7.21906975,695.7100
1622679845899000,0,12.26224939,695.7200
1622679847226000,0,2.15880000,695.4500
1622679886349000,1,4.28871791,694.0400
1622679886349000,1,7.50398209,694.0400
1622679905797000,1,7.53426837,693.0600
1622679905797000,1,4.21263163,693.0600
1622679906156000,1,2.16381227,692.6600
1622679961602000,0,0.08568000,695.2400
1622679962731000,0,0.00000508,695.2400
1622679975149000,0,0.10688000,696.1600
1622679975270000,0,0.00000884,696.1600
1622679998206000,0,8.64000000,697.8000
1622679998352000,0,7.96270000,697.8000
1622680001038000,1,0.28801014,697.5000
1622680001604000,1,0.24739094,697.5800
1622680002458000,1,0.28801014,697.8000
1622680111714000,0,0.06012498,698.0900
1622680116328000,1,0.06513539,697.7200
1622680123825000,0,0.06513539,698.4300
1622680125653000,0,0.03200000,698.7500
1622680200538000,0,3.97567237,699.0800
1622680200538000,0,6.70653393,699.0800
1622680207013000,1,0.22534379,697.9600
1622680242851000,1,0.34191761,697.3200
1622680242851000,1,8.29808239,697.3100
1622680288418000,0,0.13850000,697.6200
1622680330716000,0,0.97000000,696.8100
1622680330729000,0,1.19000000,696.8100
1622680351496000,0,2.15505427,696.5700
1622680394470000,0,0.05700000,695.3800
1622680405684000,0,2.15000000,695.4100
1622680451090000,0,0.51134168,693.9800
1622680581688000,0,0.28859195,693.0100
1622680582277000,0,0.24632643,692.9800
1622680592934000,0,0.28718164,692.8400
1622680687485000,1,7.53623000,693.4900
1622680688858000,0,0.06960000,693.4600
1622680911882000,0,2.17167000,691.3000
1622680930272000,0,2.17046203,691.6400
1622680930272000,0,7.11026261,691.6400
1622680930275000,0,4.11451608,691.7400
1622680930275000,0,2.14762772,691.7400
1622680935308000,1,0.48789786,690.9500
1622680935308000,1,0.94233892,690.8600
1622680942885000,0,2.17000000,691.6000
1622680942909000,0,0.00046599,691.6000
1622681001418000,1,2.16000000,693.0200
1622681017573000,0,0.06970000,692.7800
1622681048605000,0,0.16955039,692.9000
1622681169313000,1,4.24507000,690.6900
1622681169329000,1,0.00000885,690.6900
1622681177444000,0,2.17400000,690.4600
1622681179585000,0,0.00000789,690.4600
1622681179585000,0,2.17400789,690.4600
1622681220979000,0,2.16000000,691.8900
1622681280317000,0,1.76563286,691.8600
1622681280317000,0,2.00000000,691.9100
1622681280317000,0,3.61694944,691.9200
1622681280317000,0,1.76552446,692.0500
1622681280317000,0,6.51866150,692.0900
1622681409335000,0,0.28030000,693.2900
1622681662102000,1,0.85703504,691.4100
1622681691217000,0,0.46810000,691.0100
1622681923757000,0,8.29810000,693.6300
1622681923867000,0,0.00000803,693.6300
1622681953007000,0,7.45338351,695.4600
1622681953007000,0,3.93767915,695.5100
1622681982894000,1,7.03360000,695.1400
1622682001500000,1,4.10793642,694.7000
1622682010339000,1,6.95000000,693.4600
1622682010396000,1,0.00563375,693.4600
1622682146659000,1,0.05306659,695.0200
1622682204366000,0,0.69310000,697.1700
1622682515298000,0,0.07620000,697.2200
1622682554518000,1,0.08462426,697.0100
1622682554518000,1,0.21163102,696.8500
1622682726018000,0,7.47785954,697.8900
1622682776648000,0,0.08520000,697.4600
1622682904306000,1,10.00000000,696.5200
1622682904406000,1,3.50000000,696.5200
1622682904480000,1,0.03200000,696.5200
1622682904510000,1,3.07072564,696.5200
1622683370473000,1,0.69329404,695.6300
1622683370614000,1,0.23033137,695.6300
1622683381671000,1,1.66394424,694.7300
1622683469115000,0,0.13870000,696.4000
1622683646367000,0,0.06940000,696.1200
1622683764450000,0,8.64000000,696.4900
1622683764451000,0,2.15490000,696.4900
1622683787160000,0,0.27720000,697.0300
1622683811823000,1,1.61128540,695.4500
1622683897606000,0,0.22742831,693.4900
1622683900135000,1,7.45000000,692.8800
1622683900146000,1,0.00996268,692.8800
1622683921686000,1,0.11966331,693.1700
1622683921686000,1,4.13731457,693.1600
1622683921686000,1,2.04322212,693.1100
1622684223947000,1,10.79490000,694.1800
1622684223947000,1,3.25581501,694.1700
1622684223947000,1,0.03913519,694.1600
1622684223947000,1,0.09014980,694.1600
1622684225344000,1,8.64000000,694.0300
1622684226019000,1,3.38510000,694.1800
1622684495971000,0,0.07660000,693.5800
1622684653295000,0,4.05728566,694.2700
1622684653295000,0,4.58271434,694.2800
1622684736556000,1,1.67023724,692.4100
1622684988100000,0,0.06980000,692.3500
1622685241096000,1,0.72475233,689.5200
1622685257356000,1,3.50000000,688.9500
1622685701042000,0,4.06584227,689.5800
1622685715964000,1,5.18920000,688.4000
1622685721093000,1,0.07692823,687.9000
1622685721093000,1,1.04507177,687.8900
1622685721095000,1,2.89235679,687.8900
1622685788846000,0,7.31977888,689.9600
1622686145148000,0,0.07150000,692.5500
1622686248991000,0,2.17000000,691.2400
1622686249016000,0,0.00120504,691.2400
1622686254391000,0,2.17033751,691.5000
1622686254391000,0,3.25576249,691.5000
1622686405185000,0,0.06970000,693.4500
1622686445636000,0,0.14630000,693.4600
1622686877940000,0,0.12530000,693.8800
1622686884613000,1,0.08095082,693.2500
1622686884681000,0,1.91900000,693.2300
1622686884705000,0,0.00004918,693.2300
1622686935084000,0,0.20926000,694.5400
1622686935151000,0,0.00000019,694.5400
1622686944186000,0,0.11770886,695.6200
1622686944186000,0,0.43779114,695.7100
1622687148659000,0,0.14982000,695.2800
1622687148659000,0,0.06558000,695.5600
1622687159380000,0,0.08330000,695.4500
1622687250393000,0,0.11120000,695.2800
1622687250683000,1,0.04509064,694.7300
1622687250683000,1,0.68706086,694.6200
1622687271071000,0,0.05560000,695.2800
1622687403206000,1,0.16401000,692.6800
1622687403262000,1,0.00000320,692.6800
1622687549363000,0,1.67660000,691.3900
1622687586004000,1,7.23340000,690.5500
1622687592595000,1,0.49783767,689.5000
1622687592979000,1,0.07014433,689.2400
1622687595761000,0,1.65805903,689.9400
1622687598074000,0,2.16000000,690.1400
1622687603617000,0,1.76878000,691.0300
1622687603714000,0,0.00000612,691.0300
1622687812564000,0,0.60766334,693.3800
1622687824136000,0,0.25760000,693.7000
1622687826330000,0,0.08360000,693.4000
1622688244709000,0,0.18744000,691.6700
1622688250914000,0,0.06980000,692.3200
1622688596509000,1,2.16000000,692.2000
1622688675804000,1,2.50000000,692.1500
1622688707808000,1,1.00000000,691.6000
1622688774606000,1,2.16000000,691.1000
1622688774606000,1,0.34000000,691.0700
1622688818150000,0,4.00730000,694.0000
1622689191483000,0,0.15864000,694.6900
1622689450486000,0,0.41830000,693.2900
1622689732236000,0,0.12600000,695.4200
1622689732446000,0,0.00039092,695.4200
1622689734934000,1,0.13692350,695.3800
1622689735463000,1,0.13692350,695.3600
1622689737286000,1,0.20000000,695.5400
1622689796907000,1,0.28828828,696.6000
1622689797436000,1,0.24738611,696.6400
1622689935752000,1,2.87230000,695.7300
1622689940525000,1,6.48000000,695.7300
1622689955469000,0,2.15670000,695.9300
1622690101295000,0,0.16660000,695.6300
1622690117882000,1,0.14132580,694.1000
1622690118477000,1,0.35327076,693.7800
1622690118477000,1,0.91861769,693.7600
1622690118477000,1,0.14132580,693.6700
1622690361279000,0,2.16060000,694.7000
1622690370239000,0,0.00004023,694.7000
1622690370239000,0,0.08995977,694.7000
1622690392777000,0,0.00029023,694.7000
1622690393127000,0,2.16380000,695.5100
1622690393665000,0,1.45701023,695.5100
1622690449878000,1,0.21781731,694.3700
1622690449878000,1,0.54454015,694.3600
1622690478985000,0,2.16100000,694.5300
1622690516985000,1,0.39529728,694.3800
1622690542686000,0,2.16021000,694.8100
1622690599636000,0,0.16500000,695.7200
1622690600111000,0,2.00289799,695.7200
1622690633014000,0,0.09187000,695.9000
1622690652372000,0,0.00000500,695.9000
1622690655455000,0,1.84399785,696.5000
1622690678982000,0,0.05134000,696.4000
1622690679092000,0,0.00000631,696.4000
1622690846725000,0,0.04171000,696.5200
1622690846980000,0,0.00000888,696.5200
1622690847195000,1,0.04519545,696.7000
1622691208690000,0,2.15390000,696.9800
1622691355964000,0,0.05540000,697.1400
1622691826360000,0,2.16000000,698.0400
1622691826360000,0,1.74815039,698.0700
1622691826360000,0,2.16000000,698.0800
1622691826360000,0,0.85094961,698.1400
1622691840279000,0,0.09000000,698.2500
1622691908682000,0,2.11863750,698.2200
1622691908785000,0,0.04136250,698.2200
1622691908785000,0,0.00187500,698.2500
1622692008339000,0,0.00009168,699.5800
1622692008339000,0,2.15990832,699.5800
1622692043523000,0,2.14000000,699.6100
1622692064666000,0,11.43200000,699.9100
1622692067113000,1,1.49140537,700.2500
1622692109665000,1,0.31932507,700.5600
1622692109665000,1,0.79807493,700.5600
1622692109850000,1,0.00011022,700.5600
1622692109962000,1,2.07520000,700.4900
1622692109982000,1,4.02410000,700.4700
1622692138840000,0,0.06480000,700.9500
1622692197930000,0,0.05510000,701.0800
1622692402611000,0,0.15170000,700.3900
1622692496866000,0,0.42410000,700.3700
1622692703084000,0,2.14296651,700.5200
1622692703084000,0,6.93278380,700.5600
1622692703084000,0,3.17424969,700.6100
1622692766388000,1,0.23858145,699.9300
1622692804763000,1,0.38788560,699.9800
1622692804798000,1,0.96980537,699.9600
1622692804798000,1,1.87819463,699.9500
1622692804799000,1,2.30999999,699.9500
1622692804849000,1,0.15770052,699.9500
1622692804850000,1,0.56399999,699.9500
1622692804896000,1,2.01159322,699.9500
1622692805071000,1,0.25210000,699.9600
1622692805137000,1,0.13578560,699.9600
1622692805137000,1,2.84631960,699.8200
1622692805155000,1,0.49360505,699.8200
1622692805329000,1,0.75000000,699.8200
1622692805344000,1,1.37000000,699.8200
1622692805430000,1,0.96980537,699.7300
1622692805430000,1,0.38788560,699.7300
1622692805430000,1,0.52711463,699.7200
1622692828645000,1,0.35800972,699.2700
1622692859298000,1,1.92490131,699.3800
1622692888282000,0,2.14906000,700.3500
1622692902960000,0,8.64000000,701.2000
1622692904283000,0,12.00000000,701.2000
1622692904490000,0,10.98284000,701.2000
1622692964386000,1,0.47970000,700.5800
1622692995097000,1,8.64000000,701.0000
1622692995103000,1,2.76200000,701.0000
1622693104018000,1,0.45685727,700.5200
1622693149026000,1,2.16000000,700.2800
1622693216047000,1,2.14184441,700.0500
1622693218972000,1,4.25000000,699.9900
1622693218991000,1,0.00604382,699.9900
1622693347314000,1,7.04000000,700.0100
1622693347454000,1,0.00814421,700.0100
1622693417652000,1,1.16654000,700.5000
1622693437692000,1,15.59090000,700.3500
1622693437784000,1,4.00000000,700.3500
1622693480507000,1,1.74125678,700.1000
1622693824762000,0,6.00000000,700.9200
1622693892076000,0,2.03800000,701.9400
1622694230350000,0,0.13740000,702.9900
1622694317337000,1,2.16000000,702.4600
1622694317356000,1,0.55464673,702.4000
1622694382051000,1,2.13460952,702.3800
1622694466390000,0,0.06880000,702.2900
1622694787152000,0,0.11010000,702.1200
1622694872727000,0,0.08250000,702.6200
1622694964813000,1,5.55289258,701.8600
1622694964813000,1,51.43985000,701.8500
1622695311390000,1,1.00000000,701.7400
1622695330851000,0,0.06880000,702.2400
1622695404806000,1,0.56126830,702.3700
1622695418011000,1,8.64000000,702.3000
1622695418221000,1,0.56121218,702.2800
1622695445503000,1,0.20000000,702.3200
1622695591475000,0,2.03311259,703.3100
1622695600050000,1,0.56103937,703.0300
1622695612164000,1,0.52755436,703.1200
1622695635921000,1,0.56092717,703.4300
1622695647206000,0,3.96810000,704.2400
1622695647784000,1,2.16000000,703.8200
1622695647784000,1,0.95192515,703.7900
1622695666310000,0,2.16000000,704.6200
1622695677639000,1,0.46430009,704.2000
1622695677639000,1,0.09625126,704.1800
1622695688517000,1,0.45954064,704.2800
1622695688517000,1,0.10095465,704.2300
1622695715127000,1,0.41365000,704.2800
1622695725053000,0,2.16000000,704.5000
1622695725053000,0,2.16000000,704.5000
1622695727654000,0,2.16000000,704.5200
1622695727654000,0,1.08000000,704.5200
1622695727670000,0,0.00788442,704.5200
1622695728877000,0,2.16000000,704.4600
1622695728877000,0,0.54000000,704.4900
1622695728889000,0,0.00394221,704.4900
1622695728889000,0,2.16000000,704.5000
1622695734075000,0,0.27197111,704.4400
1622695734075000,0,2.14802889,704.4900
1622695734125000,0,0.00802111,704.4900
1622695739768000,0,0.13000000,704.4900
1622695739769000,0,0.00598555,704.4900
1622695739804000,0,0.13000000,704.4900
1622695741373000,0,2.13026224,704.6100
1622695741373000,0,23.82707500,704.8300
1622695741420000,0,55.67913000,704.8400
1622695753289000,0,0.79062092,704.9100
1622695753289000,0,2.16000000,704.9500
1622695753289000,0,2.15218870,704.9800
1622695756552000,1,0.40525530,704.3800
1622695756552000,1,0.15518394,704.3500
1622695756574000,0,0.39531046,704.9700
1622695756574000,0,4.11334252,705.2000
1622695756574000,0,4.32379302,705.2000
1622695766398000,1,0.43273000,704.6700
1622695766715000,1,0.56038320,704.3700
1622695794088000,0,2.12000000,704.9600
1622695838207000,1,0.43077103,704.3700
1622695838207000,1,4.08066114,704.3200
1622695838207000,1,4.32101383,704.3200
1622695840960000,0,0.03526609,705.2100
1622695873942000,0,2.12000000,704.9700
1622695873964000,0,0.00943097,704.9700
1622695893697000,1,0.56040624,704.4900
1622695922725000,0,0.11869059,705.2000
1622695922725000,0,2.14489300,705.2100
1622695922725000,0,0.23641641,705.2300
1622695930273000,0,1.00000000,705.1900
1622695933048000,1,0.56036238,704.4500
1622695938619000,0,1.50000000,704.9700
1622695986454000,1,0.56030634,704.8800
1622695999836000,1,0.56025031,704.9800
1622696007248000,1,0.45554306,705.4500
1622696052208000,1,0.50000000,706.1100
1622696112531000,0,0.90000000,706.8600
1622696112541000,0,1.26000000,706.8600
1622696118218000,1,2.00000000,706.5900
1622696142740000,1,1.00000000,707.3700
1622696146886000,0,2.12060000,707.9500
1622696149068000,0,0.00004711,707.9500
1622696149068000,0,0.68225289,708.3000
1622696352037000,0,8.64000000,709.5200
1622696408351000,0,2.00000000,710.0000
1622696430363000,1,2.11310000,709.6900
1622696432838000,1,0.00000726,709.6900
1622696432838000,1,1.57580782,709.6900
1622696489867000,1,0.50000000,709.6500
1622696542103000,0,2.13163000,710.0200
1622696561429000,0,0.32855727,710.0300
1622696650439000,0,2.08200000,709.5500
1622696650594000,0,5.04570000,709.6500
1622696705718000,0,3.00000000,710.3600
1622696731798000,1,2.16000000,709.6700
1622696741002000,1,7.44709602,709.6400
1622696741002000,1,2.10290398,709.6300
1622696751123000,1,2.00000000,710.0000
1622696751123000,1,2.16000000,709.6600
1622696751123000,1,0.00964827,709.6300
1622696767673000,1,2.11000000,709.6500
1622696767685000,1,0.05000000,709.6500
1622696767685000,1,2.06000000,709.6300
1622696767774000,1,0.05255225,709.6300
1622696767774000,1,3.52053608,709.4800
1622696843087000,0,6.96977196,711.2100
1622696846557000,0,1.00000000,711.9000
1622696850144000,1,0.50000000,711.3700
1622696853199000,1,0.50000000,711.8300
1622696879211000,1,2.10610000,711.8500
1622696897491000,1,2.09640000,711.8600
1622696897504000,1,0.00000940,711.8600
1622696898876000,0,0.14780000,712.2800
1622696910139000,1,0.00001541,711.8500
1622696910139000,1,1.12998459,711.6300
1622696910142000,1,1.13000000,711.6300
1622696910212000,1,1.13000000,711.6300
1622696933748000,0,2.00000000,712.3500
1622696954597000,0,0.25000000,713.0000
1622696956355000,1,0.50000000,712.7900
1622696958572000,0,2.16000000,713.3700
1622696978267000,1,6.09150000,713.3100
1622696978299000,1,17.28000000,713.3100
1622696978303000,1,0.00003194,713.3100
1622696997947000,1,2.80000000,713.2100
1622696997954000,1,4.11167895,713.2100
1622697009765000,0,4.22467571,714.0900
1622697013540000,1,0.50000000,713.7100
1622697021455000,0,2.16000000,714.3600
1622697021455000,0,7.45641388,714.3900
1622697021455000,0,2.15358612,714.4000
1622697083694000,0,0.07666120,714.4000
1622697083694000,0,2.06333880,714.4400
1622697083706000,0,0.00513440,714.4400
1622697083750000,0,2.12054414,714.5100
1622697093638000,1,0.35223959,714.2500
1622697093638000,1,3.06873752,714.2300
1622697145238000,0,1.70000000,713.9700
1622697168582000,0,2.00000000,713.1100
1622697196667000,0,4.05060923,713.3500
1622697196667000,0,4.58939077,713.3500
1622697197242000,0,2.10427570,713.5200
1622697197242000,0,3.50782859,713.7500
1622697200941000,1,8.64000000,713.5300
1622697228792000,1,1.00000000,713.6300
1622697242452000,0,0.12067689,713.5800
1622697242452000,0,0.01802311,713.6100
1622697249648000,1,3.52590725,712.9200
1622697250035000,1,2.07993796,712.9200
1622697253956000,0,2.10450000,713.2600
1622697254013000,0,0.00000052,713.2600
1622697254013000,0,2.07796486,713.2700
1622697289529000,0,2.10450052,713.2600
1622697289529000,0,3.50549948,713.4200
1622697289529000,0,0.00232305,713.4200
1622697301569000,0,2.10364453,713.5400
1622697337810000,0,1.87000000,714.2100
1622697337880000,0,0.23227360,714.2100
1622697340515000,1,2.65032143,713.7300
1622697340851000,1,2.35501913,713.3900
1622697340968000,1,1.61206666,713.3900
1622697341006000,1,0.48955415,713.3900
1622697341115000,1,1.43107602,713.3900
1622697341267000,1,1.34759783,713.3900
1622697361310000,0,2.07504481,713.8400
1622697361310000,0,2.11788190,713.8500
1622697361310000,0,2.09707329,713.8600
1622697361358000,0,0.00557392,713.8600
1622697362642000,0,2.10000000,713.8600
1622697362667000,0,0.00264721,713.8600
1622697368406000,0,7.07617091,714.1900
1622697368406000,0,2.10170830,714.2100
1622697368406000,0,2.09257391,714.2400
1622697368406000,0,2.16000000,714.3500
1622697368406000,0,2.11954688,714.3700
1622697368425000,0,0.00183278,714.3700
1622697371414000,0,2.09647157,714.2000
1622697371414000,0,1.77352843,714.2100
1622697375936000,1,0.90735187,713.7600
1622697394306000,0,2.09563147,714.4800
1622697394306000,0,0.13436853,714.4800
1622697416171000,1,4.16655820,714.0200
1622697416171000,1,1.78664180,714.0000
1622697416255000,1,5.34290496,714.0000
1622697416279000,1,2.10004120,713.9900
1622697416279000,1,51.53537000,713.9400
1622697416740000,1,0.85370947,713.7500
1622697416740000,1,0.34162912,713.7500
1622697431973000,1,2.04000000,712.9000
1622697456505000,1,6.08000000,712.9000
1622697456546000,1,42.98767000,712.9000
1622697545535000,0,2.10000000,713.2800
1622697545620000,0,0.00363320,713.2800
1622697550994000,1,0.27000000,712.7500
1622697552269000,1,0.03389659,712.4800
1622697565069000,0,4.26502451,713.7300
1622697565069000,0,2.16000000,713.7400
1622697565069000,0,2.10329880,713.7400
1622697612053000,0,2.10481895,713.1600
1622697649238000,0,23.82000000,712.4600
1622697668235000,0,2.10000000,711.8000
1622697674093000,0,2.10000000,712.1900
1622697679708000,0,0.00802254,712.1900
1622697679911000,0,4.98000000,712.4900
1622697683775000,0,2.10689744,712.5800
1622697683775000,0,6.99407987,712.6100
1622697683775000,0,3.51276482,712.6200
1622697683775000,0,19.58625787,712.6700
1622697683794000,0,32.20000000,712.6700
1622697724719000,1,3.94762108,712.0400
1622697724719000,1,3.91389932,712.0300
1622697746027000,1,2.16000000,711.6700
1622697746027000,1,0.24435929,711.6400
1622697746027000,1,0.24433733,711.6000
1622697746027000,1,0.07082887,711.5700
1622697776101000,1,0.24171153,712.0900
1622697776101000,1,0.24171153,712.0800
1622697776101000,1,2.10609852,712.0700
1622697788605000,0,0.09490000,712.8100
1622697878061000,1,0.22994561,712.0500
1622697878077000,1,0.45998396,712.0500
1622697878184000,1,0.22156695,712.0500
1622697927090000,1,6.85975759,711.4700
1622697927090000,1,4.23097517,711.4000
1622697944226000,0,4.06580000,711.7100
1622697944322000,0,0.00006817,711.7100
1622697944347000,0,2.10904165,711.7700
1622698027493000,1,2.16000000,710.8300
1622698104376000,1,1.63379466,710.7100
1622698271961000,0,4.17371191,709.9100
1622698271961000,0,4.46628809,709.9200
1622698272143000,0,2.62080000,709.9200
1622698304626000,1,4.31000000,709.6000
1622698304687000,1,0.00534547,709.6000
1622698314670000,0,2.63900000,709.6000
1622698314673000,0,8.64000000,709.6000
1622698446870000,1,2.11590000,709.3000
1622698555077000,0,2.11473871,709.8000
1622698586474000,0,2.16000000,710.5900
1622698588077000,0,2.16000000,711.1000
1622698588077000,0,1.88000000,711.1300
1622698648768000,0,0.16270000,712.7300
1622698665121000,1,2.16000000,711.5500
1622698669398000,1,2.16000000,711.4100
1622698669398000,1,0.22651756,711.3800
1622698756878000,1,7.05902675,712.4000
1622698756878000,1,2.10097325,712.3900
1622698756879000,1,0.00234066,712.3900
1622698814283000,0,1.00000000,713.4800
1622698871641000,0,7.49145414,715.1100
1622698871641000,0,4.27854586,715.1200
1622698875650000,0,3.49000000,716.0700
1622698875688000,0,0.00896588,716.0700
1622698879486000,1,3.93050000,715.2700
1622698879569000,1,0.00002200,715.2700
1622698879569000,1,7.46857800,715.2500
1622698890894000,1,0.10000000,715.7700
1622698909901000,1,4.11922754,715.4900
1622698909901000,1,7.37995164,715.4900
1622698909901000,1,2.09514565,715.3500
1622698909901000,1,0.55418565,715.3100
1622698909901000,1,11.17400000,715.2100
1622698909901000,1,3.49082681,715.1600
1622698909901000,1,9.77936806,715.0800
1622698956924000,0,0.06740000,716.4100
1622699002358000,0,7.50430681,716.4500
1622699016302000,1,0.69000000,715.7100
1622699058778000,1,2.09270000,716.3400
1622699058941000,1,0.56626548,716.2000
1622699058941000,1,1.41567695,716.2000
1622699129781000,0,0.13704509,717.3000
1622699130917000,1,0.10000000,717.1300
1622699164599000,1,2.09000000,717.1700
1622699164613000,1,0.00078950,717.1700
1622699206832000,0,0.09430000,716.7300
1622699230383000,0,1.50000000,716.7300
1622699240020000,1,2.16000000,716.1800
1622699240020000,1,2.09395112,716.1500
1622699240020000,1,7.19688195,716.0200
1622699245637000,0,6.99775164,716.7600
1622699245637000,0,4.33151667,716.7900
1622699245637000,0,0.08527507,716.9000
1622699259207000,1,2.16000000,716.1900
1622699259207000,1,4.30512337,716.1600
1622699259207000,1,4.94942001,716.1600
1622699269338000,0,1.26200000,716.8600
1622699269484000,0,0.89800000,716.8600
1622699275832000,1,2.16000000,716.2900
1622699288061000,1,2.09000000,716.1300
1622699288140000,1,0.00346689,716.1300
1622699289344000,1,2.09346689,716.1300
1622699289344000,1,7.56653311,716.0000
1622699326036000,1,2.16000000,716.0900
1622699326707000,1,2.09385659,716.0600
1622699328793000,1,2.09000000,715.7800
1622699330414000,1,0.98500000,715.5400
1622699330776000,1,0.38299098,715.5400
1622699330948000,1,0.79200902,715.5400
1622699353122000,1,0.12000000,714.9100
1622699409565000,0,0.07502964,715.0300
1622699503706000,0,4.29051930,715.8400
1622699503717000,0,7.52293203,715.8800
1622699539986000,0,2.09000000,715.8200
1622699543070000,0,7.19844265,716.0700
1622699543070000,0,2.08155735,716.0900
1622699543108000,0,0.00854305,716.0900
1622699543108000,0,2.09577455,716.1000
1622699616828000,0,1.34910000,716.0600
1622699631174000,1,7.12225904,715.3500
1622699631174000,1,42.90774096,715.3300
1622699631405000,1,4.30856798,715.3200
1622699651777000,1,2.09582317,715.2800
1622699770616000,0,2.16000000,716.2200
1622699770616000,0,2.09563402,716.2600
1622699777415000,0,2.16000000,716.2300
1622699777415000,0,2.09000000,716.2600
1622699777463000,0,0.00563402,716.2600
1622699779510000,0,2.16000000,716.2300
1622699779510000,0,4.27575612,716.3400
1622699779510000,0,7.16462781,716.3500
1622699781712000,0,1.80431850,716.4600
1622699781712000,0,2.09477702,716.5500
1622699789251000,1,4.01720000,715.9500
1622699856177000,1,6.95360000,716.9100
1622699922091000,1,1.00000000,717.4000
1622699954935000,1,0.56002778,716.1100
1622699954959000,1,0.27177507,716.1100
1622699958537000,1,4.33360324,716.0800
1622699958537000,1,7.27639676,716.0700
1622699975871000,0,7.27260000,717.3800
1622700003555000,1,4.87620000,717.6600
1622700004014000,1,0.00007289,717.6600
1622700004014000,1,0.09992711,717.1900
1622700023953000,0,0.05110000,718.2200
1622700035642000,1,0.92273725,717.2400
1622700063224000,0,4.16750000,717.8000
1622700063813000,1,0.03007589,717.2200
1622700075541000,1,8.17780000,717.8000
1622700075565000,1,0.00003293,717.8000
1622700091595000,1,3.28002000,717.0100
1622700091675000,1,0.00000994,717.0100
1622700113311000,1,2.16000000,716.2600
1622700113311000,1,3.92549472,716.1700
1622700113311000,1,7.37625145,716.1600
1622700113311000,1,2.08825383,716.1200
1622700113389000,1,0.00486301,716.1200
1622700117556000,1,1.26000000,716.5700
1622700117557000,1,0.00295061,716.5700
1622700119488000,1,1.50800000,716.7000
1622700119492000,1,11.03170466,716.7000
1622700137172000,1,2.16000000,715.1500
1622700137371000,0,2.16000000,715.8900
1622700137371000,0,0.10000000,715.9500
1622700137371000,0,0.32499457,715.9600
1622700138310000,1,0.70000000,715.4600
1622700138347000,1,0.00604839,715.4600
1622700141912000,1,2.11680000,714.9100
1622700142550000,1,0.04320000,714.9100
1622700154317000,1,2.16000000,714.9700
1622700154867000,1,2.75613000,715.4600
1622700154956000,1,1.36870000,715.4600
1622700155186000,1,0.00000420,715.4600
1622700156072000,0,0.35492000,714.9700
1622700167664000,0,0.00000508,714.9700
1622700195766000,1,1.91000000,715.2000
1622700195809000,1,0.00069283,715.2000
1622700214060000,1,2.54393849,714.8300
1622700214074000,1,0.05191711,714.8300
1622700232789000,0,7.22343184,714.8600
1622700233733000,1,0.87992000,714.8400
1622700234045000,1,0.00000731,714.8400
1622700266235000,1,2.36380000,714.7300
1622700281804000,1,0.00009675,714.7300
1622700297194000,0,2.16000000,714.6100
1622700297194000,0,0.40422207,714.6400
1622700311961000,0,2.16000000,714.7500
1622700311961000,0,7.35413027,714.7800
1622700319338000,0,2.16000000,715.2700
1622700404823000,1,0.93054154,715.0800
1622700460564000,0,2.16000000,714.7400
1622700460564000,0,2.10000000,714.7700
1622700545053000,0,2.86679843,715.9100
1622700545053000,0,3.97610157,715.9300
1622700688126000,1,2.00000000,713.8200
1622700688478000,1,2.08730000,713.6600
1622700693541000,0,4.50000000,713.5700
1622700693637000,0,2.16000000,713.5400
1622700693637000,0,3.34000000,713.5800
1622700694053000,0,0.96699000,713.5700
1622700899248000,0,3.00000000,714.0300
1622700901042000,0,7.42671000,714.0300
1622700901134000,0,2.57329000,714.0300
1622700936469000,1,7.42116371,713.7600
1622700957416000,1,4.15000000,713.0200
1622700957419000,1,0.00310402,713.0200
1622700977615000,0,2.10000000,713.1200
1622700977671000,0,0.00527730,713.1200
1622700981991000,0,3.97340923,713.4900
1622700994645000,0,2.10000000,713.4800
1622700994765000,0,0.00363007,713.4800
1622701061309000,0,5.00000000,713.8400
1622701141342000,0,0.06840000,712.9700
1622701144832000,0,2.03690000,712.9700
1622701227201000,0,0.07310000,713.6300
1622701239545000,0,2.10250000,713.9100
1622701308471000,0,0.00006008,713.9100
1622701328534000,1,4.28420530,713.6000
1622701328534000,1,7.04221221,713.5900
1622701328534000,1,53.31502000,713.5900
1622701400509000,0,4.15919458,714.1300
1622701400509000,0,7.57080542,714.1300
1622701557821000,0,2.10000000,713.9000
1622701557873000,0,0.00264474,713.9000
1622701584838000,1,4.07326685,712.9300
1622701584838000,1,6.85657417,712.9000
1622701627304000,0,1.22070000,713.9700
1622701631331000,0,0.10010000,713.9700
1622701760453000,1,0.00008804,714.4100
1622701810577000,1,2.00000000,714.3200
1622701889956000,0,0.05410000,714.6500
1622701942602000,1,1.87751001,713.5600
1622701942602000,1,0.26201749,713.5500
1622701942602000,1,1.83907250,713.5400
1622702012512000,0,4.20943861,713.8500
1622702057543000,0,1.70548091,714.4600
1622702064530000,0,7.07000000,714.6000
1622702139819000,0,2.16000000,715.2600
1622702139819000,0,3.90192233,715.2900
1622702140812000,0,2.16000000,715.3000
1622702140812000,0,2.01369908,715.3300
1622702141479000,0,0.08517753,715.3300
1622702141479000,0,4.21625280,715.5000
1622702141479000,0,3.50084916,715.5100
1622702141479000,0,2.07772051,715.5300
1622702165810000,0,2.09838922,715.6700
1622702214087000,1,3.76000000,715.0100
1622702218093000,1,3.90000000,714.9800
1622702218099000,1,0.00780800,714.9800
1622702221692000,0,2.54300000,715.4300
1622702221753000,0,8.64000000,715.4300
1622702353159000,0,2.09000000,715.6700
1622702464804000,0,2.09200000,717.5900
1622702497439000,1,0.10000000,717.7900
1622702501153000,0,2.08000000,718.5200
1622702501156000,0,0.00957398,718.5200
1622702503587000,0,0.06120000,718.8000
1622702503587000,0,20.00000000,719.0000
1622702505910000,1,4.26829831,718.1300
1622702520727000,1,1.02419862,717.7500
1622702606360000,0,1.69630000,718.4000
1622702633672000,1,0.14000000,718.2000
1622702656140000,0,2.08945454,718.4900
1622702664700000,0,1.00000000,718.8200
1622702739438000,1,7.00000000,717.8000
1622702750117000,1,7.52000000,717.7900
1622702750121000,1,0.00895757,717.7900
1622702757311000,1,43.73000000,717.7000
1622702813654000,1,0.00866518,717.7000
1622702813654000,1,11.13800000,717.4200
1622702813654000,1,3.95555467,717.2900
1622702813654000,1,0.27604650,717.1800
1622702834739000,1,8.64000000,717.3600
1622702842936000,0,4.03500000,718.4400
1622702878380000,1,2.16000000,717.9400
1622702878380000,1,11.13900000,717.9200
1622702878380000,1,12.35283803,717.6800
1622702906036000,0,4.24526408,718.2600
1622702917182000,0,6.91260000,718.6500
1622702948059000,0,2.08000000,719.1300
1622702948099000,0,0.00803850,719.1300
1622703136125000,0,2.08000000,719.1800
1622703136195000,0,0.00750587,719.1800
1622703275689000,1,3.96000000,718.8200
1622703294104000,1,1.00000000,718.5400
1622703319618000,0,2.08000000,719.2900
1622703319662000,0,0.00693095,719.2900
1622703320649000,0,3.89689176,719.3600
1622703320649000,0,3.45310824,719.3700
1622703320651000,0,3.83333581,719.3700
1622703322684000,0,2.08000000,719.2900
1622703350059000,1,0.10000000,719.2900
1622703380824000,0,0.03000000,719.5700
1622703380824000,0,0.00080840,719.5700
1622703380963000,0,1.69270000,719.7300
1622703380977000,0,0.40162703,719.7300
1622703381714000,0,9.39600000,720.0000
1622703381756000,0,8.64000000,720.0000
1622703382181000,0,28.83838246,720.0000
1622703389778000,0,74.87000000,720.0000
1622703389799000,0,15.25561754,720.0000
1622703389799000,0,1.00000000,720.0000
1622703422445000,1,4.28343481,719.7600
1622703422445000,1,4.35656519,719.7600
1622703578328000,0,3.99780000,719.8800
1622703578333000,0,0.00006737,719.8800
1622703578333000,0,1.33673263,719.8900
1622703619871000,1,2.08379699,719.4900
1622703639583000,1,3.96000000,719.3000
1622703639592000,1,0.00368996,719.3000
1622703673199000,1,2.08590137,718.8100
1622703673668000,0,2.16000000,718.8000
1622703673668000,0,2.16000000,718.9600
1622703673668000,0,0.68000000,719.3400
1622703685653000,0,1.69386585,719.1700
1622703685653000,0,19.85283928,719.2300
1622703685653000,0,4.18655714,719.2600
1622703685653000,0,2.08712096,719.2700
1622703719359000,1,8.64000000,719.2600
1622703720377000,1,8.64000000,719.2600
1622703723297000,1,8.64000000,719.2600
1622703725221000,1,2.08000000,719.2600
1622703781102000,1,2.16000000,717.9900
1622703781102000,1,4.31713161,717.9300
1622703781102000,1,6.86143169,717.9300
1622703781102000,1,2.08143670,717.9100
1622703781153000,1,0.00592631,717.9100
1622703782429000,1,2.08736301,717.9100
1622703782429000,1,3.47263699,717.8300
1622703787527000,1,2.08736301,717.9100
1622703787527000,1,1.34263699,717.9100
1622703787530000,1,0.00664426,717.9100
1622703787593000,1,0.00677075,717.8300
1622703790507000,1,8.94000000,717.7500
1622703790551000,1,0.00400000,717.7500
1622703821000000,1,0.50000000,717.6200
1622703825753000,0,2.09000000,717.2700
1622703827727000,0,4.05000000,717.4900
1622703827735000,0,0.00560591,717.4900
1622703837100000,0,2.09000000,717.2600
1622703837100000,0,0.00261854,717.2600
1622703857447000,0,2.00000000,717.2100
1622704105895000,0,1.00000000,715.7900
1622704112431000,0,0.08290000,716.4400
1622704165891000,0,7.31000000,715.7500
1622704165915000,0,0.00162683,715.7500
1622704181094000,0,2.09710000,715.7600
1622704205920000,0,0.00006090,715.7600
1622704205920000,0,8.63993910,716.0800
1622704238057000,1,3.01000000,715.4900
1622704238100000,1,4.26195520,715.4900
1622704238114000,1,2.09556538,715.4800
1622704281273000,0,0.05563010,715.4400
1622704281558000,1,4.03000000,714.9500
1622704281596000,1,0.00304363,714.9500
1622704283083000,1,2.09860899,714.2900
1622704283083000,1,2.00000000,714.1500
1622704283083000,1,3.49493216,714.1200
1622704283083000,1,0.26450660,714.1200
1622704283083000,1,0.26447329,714.1200
1622704283083000,1,1.71938685,714.0600
1622704365777000,0,0.09375000,713.9300
1622704429899000,1,2.16000000,713.7100
1622704429899000,1,11.20700000,713.5900
1622704429899000,1,7.54960933,713.4900
1622704429899000,1,4.16460255,713.4900
1622704429899000,1,2.10098363,713.4900
1622704429899000,1,0.09281250,713.4500
1622704429899000,1,8.94400000,713.3300
1622704429899000,1,0.09093750,713.2400
1622704429899000,1,8.76725449,713.2300
1622704448425000,1,0.14141729,713.7800
1622704468044000,1,1.95000000,713.7800
1622704468045000,1,0.00887535,713.7800
1622704475874000,1,2.10080000,713.4600
1622704494792000,0,7.56390000,713.6300
1622704503774000,0,3.96000000,713.7200
1622704503775000,0,0.00376047,713.7200
1622704505792000,1,0.05195137,713.4900
1622704569754000,1,2.09880000,714.3300
1622704698850000,0,7.44452055,714.8200
1622704698850000,0,3.93547945,714.8600
1622704698856000,0,0.00681649,714.8600
1622704779500000,1,4.24510263,714.1100
1622704779582000,1,7.07167539,714.0900
1622704822577000,0,0.04086600,714.9000
1622704827118000,0,2.16000000,714.5400
1622704827118000,0,1.84000000,714.6400
1622704863873000,0,7.04648304,713.5100
1622704891623000,1,7.09000000,712.0000
1622704891624000,1,0.00843695,712.0000
1622704910471000,0,2.16000000,712.8600
1622705041752000,0,7.42966511,712.3800
1622705089851000,1,2.10615094,711.6800
1622705089851000,1,6.86230823,711.5800
1622705128660000,0,7.23409047,713.0900
1622705128660000,0,4.30774351,713.1000
1622705425331000,1,2.00000000,712.9000
1622705750982000,1,2.23000000,713.2500
1622705750985000,1,1.99748998,713.2500
1622705750985000,1,7.19432185,713.2500
1622705812497000,0,1.00000000,713.7200
1622705946839000,0,7.34040309,713.0800
1622706207068000,1,5.58000000,712.6900
1622706207085000,1,1.39802915,712.6900
1622706282692000,1,2.10320000,712.7500
1622706301671000,0,0.12490000,713.2000
1622706369654000,1,0.19900000,713.4500
1622706502573000,1,2.10000000,713.3400
1622706610695000,0,0.12000000,713.4100
1622706630838000,0,6.83273164,713.7900
1622706630838000,0,3.93437497,713.8400
1622706630838000,0,25.75465787,713.9300
1622706638066000,0,0.50000000,713.0700
1622706866737000,1,4.20774119,711.2300
1622706866737000,1,4.43225881,711.2200
1622706886715000,0,0.22484721,711.2900
1622706887470000,0,0.55573806,711.2900
1622706892265000,0,0.18635503,711.2800
1622706957521000,1,0.12583252,710.5800
1622706960496000,1,0.50000000,709.9800
1622706963295000,0,0.14546503,710.7700
1622706973667000,0,0.05570846,711.0500
1622707001133000,0,8.91116093,710.9000
1622707001133000,0,2.16000000,710.9100
1622707001161000,1,2.16000000,711.0400
1622707001226000,1,2.80800000,711.0400
1622707001233000,1,14.96083907,711.0400
1622707184046000,1,2.10000000,711.4500
1622707184073000,1,0.00720623,711.4500
1622707257599000,1,6.93831833,711.0200
1622707257599000,1,4.07168167,711.0100
1622707257619000,1,0.00589587,711.0100
1622707257955000,1,4.07168000,711.0200
1622707319688000,1,2.68937592,709.9800
1622707336867000,0,4.07217709,711.0600
1622707336867000,0,2.11094992,711.0700
1622707336867000,0,0.77487299,711.1200
1622707337037000,0,6.18314042,711.1200
1622707337158000,0,1.71183154,711.4100
1622707337158000,0,4.27936315,711.4100
1622707337158000,0,11.12756433,711.5500
1622707340657000,1,2.16000000,711.3600
1622707344110000,1,2.11680000,711.0700
1622707354072000,0,4.11010000,711.5000
1622707367012000,0,0.22495639,712.5600
1622707367012000,0,2.10715942,712.5700
1622707367012000,0,4.24731103,712.5700
1622707385108000,0,0.22494000,712.6700
1622707388625000,0,0.00000473,712.6700
1622707396249000,1,0.17262383,712.1400
1622707406553000,1,0.14025686,712.3400
1622707426194000,1,2.10387474,712.5000
1622707441214000,0,1.70869814,712.9400
1622707441214000,0,3.05934493,712.9400
1622707441227000,0,1.21226970,712.9400
1622707441371000,0,1.70836247,713.0100
1622707441419000,0,0.09187500,713.0700
1622707441491000,0,0.61753682,713.0700
1622707441563000,0,1.92325791,713.0700
1622707441606000,0,1.63802317,713.0700
1622707442058000,0,4.27048905,714.3000
1622707442058000,0,1.70836247,714.3000
1622707442058000,0,11.10154634,714.3000
1622707442161000,1,0.09093750,713.2500
1622707442161000,1,0.06100743,713.0900
1622707443081000,0,3.00000000,714.9000
1622707443081000,0,15.00000000,715.0000
1622707443081000,0,0.09468750,715.1000
1622707443081000,0,0.09562500,715.2700
1622707443536000,0,0.15100000,714.3000
1622707443821000,0,0.00094493,714.3000
1622707452790000,0,0.07900000,714.2900
1622707453083000,0,0.00083624,714.2900
1622707453456000,0,0.06011341,714.2800
1622707464181000,1,2.16000000,714.5100
1622707467549000,1,4.00000000,714.1700
1622707468026000,1,0.03381379,713.7900
1622707544850000,0,0.03600000,714.3500
1622707572557000,0,6.62474000,715.3000
1622707572679000,0,2.03400000,715.3000
1622707572720000,0,3.55304006,715.3000
1622707610048000,0,2.09608104,715.9700
1622707634849000,0,6.01000000,716.5900
1622707634850000,0,9.20000000,716.5900
1622707706518000,1,8.64000000,715.5900
1622707785521000,0,7.41087533,716.7800
1622707833481000,0,0.13470000,717.2800
1622707837705000,0,2.09180000,717.5700
1622707890841000,1,1.50558513,718.6500
1622707890942000,1,0.60224621,718.6800
1622708059898000,1,8.64000000,718.5000
1622708064639000,0,2.08000000,718.9000
1622708064653000,0,0.00782019,718.9000
1622708120497000,0,0.09513000,719.3500
1622708120638000,0,0.00000220,719.3500
1622708142355000,0,2.08411245,720.4500
1622708144488000,0,2.16000000,722.0000
1622708144671000,0,2.09000000,721.9700
1622708144760000,0,3.47060000,721.9700
1622708144767000,0,2.08130000,721.9700
1622708146759000,1,0.09375000,722.0200
1622708146831000,0,0.09093750,722.0000
1622708146846000,0,1.22761753,722.0000
1622708147175000,0,0.04435747,722.9800
1622708147175000,0,4.00000000,723.0000
1622708214800000,0,2.07530000,723.6400
1622708214809000,0,0.00002140,723.6400
1622708221577000,0,2.07351825,723.9900
1622708221577000,0,1.66648175,723.9900
1622708281954000,0,2.07585000,723.0300
1622708349143000,0,2.07632000,722.7700
1622708361919000,1,0.50000000,722.8900
1622708372735000,0,0.00000199,723.0300
1622708398887000,0,0.12066020,723.9000
1622708426716000,0,1.00000000,724.1100
1622708492691000,1,2.16000000,724.3300
1622708497145000,1,2.44700000,724.2700
1622708517835000,0,0.03920000,724.2700
1622708517846000,0,0.00080000,724.2700
1622708563724000,0,2.07000000,723.6800
1622708563737000,0,0.00359340,723.6800
1622708565459000,0,2.07359000,723.6800
1622708573960000,1,0.22200000,723.2600
1622708573968000,1,0.00021099,723.2600
1622708605921000,0,2.07000000,723.3600
1622708605930000,0,0.00491707,723.3600
1622708614729000,0,2.16000000,723.6600
1622708614729000,0,0.00000340,723.6800
1622708628738000,0,2.07000000,723.7200
1622708628740000,0,0.00395324,723.7200
1622708628740000,0,2.06604676,723.7200
1622708628762000,0,0.09395324,723.7200
1622708639749000,0,2.07000000,723.7200
1622708639750000,0,0.00395324,723.7200
1622708640753000,0,2.07000000,723.7200
1622708640788000,0,0.00395324,723.7200
1622708641710000,0,2.07000000,723.7200
1622708641723000,0,0.00395324,723.7200
1622708645733000,0,2.07000000,723.7200
1622708645768000,0,0.00395324,723.7200
1622708665732000,0,2.07000000,723.7200
1622708665738000,0,0.00395324,723.7200
1622708666625000,0,2.07000000,723.7200
1622708683051000,0,2.07170146,724.6900
1622708721504000,0,2.07000000,724.5100
1622708721505000,0,0.00164489,724.5100
1622708750533000,0,0.43322243,724.9900
1622708750672000,0,97.79000000,725.0000
1622708750697000,0,87.23000000,725.0000
1622708750728000,0,12.94390000,725.0000
1622708750843000,0,39.22364356,725.0000
1622708750890000,0,49.81245644,725.0000
1622708770364000,0,2.07106492,724.8200
1622708770364000,0,5.92893508,725.1100
1622708778568000,1,3.91780000,724.1400
1622708779655000,1,0.34275847,723.7900
1622708779655000,1,0.85685596,723.7800
1622708787632000,0,2.16000000,724.0300
1622708793860000,0,2.02965729,724.7800
1622708894514000,1,4.75417678,724.8100
1622708917596000,1,0.03500000,724.7800
1622708917922000,0,0.96500000,724.7800
1622708940819000,1,2.00000000,724.4600
1622708993272000,0,1.67940000,725.3500
1622709004979000,1,8.64000000,724.8900
1622709053231000,1,1.61600000,724.6400
1622709110889000,1,0.46200000,722.6800
1622709153776000,0,4.15380000,722.6100
1622709237926000,1,0.39922000,722.1200
1622709238023000,1,0.00000525,722.1200
1622709238023000,1,0.39921475,722.1100
1622709238575000,1,0.00001050,722.1100
1622709409758000,0,0.56000000,722.3200
1622709409916000,0,1.68650829,722.4900
1622709409916000,0,0.48700000,722.5000
1622709418566000,0,0.40000000,722.6800
1622709418571000,0,0.00400000,722.6800
1622709430859000,0,0.40000000,722.8600
1622709430952000,0,0.00900000,722.8600
1622709434051000,0,0.41900000,723.0400
1622709438358000,0,0.53600000,723.2200
1622709438696000,0,0.45300000,723.4000
1622709441269000,0,0.41000000,723.5800
1622709445762000,0,0.00400000,723.5800
1622709449501000,0,1.33380000,724.2700
1622709454560000,1,0.04796324,723.4700
1622709476530000,0,3.24929273,724.1500
1622709477246000,1,0.53907000,723.5400
1622709477277000,1,0.00000374,723.5400
1622709477277000,1,1.34739626,723.5100
1622709484033000,0,2.07495647,723.4600
1622709484033000,0,4.16390634,723.5600
1622709484033000,0,2.16000000,723.5700
1622709484033000,0,1.25231442,723.6000
1622709517830000,0,2.07430000,723.4700
1622709586036000,1,0.51740541,722.7400
1622709586036000,1,2.16000000,722.7300
1622709614424000,0,2.07000000,723.2500
1622709614488000,0,0.00505603,723.2500
1622709635034000,0,0.00006518,723.4700
1622709635034000,0,2.05833482,723.5400
1622709677816000,1,0.48225616,722.3900
1622709677816000,1,0.48225616,722.3900
1622709677816000,1,5.88478768,722.3800
1622709762546000,0,2.07663172,722.7000
1622709762546000,0,7.02336828,722.8000
1622709770145000,0,2.07000000,722.7000
1622709770184000,0,0.00663172,722.7000
1622709775965000,0,2.07663172,722.7000
1622709775965000,0,62.33336828,722.8100
1622709776000000,0,0.00252172,722.8100
1622709810075000,0,2.16000000,723.4800
1622709810075000,0,1.11450180,723.5100
1622709832777000,0,2.07000000,723.5200
1622709832810000,0,0.00469686,723.5200
1622709840091000,0,0.06980000,723.8500
1622709964057000,0,2.07974000,721.6600
1622709964158000,0,0.00000424,721.6600
1622709977186000,0,2.07984000,721.7000
1622709977187000,0,0.00000441,721.7000
1622710048166000,0,2.08060000,721.4000
1622710048319000,0,0.00006833,721.4000
1622710090158000,0,2.08080000,721.4000
1622710187891000,1,0.70370833,720.0000
1622710188732000,1,3.93085479,719.6300
1622710188732000,1,4.70914521,719.6300
1622710192267000,0,5.92590000,720.5400
1622710192273000,0,1.23101536,720.5400
1622710192493000,0,2.08270000,720.5900
1622710192558000,0,1.84328621,720.5900
1622710192558000,0,0.23941379,720.6000
1622710192571000,0,2.83831941,720.5800
1622710192571000,0,1.84332494,720.6000
1622710243761000,1,0.25600000,720.1000
1622710243764000,1,0.60999999,720.1000
1622710243873000,1,0.69986171,720.1000
1622710244029000,1,0.50000001,720.1000
1622710253143000,0,0.04000000,720.0200
1622710273374000,1,4.00000000,719.3000
1622710273875000,1,0.81942053,719.0200
1622710273928000,1,0.32779555,718.9100
1622710274152000,1,0.32782842,719.0200
1622710276859000,1,1.55200000,718.0100
1622710276897000,1,0.32694900,718.0300
1622710276897000,1,0.31993821,718.0300
1622710276897000,1,0.53795056,718.0100
1622710278576000,1,0.32010571,717.6000
1622710278576000,1,2.16000000,717.5900
1622710278576000,1,0.26541749,717.5700
1622710278576000,1,0.05452072,717.5700
1622710279195000,1,0.39487153,717.6300
1622710368918000,0,2.08000000,718.8300
1622710368927000,0,0.00815844,718.8300
1622710400749000,0,0.90164792,719.7400
1622710400763000,0,1.18419957,719.7400
1622710555074000,0,2.08446481,720.1500
1622710564528000,0,0.00000001,720.1500
1622710569256000,0,0.80949722,721.1800
1622710569380000,0,1.35050278,721.1800
1622710600284000,1,8.64000000,721.3700
1622710600284000,1,0.46846029,721.3700
1622710683139000,1,0.28262610,720.9300
1622710724878000,0,1.55000000,721.2800
1622710724962000,0,0.53098275,721.2800
1622710787976000,0,0.36898000,721.2900
1622710788001000,0,0.00000673,721.2900
1622710804419000,0,1.65194705,722.7100
1622710804424000,0,0.03371321,722.7100
1622710804880000,0,1.48809000,722.8000
1622710804963000,0,0.00000571,722.8000
1622710812843000,0,2.16000000,723.2500
1622710812843000,0,1.68401419,723.3200
1622710812843000,0,9.00002606,723.3300
1622710828841000,0,3.17160000,723.4600
1622710828892000,0,0.00008121,723.4600
1622710851648000,1,0.27655417,723.8200
1622710851648000,1,0.27659918,723.8100
1622710905935000,1,6.96163407,723.3800
1622710905935000,1,2.76171875,723.3100
1622710912010000,1,2.97858000,723.3100
1622710954177000,0,0.18449000,723.5200
1622710954243000,0,0.00000336,723.5200
1622710988234000,0,2.07376000,723.4200
1622710995377000,0,0.94127811,723.4100
1622711040825000,1,0.48000000,722.3300
1622711040825000,1,0.00876508,722.3300
1622711043810000,0,2.07700000,722.5000
1622711043945000,0,0.00004732,722.5000
1622711176368000,1,1.23823028,721.4300
1622711176368000,1,0.49516972,721.4300
1622711207165000,1,3.27478000,721.9100
1622711214027000,1,0.00000811,721.9100
1622711346703000,0,0.00000505,723.4200
1622711417064000,0,2.16000000,724.4800
1622711417122000,0,7.50758531,724.7600
1622711417122000,0,4.16443945,724.7700
1622711417122000,0,2.07120336,724.8500
1622711417122000,0,0.18449337,724.8800
1622711417122000,0,3.45492642,724.9100
1622711417159000,0,2.04685709,725.0400
1622711441382000,0,0.03060850,725.3600
1622711489681000,0,2.07134260,724.8500
1622711489808000,0,1.68189538,725.0600
1622711489808000,0,1.68137553,725.0700
1622711493383000,0,0.48740499,725.6900
1622711500830000,1,26.50000000,725.1000
1622711532108000,0,1.52000000,725.8200
1622711532976000,0,2.00000000,726.0000
1622711533552000,0,3.44688386,726.5700
1622711534227000,0,2.03000000,726.7400
1622711538986000,1,0.55183571,726.0500
1622711538986000,1,0.54816429,726.0400
1622711572856000,0,2.16000000,727.5600
1622711572856000,0,6.36788630,727.5900
1622711578260000,1,21.90000000,726.7800
1622711578278000,1,4.60000000,726.7800
1622711651729000,0,6.00000000,728.0000
1622711727124000,0,2.06000000,728.0100
1622711727194000,0,0.00576831,728.0100
1622711786089000,1,2.80837913,727.5000
1622711794982000,1,3.89180000,727.6200
1622711804574000,0,2.06000000,727.6400
1622711811943000,0,2.16000000,727.5300
1622711811943000,0,4.30097771,727.5600
1622711811943000,0,2.16000000,727.5700
1622711811943000,0,0.00314731,727.6400
1622711811943000,0,7.17934467,727.6400
1622711811943000,0,10.99600000,727.6600
1622711811943000,0,2.00000000,727.6600
1622711811943000,0,2.08785621,727.7800
1622711811943000,0,2.06258499,727.9700
1622711811943000,0,2.05008911,728.0600
1622711814812000,0,2.06310000,727.6400
1622711822125000,0,0.00004731,727.6400
1622711822125000,0,2.06314731,727.6400
1622711868023000,1,7.09040000,726.4700
1622711870397000,1,2.06310008,725.9100
1622711870398000,1,0.09689992,725.9100
1622711873416000,1,2.16000000,724.4200
1622711873704000,1,0.79487459,724.2100
1622711877739000,0,2.15999999,725.8200
1622711885526000,0,26.50000000,726.9000
1622711948550000,0,0.07980000,726.3600
1622712062834000,1,4.25141806,725.1000
1622712069818000,1,0.10121108,724.4600
1622712105846000,0,2.07030000,725.0200
1622712106048000,0,0.00003025,725.0200
1622712113931000,0,8.64000000,725.1600
1622712114217000,0,56.11312000,725.1600
1622712114217000,0,6.59060352,725.1600
1622712125350000,0,0.40617000,725.7500
1622712126337000,0,0.24370291,726.1000
1622712126337000,0,3.44882616,726.1400
1622712128830000,1,4.31895140,726.7100
1622712129973000,1,8.64000000,726.7100
1622712187813000,0,2.06708408,726.1200
1622712188993000,0,2.06617330,726.4400
1622712222961000,0,2.06540000,726.7900
1622712225871000,0,0.00008409,726.7900
1622712225871000,0,2.06491591,726.7900
1622712225872000,0,0.00056818,726.7900
1622712225970000,0,3.44420798,727.0800
1622712227418000,0,0.23500000,727.0900
1622712227446000,0,1.82915081,727.0900
1622712230023000,0,2.06410000,727.0900
1622712246231000,1,8.64000000,726.3600
1622712251475000,1,7.23162402,725.9400
1622712261040000,0,2.06540000,726.7800
1622712261047000,0,0.00009199,726.7800
1622712270288000,0,0.00005081,727.0900
1622712270288000,0,2.08431862,727.3600
1622712270288000,0,2.07077531,727.4800
1622712270288000,0,1.67572280,727.4900
1622712270288000,0,9.29450297,727.5100
1622712279904000,0,2.06463019,727.1600
1622712279904000,0,2.16000000,727.1600
1622712279904000,0,1.52900270,727.1600
1622712279904000,0,7.43747753,727.3100
1622712279904000,0,0.09281250,727.4000
1622712279904000,0,11.97039741,727.4800
1622712289545000,0,2.06530000,726.8300
1622712296155000,0,0.00006847,726.8300
1622712296155000,0,2.06533153,726.8300
1622712296176000,0,0.00003694,726.8300
1622712315363000,0,2.06520000,726.8600
1622712321789000,0,0.00004042,726.8600
1622712369585000,0,2.06528000,726.8300
1622712415245000,0,0.00000071,726.8300
1622712415245000,0,2.06425929,727.1100
1622712445836000,0,0.00000515,727.1100
1622712678818000,0,2.06000000,726.1100
1622712678863000,0,0.00720941,726.1100
1622712682558000,0,2.06000000,726.1300
1622712711768000,1,0.47789505,724.9000
1622712711768000,1,0.21365874,724.9000
1622712711772000,1,0.13814283,724.9000
1622712711775000,1,0.12614618,724.9000
1622712712169000,1,2.06950000,724.2200
1622712792770000,0,2.06952939,725.3200
1622712799982000,0,2.06850000,725.6200
1622712802085000,0,4.20000000,725.8600
1622712852028000,0,2.06874760,725.6200
1622712852098000,1,6.93125000,725.6200
1622712852121000,1,0.00000240,725.6200
1622712858588000,0,2.06000000,725.6200
1622712902606000,1,0.37925655,725.7500
1622712902606000,1,3.62574345,725.7000
1622712912672000,0,8.64000000,726.1500
1622712921576000,0,2.06000000,726.6400
1622712921630000,0,0.00576455,726.6400
1622713038650000,0,2.06000000,727.1800
1622713038748000,0,0.00428005,727.1800
1622713071922000,1,0.50000000,727.6500
1622713073250000,1,8.18200000,727.6500
1622713086137000,0,2.06000000,728.1100
1622713086146000,0,0.00167204,728.1100
1622713157849000,0,2.05998649,728.7800
1622713157849000,0,3.43641307,728.8500
1622713157849000,0,28.62360044,728.8800
1622713285116000,0,4.04599250,728.3700
1622713285116000,0,6.82524131,728.3700
1622713392040000,0,2.05000000,728.9100
1622713393211000,1,0.86706687,728.6200
1622713441967000,0,2.05848761,729.2700
1622713445331000,0,0.19000000,730.0000
1622713446966000,0,0.00882142,730.0000
1622713454332000,0,5.00000000,729.7200
1622713475192000,0,0.12570000,730.2300
1622713485062000,1,0.19213012,729.7100
1622713495677000,0,1.93037429,730.2300
1622713495677000,0,2.05809463,730.3600
1622713497431000,0,2.05607429,730.2300
1622713497431000,0,3.42761099,730.5100
1622713497431000,0,0.12759772,730.5100
1622713497431000,0,1.99871700,730.5200
1622713497438000,0,0.07453218,730.5200
1622713500910000,0,2.05600000,730.2300
1622713506488000,1,0.83124893,729.1600
1622713506984000,1,0.24700000,729.1600
1622713507052000,1,2.82225920,729.1600
1622713508150000,1,2.06000000,728.9600
1622713515570000,1,0.69000000,728.7300
1622713533235000,1,2.05000000,728.5500
1622713534790000,1,3.50000000,728.3000
1622713535188000,1,3.57000000,728.3000
1622713535467000,1,5.50000000,728.2700
1622713535537000,1,2.30000000,728.2700
1622713535540000,1,3.00000000,728.2700
1622713535608000,1,1.65713166,728.2700
1622713535618000,1,3.50000000,728.2700
1622713535695000,1,3.00000000,728.2700
1622713536461000,1,1.16686834,728.2700
1622713588740000,0,2.05898836,729.1700
1622713588829000,0,0.12759773,729.1700
1622713641090000,1,2.50000000,728.5000
1622713667434000,1,2.48100000,728.0500
1622713667540000,1,0.09338054,728.0200
1622713667540000,1,0.23343532,728.0000
1622713667540000,1,1.72318414,727.9900
1622713667871000,1,0.09338054,728.0000
1622713667871000,1,1.95661945,727.9900
1622713673451000,1,1.86964409,727.9900
1622713694557000,1,3.78550000,727.9900
1622713694615000,1,0.00005232,727.9900
1622713694696000,1,6.87000000,727.8400
1622713694702000,1,0.00000055,727.8400
1622713694731000,1,2.06071178,727.5600
1622713695254000,1,3.20460849,727.3000
1622713695444000,1,0.36622999,727.3000
1622713696413000,1,0.33358999,727.0900
1622713745829000,0,2.06334506,727.4200
1622713745829000,0,4.05261642,727.5100
1622713745829000,0,2.18403852,727.5100
1622713745831000,0,5.04899396,727.5100
1622713746098000,0,2.06334000,727.4200
1622713748528000,0,0.00000506,727.4200
1622713748528000,0,2.06257979,727.7600
1622713748528000,0,3.43741515,727.9300
1622713750278000,0,2.06257979,727.7600
1622713750278000,0,0.00030307,727.9300
1622713750278000,0,3.43711714,727.9300
1622713750291000,0,0.00060108,727.9300
1622713756418000,0,2.06182003,728.0900
1622713756418000,0,3.88704923,728.2200
1622713759066000,0,7.46000000,728.3500
1622713759079000,0,0.00353108,728.3500
1622713800421000,0,2.06000000,727.7600
1622713800436000,0,0.00296215,727.7600
1622713811173000,0,2.06358000,727.4500
1622713832087000,1,2.16000000,726.8500
1622713832087000,1,7.19024042,726.8200
1622713832087000,1,3.96776824,726.7800
1622713832087000,1,0.06170268,726.7300
1622713832087000,1,0.06170268,726.7300
1622713832087000,1,10.99700000,726.7200
1622713832087000,1,27.94568000,726.6800
1622713832087000,1,0.40105972,726.5600
1622713832087000,1,5.15638092,726.5500
1622713836232000,1,2.16000000,726.5900
1622713836232000,1,0.05910188,726.5600
1622713836232000,1,21.34361908,726.5500
1622713838393000,1,0.05455421,726.3400
1622713838393000,1,2.16000000,726.3300
1622713838393000,1,0.05484344,726.3100
1622713838393000,1,0.06170268,726.3000
1622713838393000,1,2.06405777,726.2800
1622713838393000,1,52.74249000,726.2800
1622713841746000,1,0.05371253,726.3800
1622713841746000,1,0.13426248,726.3800
1622713841746000,1,2.16000000,726.3700
1622713841746000,1,23.82707500,726.3500
1622713841746000,1,43.68294059,726.3400
1622713849732000,1,0.09268787,726.3200
1622713849732000,1,0.03707515,726.3200
1622713849732000,1,2.16000000,726.3100
1622713849732000,1,6.97201308,726.2700
1622713849732000,1,2.16000000,726.2600
1622713849732000,1,2.06432259,726.2600
1622713849732000,1,2.00000000,726.2300
1622713849732000,1,3.89975262,726.2200
1622713849732000,1,10.99900000,726.2100
1622713849732000,1,1.56829699,726.1400
1622713855168000,1,0.03643102,726.2800
1622713855168000,1,0.03643569,726.2700
1622713855168000,1,0.09108923,726.2700
1622713855168000,1,2.06432259,726.2600
1622713855168000,1,2.16000000,726.1700
1622713855168000,1,4.31921690,726.1400
1622713855168000,1,29.51193000,726.1200
1622713866599000,1,2.06447493,726.2500
1622713866599000,1,0.08423850,726.2500
1622713866599000,1,0.21066387,726.1300
1622713866599000,1,0.03240893,726.1200
1622713866599000,1,6.57473232,726.1200
1622713887840000,0,2.16000000,726.8900
1622713887840000,0,7.03460899,726.9200
1622713887840000,0,3.87539101,726.9200
1622713887841000,0,0.00877148,726.9200
1622713987912000,1,4.00000000,726.1100
1622713989270000,1,0.05531639,725.8100
1622713989329000,1,0.23247000,725.6800
1622713989540000,1,0.12708655,725.6800
1622713989540000,1,0.05531639,725.6800
1622713989540000,1,3.31859706,725.6600
1622713991391000,0,23.82707500,726.3700
1622714025814000,0,4.04000000,726.9500
1622714025876000,0,0.00282147,726.9500
1622714069130000,0,0.47400000,727.3500
1622714069130000,0,0.00000004,727.4500
1622714069130000,0,0.41599996,727.5300
1622714077379000,0,0.09960000,727.2200
1622714109681000,0,0.31000000,727.6000
1622714162534000,0,0.00900000,727.6000
1622714163028000,0,0.27900000,727.7800
1622714163389000,0,0.27000000,727.9600
1622714163445000,0,0.00600000,727.9600
1622714244990000,0,0.15582000,727.7600
1622714245008000,0,0.00318000,727.7600
1622714247395000,0,0.16300000,727.9400
1622714247395000,0,6.78240000,728.0500
1622714258597000,1,6.50000000,727.6700
1622714258672000,1,7.25800000,727.6700
1622714283138000,0,1.67300000,728.0800
1622714283141000,0,0.00091222,728.0800
1622714283763000,0,0.16700000,728.1200
1622714284409000,0,0.09400000,728.2800
1622714285420000,0,0.00068750,728.2800
1622714285420000,0,0.18631250,728.3000
1622714294347000,0,0.00068750,728.3000
1622714295738000,0,0.06700000,728.3000
1622714295907000,0,2.09300000,728.3000
1622714299613000,0,0.17899999,728.4800
1622714299649000,0,0.00000001,728.4800
1622714312857000,0,0.18800000,728.6600
1622714313754000,0,0.18000000,728.8400
1622714313796000,0,0.00700000,728.8400
1622714313839000,0,0.21000000,729.0200
1622714359294000,1,0.24570000,728.2500
1622714359492000,1,0.00000309,728.2500
1622714359492000,1,0.06499016,728.1200
1622714372650000,0,0.23800000,728.5900
1622714372650000,0,2.16000000,728.6000
1622714372650000,0,2.06033889,728.6300
1622714372650000,0,10.98600000,728.7900
1622714372650000,0,0.49711694,728.7900
1622714372650000,0,2.00000000,728.7900
1622714372650000,0,0.09468750,728.8800
1622714372650000,0,1.96385667,728.9700
1622714376978000,1,7.38669215,727.8300
1622714403945000,0,2.06030000,728.6300
1622714407796000,0,1.67200000,729.1300
1622714424175000,0,2.16000000,729.1200
1622714424175000,0,0.00008049,729.1300
1622714424175000,0,0.83991951,729.4400
1622714447614000,1,2.05660000,728.7400
1622714453872000,1,2.05871126,728.1600
1622714453872000,1,1.35128874,728.1600
1622714453876000,1,0.00049098,728.1600
1622714476105000,1,8.79000000,727.4900
1622714478055000,1,0.00600000,727.4900
1622714478055000,1,4.12400000,727.3200
1622714478089000,1,0.00117032,727.3200
1622714481447000,1,1.44193171,727.0700
1622714495355000,1,2.06201517,727.0800
1622714495602000,1,3.89210000,726.8600
1622714495734000,1,3.03552859,726.8600
1622714495734000,1,0.08909216,726.6800
1622714495734000,1,0.03426537,726.6800
1622714541372000,0,7.40000000,727.7600
1622714542714000,0,0.04108987,728.1600
1622714558582000,1,0.35480289,728.1500
1622714559075000,1,7.86500000,728.1000
1622714563281000,1,14.00000000,728.4600
1622714597971000,1,2.05830000,728.3400
1622714601627000,1,2.07076000,728.2800
1622714601828000,1,3.87400000,728.2700
1622714672695000,0,2.42060172,729.4400
1622714812092000,0,7.71540000,729.4400
1622714812207000,0,0.00007877,729.4400
1622714834206000,0,2.05771870,729.4100
1622714858030000,0,1.00000000,729.6400
1622714888596000,0,0.00007429,730.2300
1622714963669000,0,4.02740323,731.1300
1622714963669000,0,0.02259677,731.1500
1622714969200000,1,2.07320000,730.5800
1622714990341000,0,0.00771183,731.1500
1622714994285000,0,2.05089789,731.9600
1622714994285000,0,2.16000000,731.9900
1622714994285000,0,6.94404985,732.0100
1622714994285000,0,0.40617082,732.3800
1622714994285000,0,2.43888144,732.3900
1622715012312000,0,0.93523970,732.8000
1622715064845000,0,0.03500000,732.8800
1622715071778000,1,0.34000000,732.3100
1622715156777000,0,2.05040000,732.0000
1622715156937000,0,0.00006152,732.0000
1622715165541000,1,2.04750000,732.3600
1622715191125000,1,4.68400000,732.0600
1622715198694000,1,4.11530125,731.7300
1622715198694000,1,4.52469875,731.7300
1622715199687000,1,2.01651826,731.4100
1622715200286000,1,15.60648000,731.4100
1622715225858000,1,0.00000174,731.4100
1622715226033000,1,2.05004829,731.1100
1622715235370000,0,1.15220000,731.5800
1622715235608000,0,2.05000000,731.6800
1622715235660000,0,0.00135775,731.6800
1622715246013000,0,2.16000000,731.9800
1622715246079000,1,2.30000000,732.0000
1622715246091000,1,3.86962753,732.0000
1622715246094000,1,1.67037247,732.0000
1622715277864000,1,0.47785416,730.9400
1622715475652000,0,4.07009320,732.5900
1622715475652000,0,6.88762290,732.6000
1622715475669000,0,38.33203000,732.6400
1622715505446000,1,2.56600000,731.7700
1622715505947000,1,8.64000000,731.6700
1622715506528000,1,1.01600000,731.6700
1622715599396000,0,1.14699000,732.9300
1622715651913000,0,2.16000000,733.5600
1622715651976000,0,5.89960000,733.5900
1622715785111000,1,2.06381468,733.0600
1622715785111000,1,2.36200000,733.0500
1622715785111000,1,1.66208532,733.0400
1622715785473000,1,3.00000000,733.0400
1622715785542000,1,2.85035000,733.0400
1622715785613000,1,1.37256000,733.0400
1622715804876000,1,0.00000468,733.0400
1622715808866000,0,3.00550000,732.7000
1622715808911000,0,0.00009978,732.7000
1622715808911000,0,2.04854549,732.7100
1622715809002000,0,8.64000000,732.7400
1622715861783000,1,4.20820000,732.5700
1622715861787000,1,0.00005858,732.5700
1622715861787000,1,5.16584142,732.5400
1622715878423000,0,0.13190000,732.5800
1622715911514000,0,2.04720000,733.3100
1622715974868000,0,4.06830703,734.1900
1622716004820000,0,0.50000000,735.0000
1622716046133000,0,2.04160000,735.4500
1622716070949000,1,7.82100000,735.1200
1622716102521000,1,2.07900000,733.5900
1622716103436000,1,2.16000000,732.9400
1622716159646000,1,1.37476279,733.1900
1622716231944000,0,0.07880000,735.1200
1622716234378000,1,7.25813414,734.3200
1622716234378000,1,3.24638589,734.3200
1622716234378000,1,3.97547997,734.3100
1622716234387000,1,0.00838596,734.3100
1622716266096000,0,2.04339566,734.4100
1622716266096000,0,2.16000000,734.5600
1622716273176000,0,2.04000000,734.4100
1622716273180000,0,0.00339566,734.4100
1622716325632000,0,2.04650000,733.4600
1622716329375000,1,0.05560000,733.1900
1622716342393000,1,0.04182156,732.2800
1622716342393000,1,0.10873605,732.2500
1622716342393000,1,2.74691509,732.2400
1622716378280000,0,5.00000000,731.5000
1622716378489000,0,5.00000000,731.4500
1622716381995000,0,2.05190000,731.6000
1622716382267000,0,0.00004226,731.6000
1622716394350000,1,2.16000000,732.1200
1622716394350000,1,1.84000000,732.1100
1622716457413000,0,2.05050000,732.0100
1622716459050000,0,0.00006687,732.0100
1622716459050000,0,2.05055313,732.0100
1622716477988000,0,0.00001374,732.0100
1622716477988000,0,2.15999626,732.0100
1622716490937000,0,2.05028000,732.0300
1622716493737000,0,0.00000574,732.0300
1622716504616000,1,2.77275000,732.5500
1622716504684000,1,3.00000000,732.5500
1622716504743000,1,0.44761380,732.5500
1622716505131000,1,0.18076509,732.1700
1622716505131000,1,0.08091448,732.1400
1622716550808000,0,0.06760000,732.2800
1622716563571000,0,2.05175000,731.6500
1622716567991000,0,0.00000811,731.6500
1622716586018000,0,2.04977746,732.3200
1622716586018000,0,2.30835864,732.4100
1622716638211000,0,2.04990000,732.2400
1622716676531000,1,4.73508660,730.7700
1622716689795000,1,3.63220734,730.7700
1622716690038000,1,1.16100000,730.7700
1622716694884000,0,2.05310000,731.0800
1622716694928000,0,0.00001775,731.0800
1622716694928000,0,3.23033786,731.0800
1622716694928000,0,7.49219988,731.3600
1622716695548000,0,4.16557722,731.8200
1622716695548000,0,1.66631177,731.8200
1622716695989000,0,0.09562500,731.8700
1622716712233000,1,2.72485232,731.1800
1622716712370000,1,1.60914000,731.1800
1622716712741000,1,0.00000768,731.1800
1622716728559000,1,6.77000000,730.7700
1622716728560000,1,0.00670606,730.7700
1622716730554000,1,3.41711103,730.5100
1622716730575000,1,0.46396277,730.5100
1622716730605000,1,0.59657000,730.5100
1622716730744000,1,0.22936500,730.5100
1622716730753000,1,2.59117603,730.5100
1622716730753000,1,0.36471519,730.2800
1622716755399000,0,0.20320000,730.9200
1622716768683000,0,2.05439811,730.6400
1622716768995000,0,2.05430000,730.6400
1622716771152000,0,0.00009811,730.6400
1622716771152000,0,2.05430189,730.6400
1622716780268000,0,0.00009622,730.6400
1622716780268000,0,2.05438378,730.6400
1622716780937000,0,0.00001433,730.6400
1622716780937000,0,3.23033787,730.9000
1622716781041000,0,2.05360000,730.9400
1622716782290000,0,0.00000477,730.9400
1622716782290000,0,2.05360477,730.9400
1622716811735000,0,2.05460000,730.6000
1622716811741000,0,0.00009790,730.6000
1622716830239000,1,0.04000000,730.2300
1622716890848000,1,2.38130000,729.3500
1622716910260000,1,0.08409815,728.8600
1622716910260000,1,0.08411427,728.8600
1622716910486000,1,0.29215910,728.7300
1622716910697000,1,0.25460806,728.7300
1622716910791000,1,1.58391394,728.7300
1622716970067000,1,2.05699008,728.6200
1622716970278000,1,6.74400000,728.6200
1622716970321000,1,0.00000992,728.6200
1622717066044000,1,1.22142441,728.6100
1622717125596000,1,0.09683180,729.3700
1622717125891000,1,0.64382606,729.3600
1622717286047000,0,5.00000000,730.0100
1622717293730000,0,2.16000000,730.6100
1622717293730000,0,1.66821387,730.6400
1622717293730000,0,4.17038973,730.6400
1622717293730000,0,0.04020346,730.6600
1622717301981000,0,8.04154517,730.5300
1622717313754000,1,2.50000000,729.8300
1622717353646000,1,1.14303192,729.8600
1622717414955000,1,0.05100000,729.8300
1622717454763000,1,9.59800000,729.1800
1622717549116000,1,0.23000000,729.1900
1622717687113000,0,0.60326851,729.4800
1622717697337000,0,1.67038000,729.6600
1622717866284000,0,0.06630000,729.0600
1622717901181000,1,5.52000000,728.4600
1622717901181000,1,1.46940000,728.4600
1622717901240000,1,0.00002528,728.4600
1622717901240000,1,8.63997472,728.4500
1622717901350000,1,2.56900000,728.4500
1622717902395000,1,0.00002528,728.4500
1622717916188000,1,3.00000000,728.1500
1622717916200000,1,4.06518402,728.1500
1622717919012000,1,8.52788630,727.5300
1622717919157000,1,1.18242578,727.5300
1622717932720000,0,2.06105000,728.2700
1622717933578000,0,2.00000000,728.7600
1622717937554000,1,0.35534335,727.6000
1622718007181000,0,0.35700000,727.8800
1622718028499000,0,4.06305851,728.1500
1622718028499000,0,0.45664149,728.1500
1622718084544000,0,2.06064000,728.3900
1622718084615000,0,0.00000935,728.3900
1622718184411000,1,4.09315407,728.0900
1622718184411000,1,2.05942184,728.0500
1622718184411000,1,1.88623115,727.8900
1622718192662000,1,8.04154517,727.8900
1622718260565000,0,0.34100000,728.0000
1622718261034000,0,0.29800000,728.1800
1622718288633000,0,0.10000000,728.2000
1622718314205000,1,0.04412009,726.8300
1622718327646000,1,2.12437803,725.2800
1622718328805000,0,1.67924769,725.9600
1622718328805000,0,4.26812609,725.9700
1622718353675000,1,0.15000000,725.0000
1622718354394000,1,0.29990000,724.8200
1622718354645000,1,0.00000503,724.8200
1622718360712000,0,0.50000000,724.7600
1622718373387000,1,3.97000000,723.7200
1622718378796000,1,2.16000000,723.0300
1622718378796000,1,14.23000000,723.0000
1622718379579000,1,3.00000000,723.0000
1622718379682000,1,32.77000000,723.0000
1622718379870000,1,2.07457939,722.2700
1622718379870000,1,0.09656250,722.1900
1622718379870000,1,1.04085811,722.1500
1622718382649000,0,4.09492168,723.7300
1622718382649000,0,2.00000000,723.7300
1622718382649000,0,1.68618472,723.7400
1622718382649000,0,1.04169360,723.7400
1622718382684000,0,3.17324898,723.7400
1622718382873000,0,1.68586278,723.7200
1622718383128000,1,0.47413722,723.7200
1622718388270000,0,4.21179183,723.8200
1622718388270000,0,4.99720817,723.8300
1622718401532000,1,4.11000000,723.2100
1622718401557000,1,0.00201914,723.2100
1622718471998000,1,7.00000000,722.4400
1622718472044000,1,8.19700000,722.4400
1622718474071000,0,0.50000000,722.2100
1622718479922000,0,1.68917207,721.8300
1622718480286000,0,6.03400000,722.0400
1622718480539000,0,1.68932664,722.0200
1622718485959000,1,4.03900000,721.0600
1622718486932000,0,0.50000000,721.3300
1622718499214000,0,0.09656250,720.4100
1622718513436000,0,1.69438000,719.7900
1622718513670000,0,0.00000203,719.7900
1622718513670000,0,1.99999797,719.8700
1622718536211000,0,0.26400000,721.0200
1622718542984000,0,0.21900000,721.2000
1622718543680000,0,0.21400000,721.3800
1622718545055000,0,0.23100000,721.5600
1622718545907000,0,0.28200000,721.7400
1622718546313000,0,0.28400000,721.9200
1622718553710000,0,4.28126000,722.0600
1622718556033000,1,0.81836000,722.0600
1622718560863000,0,0.20900000,722.1000
1622718564147000,1,0.00000682,722.0600
1622718564147000,1,4.01449318,721.6000
1622718578169000,1,2.07750000,721.4300
1622718580487000,1,0.00002317,721.4300
1622718580487000,1,8.63997683,721.1700
1622718601145000,1,0.86147558,720.6600
1622718779647000,0,0.02758153,723.3100
1622718820511000,0,2.50000000,723.3400
1622718820600000,0,1.54089000,723.3400
1622718858029000,1,2.07353777,722.9100
1622718858029000,1,0.74446223,722.9100
1622718866048000,1,4.26641913,722.2500
1622718866048000,1,0.44719801,722.2500
1622718874644000,0,2.16000000,723.1600
1622718891502000,0,2.30000000,723.5600
1622718937163000,1,2.07116693,723.5500
1622718937163000,1,0.14883307,723.5500
1622718937170000,1,0.00028007,723.5500
1622718986482000,1,2.06000000,724.6300
1622718986486000,1,0.00838943,724.6300
1622719006632000,1,2.30000000,725.0000
1622719007049000,1,1.70000000,725.0000
1622719073183000,1,3.50000000,722.8200
1622719073253000,1,3.58633000,722.8200
1622719073336000,1,3.00000000,722.8200
1622719073432000,1,0.17967000,722.8200
1622719075815000,0,1.68713000,722.9900
1622719075946000,0,0.00000112,722.9900
1622719076079000,0,1.68698171,723.0300
1622719076196000,0,0.93645714,723.0800
1622719104307000,1,1.18713000,722.5900
1622719145413000,0,2.16000000,723.2300
1622719195491000,1,1.19410000,722.5900
1622719195496000,1,4.18170000,722.5900
1622719195778000,1,0.00007000,722.5900
1622719404996000,1,0.24953802,721.1100
1622719405136000,1,2.07000000,721.0100
1622719407859000,1,0.73305867,720.7200
1622719408054000,1,0.73305867,720.4400
1622719412615000,1,0.26000000,720.4500
1622719412652000,1,0.11420867,720.4500
1622719428661000,1,0.11000000,720.0400
1622719428670000,1,0.00903612,720.0400
1622719431758000,1,0.23119001,719.8400
1622719432267000,0,8.64000000,720.3300
1622719433274000,1,0.16772219,719.8500
1622719443093000,0,1.69205000,720.5800
1622719461162000,0,0.12105942,720.6600
1622719484730000,1,2.08090000,720.1800
1622719500541000,1,0.00001854,720.1800
1622719523426000,0,0.50000000,719.4500
1622719523751000,0,0.50000000,719.4500
1622719524072000,0,0.50000000,719.4800
1622719531423000,1,0.28345498,718.7500
1622719531525000,1,3.97880000,718.5700
1622719531830000,1,2.08560000,718.4800
1622719531851000,1,0.00002246,718.4800
1622719531851000,1,2.05956819,718.4200
1622719531944000,1,1.20520000,718.2300
1622719531945000,1,0.79480000,718.2300
1622719531945000,1,1.32130000,718.2200
1622719532136000,1,2.16000000,718.3600
1622719543209000,0,3.90543840,718.9400
1622719543209000,0,4.73456160,718.9500
1622719577171000,1,0.18075318,717.3800
1622719577171000,1,2.06924682,717.3500
1622719578926000,0,0.47859987,717.8400
1622719595708000,1,0.07000000,718.0000
1622719595751000,1,1.93000000,718.0000
1622719600892000,1,2.50000000,717.6600
1622719601169000,1,1.39849093,717.6600
1622719615072000,0,3.14795000,718.6800
1622719615655000,0,0.79099000,718.6800
1622719623611000,0,2.16000000,718.6700
1622719630671000,0,2.16000000,719.4100
1622719630671000,0,1.71885471,719.4700
1622719664984000,0,2.00000000,718.5500
1622719684242000,0,3.04901000,719.0900
1622719728147000,1,0.82098728,720.3900
1622719728147000,1,2.08009350,720.3600
1622719773112000,0,0.17253000,721.0400
1622719813542000,1,2.09498020,720.1500
1622719869927000,1,0.16921211,720.6000
1622719870504000,1,0.30894778,720.6000
1622719882749000,0,0.12600000,721.3700
1622719883055000,0,0.00090908,721.3700
1622719883684000,0,0.09518181,721.3600
1622719890774000,0,0.07000000,721.8500
1622719897654000,0,0.05388636,722.0500
1622719940770000,0,0.03960647,722.2400
1622719940798000,0,0.00080830,722.2400
1622719949094000,1,0.50000000,721.9900
1622719953911000,1,0.50000000,721.9900
1622719999716000,1,7.27000000,721.9300
1622719999724000,1,0.00100000,721.9300
1622720013665000,0,0.34000000,722.5200
1622720013676000,0,0.00300000,722.5200
1622720033812000,0,0.33500000,722.7000
1622720038795000,1,0.13000000,722.3600
1622720038817000,1,0.13000000,722.3600
1622720132365000,0,0.38800000,723.2600
1622720134417000,1,5.50000000,723.1800
1622720134565000,1,2.00000000,723.1800
1622720147075000,0,0.31200000,723.4400
1622720147134000,0,8.64000000,723.4700
1622720147259000,0,16.29247000,723.4700
1622720147353000,0,5.00000000,723.4700
1622720163190000,1,8.64000000,723.1800
1622720163954000,1,4.00000000,723.1800
1622720166947000,1,0.46000000,723.1800
1622720267012000,0,0.20000000,723.0400
1622720313968000,1,2.50000000,723.0400
1622720313968000,1,5.74000000,723.0400
1622720314211000,1,1.90400000,723.0400
1622720325345000,0,0.80150000,723.1900
1622720338144000,0,0.27800000,723.2200
1622720350649000,1,0.48262866,722.9200
1622720350649000,1,2.16000000,722.9100
1622720350649000,1,4.09590113,722.9000
1622720350649000,1,11.05600000,722.8900
1622720350649000,1,2.07354362,722.8700
1622720350649000,1,0.13192659,722.7600
1622720351286000,0,0.22000000,723.4000
1622720351288000,0,0.00200000,723.4000
1622720351502000,0,0.27500000,723.5800
1622720375181000,1,2.07000000,722.8900
1622720375190000,1,0.00350506,722.8900
1622720394304000,1,16.59000000,722.6400
1622720415678000,1,0.40100000,722.6400
1622720418719000,1,4.76500000,722.6400
1622720467741000,0,1.06000000,722.3600
1622720467742000,0,0.00016956,722.3600
1622720476872000,0,2.16000000,722.3000
1622720476955000,0,7.47182103,722.5200
1622720490465000,1,2.07000000,721.6400
1622720490502000,1,0.00737207,721.6400
1622720519324000,0,0.53530000,721.9200
1622720614798000,1,0.21733939,721.0300
1622720614802000,1,1.94266061,721.0300
1622720614822000,1,11.08200000,720.9100
1622720614822000,1,0.48765089,720.6400
1622720614822000,1,1.21912723,720.6300
1622720614830000,0,2.06645393,720.5100
1622720615241000,1,0.48788081,720.4700
1622720615260000,1,0.15703538,720.3500
1622720615283000,1,0.33061551,720.3500
1622720615283000,1,1.21912723,720.3500
1622720616174000,0,0.30000000,720.1300
1622720616174000,0,5.20109833,720.1400
1622720616174000,0,3.13890167,720.1500
1622720616205000,0,8.64000000,720.1500
1622720616230000,0,4.16902018,720.1500
1622720626464000,0,1.69292000,720.7800
1622720643799000,1,7.55720000,719.8700
1622720654177000,1,2.08180000,719.7400
1622720673301000,1,0.54385236,719.8000
1622720673543000,1,0.00007662,719.7400
1622720741330000,1,2.08370000,719.2500
1622720798244000,0,1.69000000,720.3700
1622720798792000,0,1.69370000,720.4600
1622720836254000,0,1.69345000,720.6000
1622720836288000,0,0.00000345,720.6000
1622720911247000,1,12.50000000,721.0500
1622720911318000,1,2.40000000,721.0500
1622720911318000,1,2.10000000,721.0500
1622720911387000,1,1.86000000,721.0500
1622720981710000,1,0.61000000,720.6000
1622720981715000,1,1.47019221,720.6000
1622720989225000,1,2.16000000,719.9500
1622720992723000,1,2.08000000,719.9200
1622720994711000,1,0.00181891,719.9200
1622720994711000,1,2.07818109,719.9200
1622721119615000,1,0.00008250,719.2500
1622721195306000,0,0.06880000,719.4800
1622721198414000,1,0.04316188,718.7100
1622721198414000,1,2.16000000,718.7000
1622721198414000,1,2.08557945,718.6600
1622721198414000,1,2.00000000,718.5200
1622721198414000,1,8.83662918,718.5100
1622721198508000,1,15.08220000,718.7100
1622721198508000,1,7.09879009,718.5000
1622721198508000,1,3.07333024,718.4900
1622721209350000,1,0.57481368,718.3300
1622721209350000,1,2.08648411,718.3200
1622721248092000,0,0.30000000,718.2400
1622721301867000,0,6.85090251,717.5900
1622721353553000,0,2.09260000,717.3100
1622721353918000,0,0.00005193,717.3100
1622721364858000,0,2.16000000,718.4600
1622721400397000,1,2.08690000,718.1600
1622721414601000,1,0.00009486,718.1600
1622721493944000,0,0.13440000,718.8000
1622721514832000,1,6.14300000,717.9000
1622721514949000,1,8.64000000,717.8700
1622721527458000,1,3.83300000,717.8700
1622721566220000,0,4.05940000,718.1100
1622721600590000,0,0.20559341,718.8800
1622721697131000,1,2.09000000,718.2100
1622721697148000,1,0.00813285,718.2100
1622721755296000,0,0.30000000,716.4000
1622721788259000,0,0.26750275,716.0300
1622721810027000,0,2.09670000,715.7800
1622721810033000,0,0.00003724,715.7800
1622721810033000,0,2.00000000,715.9100
1622721810033000,0,8.63996276,715.9200
1622721810120000,0,0.19666642,715.9200
1622721818033000,1,2.09510888,715.6300
1622721858237000,1,0.06839263,715.5200
1622721871494000,1,0.00139577,715.5200
1622721887596000,1,0.06989000,714.3800
1622721888485000,1,0.00000977,714.3800
1622721888485000,1,2.16000000,714.3800
1622721889838000,0,0.50000000,714.5000
1622721890179000,0,0.50000000,714.5000
1622721890583000,0,0.50000000,714.5200
1622721890946000,0,0.50000000,714.5200
1622721891275000,0,0.30000000,714.5200
1622721984590000,1,2.07523812,714.9300
1622721984590000,1,2.22176188,714.9100
1622721984642000,1,2.07528873,714.9100
1622722060804000,1,1.99000000,716.0000
1622722060805000,1,0.00329608,716.0000
1622722077510000,1,2.09401190,715.8800
1622722077510000,1,11.49598810,715.8800
1622722077514000,1,0.00101190,715.8800
1622722077976000,1,2.09000000,715.8800
1622722078021000,1,0.00401190,715.8800
1622722095033000,1,7.35000000,716.0700
1622722153940000,0,4.13715000,716.6900
1622722176089000,0,0.04110155,717.5400
1622722176089000,0,0.01009845,717.5500
1622722288694000,0,0.24250000,717.0100
1622722462711000,1,0.03425960,714.9300
1622722522105000,0,0.03500000,716.9400
1622722522329000,0,0.00007947,716.9400
1622722532036000,0,0.55200000,717.4500
1622722536303000,0,2.50000000,717.4800
1622722663710000,1,3.87000000,715.0100
1622722680342000,0,0.09450000,715.8200
1622722704598000,0,3.00000000,717.0000
1622722704692000,0,3.50000000,717.0000
1622722704788000,0,4.28726777,717.0000
1622722714650000,0,1.22388000,717.5300
1622722756558000,0,0.03800000,717.9400
1622722757397000,0,0.00000276,717.9400
1622722890016000,1,2.08724677,718.2000
1622722890016000,1,7.29666840,718.1800
1622722996001000,1,6.44500000,718.4800
1622722996001000,1,2.08500000,718.4500
1622722996005000,1,0.00174249,718.4500
1622723006250000,1,18.34400000,718.2300
1622723024649000,1,3.93000000,717.8200
1622723024653000,1,0.00962981,717.8200
1622723057453000,0,0.06730000,718.2000
1622723067511000,0,0.05640000,718.8900
1622723085523000,0,0.11430000,718.2500
1622723291724000,0,0.40000000,716.5400
1622723294447000,0,0.44500000,716.7200
1622723294606000,0,0.48000000,716.9000
1622723294955000,0,0.27912611,717.0800
1622723294979000,0,0.15587389,717.0800
1622723295285000,0,0.55900000,717.2600
1622723295665000,0,0.15382170,717.2500
1622723295722000,0,0.16520033,717.2500
1622723295739000,0,0.34840754,717.2500
1622723295740000,0,0.14830438,717.2500
1622723295751000,0,0.59725094,717.2500
1622723297451000,0,0.54900000,717.4400
1622723347041000,0,0.43000000,717.6200
1622723359488000,0,0.54400000,717.8000
1622723365296000,0,4.06000000,718.0500
1622723365322000,0,0.00020338,718.0500
1622723399948000,0,2.16000000,718.1600
1622723399948000,0,1.25751769,718.1700
1622723399948000,0,1.38966965,718.1800
1622723399948000,0,2.11701801,718.1800
1622723399948000,0,2.16000000,718.2000
1622723399948000,0,6.91579465,718.2200
1622723448362000,0,0.06989000,719.9000
1622723478048000,1,2.08230000,719.9100
1622723495859000,0,0.06839263,721.0500
1622723498923000,0,0.00139577,721.0500
1622723505165000,1,0.09281250,721.9000
1622723505165000,1,0.09281250,721.8900
1622723505165000,1,0.69686778,721.6400
1622723549182000,1,7.00449712,721.0100
1622723549182000,1,0.55071480,721.0100
1622723549182000,1,1.08478808,720.9900
1622723549799000,1,0.49256089,720.5800
1622723562328000,1,2.08000000,720.3900
1622723570971000,0,7.10330000,720.9900
1622723572081000,0,0.05360000,721.3400
1622723642103000,0,3.00000000,721.7400
1622723644186000,1,2.16000000,720.5200
1622723644186000,1,5.16000000,720.4900
1622723657779000,1,0.00600000,720.4900
1622723657779000,1,10.48400000,720.4200
1622723657812000,1,0.00500000,720.4200
1622723657812000,1,0.00174687,720.3900
1622723820644000,0,0.75800000,720.9300
1622723821636000,0,0.40900000,720.9300
1622723822628000,0,0.16600000,720.9300
1622723823643000,0,0.16700000,720.9300
1622723834614000,0,0.16700000,720.7600
1622723835636000,0,0.14000000,720.8000
1622723836626000,0,0.19300000,720.6500
1622723838615000,0,0.20100000,720.6700
1622723839627000,0,0.16500000,720.6300
1622723840633000,0,0.16800000,720.6300
1622723842634000,0,0.27484250,720.7500
1622723842634000,0,0.05715750,720.7800
1622723901602000,0,2.16000000,720.9800
1622723901602000,0,0.01006530,721.0200
1622723914026000,0,0.18062740,721.4100
1622723914026000,0,2.08100368,721.4200
1622723914026000,0,0.44836892,721.4800
1622723915065000,0,7.46069071,721.5000
1622723915065000,0,1.17930929,721.5000
1622723969580000,1,7.49420000,721.3100
1622724009842000,1,4.12516375,720.6500
1622724009842000,1,7.22537578,720.6500
1622724185515000,1,4.23000000,720.7700
1622724185542000,1,4.23000000,720.7700
1622724196193000,0,2.08080934,721.3500
1622724197704000,0,4.06522910,721.5800
1622724362530000,1,5.20200000,720.8000
1622724362943000,1,0.61645159,720.7700
1622724363318000,1,0.55993309,720.7700
1622724364108000,1,0.51800000,720.7700
1622724372703000,1,0.40661532,720.7700
1622724400615000,1,0.03262331,720.2700
1622724421874000,0,2.08160000,720.8200
1622724422166000,0,0.00002394,720.8200
1622724459867000,0,0.26780000,721.1600
1622724505017000,0,0.03786027,721.7100
1622724537560000,0,4.05971000,721.6300
1622724545391000,0,2.00000000,722.0000
1622724578664000,0,2.07699000,722.7800
1622724578732000,0,0.00000161,722.7800
1622724639073000,1,4.29990000,722.7300
1622724666072000,0,6.19567747,723.1700
1622724691791000,0,4.00387000,723.7100
1622724713976000,0,2.07380092,723.8200
1622724829183000,1,10.21900000,724.0100
1622724829183000,1,0.79530000,724.0100
1622724829204000,1,2.79470000,724.0100
1622724829956000,1,0.41123433,723.7200
1622724829956000,1,0.41114571,723.7100
1622724935288000,0,0.08000000,724.3800
1622724946104000,0,1.99195084,724.3800
1622724946104000,0,2.16000000,724.5800
1622724946104000,0,2.31914575,724.5800
1622724961777000,0,0.30000000,725.0100
1622725013292000,0,0.13330000,724.7400
1622725024393000,0,1.93760000,724.7400
1622725041353000,0,2.07042656,725.0200
1622725041353000,0,1.24489730,725.2300
1622725041353000,0,2.04718437,725.2400
1622725041353000,0,7.08973459,725.2700
1622725041421000,1,2.00000000,725.3400
1622725041428000,1,9.50000000,725.3400
1622725041432000,1,2.07042656,725.3400
1622725041493000,1,34.50719658,725.3400
1622725041501000,1,33.47013404,725.3400
1622725097953000,0,2.06920998,725.5300
1622725098083000,0,2.06920998,725.5300
1622725140313000,0,0.17290000,726.4000
1622725140595000,0,3.50000000,726.4000
1622725186937000,0,2.06650000,726.4800
1622725188977000,0,0.00000239,726.4800
1622725188977000,0,2.06649761,726.4800
1622725188987000,0,0.00000478,726.4800
1622725200460000,0,2.06650000,726.4800
1622725200583000,0,0.00000239,726.4800
1622725200608000,0,2.08160000,726.6900
1622725204109000,0,0.41000000,726.7900
1622725204118000,0,1.65520598,726.7900
1622725204798000,0,1.65520000,726.7900
1622725205839000,0,0.41000000,726.7900
1622725206417000,0,0.00000598,726.7900
1622725208138000,0,2.06448000,727.1000
1622725208202000,1,0.10511760,726.6100
1622725208403000,0,0.00000472,727.1000
1622725229555000,0,2.06464000,727.1300
1622725253125000,0,2.06000000,727.7700
1622725274175000,0,0.05300000,728.5400
1622725321504000,0,2.06104000,728.5500
1622725336282000,0,0.00000608,728.5500
1622725336282000,0,2.05957533,728.8900
1622725336282000,0,3.43041859,728.9800
1622725343107000,0,2.05801169,729.6800
1622725343107000,0,0.20182948,729.6800
1622725343107000,0,2.06072191,729.7200
1622725343107000,0,0.77806109,729.7200
1622725343107000,0,9.75620039,729.7700
1622725343289000,0,0.16209016,729.6700
1622725343289000,0,2.05801169,729.6800
1622725343289000,0,1.20579961,729.7700
1622725343289000,0,0.16204900,729.8500
1622725343289000,0,4.20510722,729.8600
1622725343289000,0,0.09468750,729.9000
1622725343289000,0,16.91774040,729.9100
1622725362823000,1,2.06900000,728.2900
1622725421139000,1,2.83800000,728.7600
1622725421295000,1,5.76300000,728.7100
1622725421545000,1,0.54801706,728.3800
1622725431801000,0,2.05900000,729.1500
1622725431819000,0,0.00007961,729.1500
1622725432042000,0,0.18861825,729.2800
1622725432042000,0,2.03684404,729.2900
1622725432042000,0,3.43179935,729.4100
1622725432042000,0,0.18856961,729.4600
1622725432042000,0,1.93416875,729.5000
1622725432269000,0,0.18851712,729.2900
1622725452105000,1,7.07000000,728.6900
1622725452157000,1,0.00347797,728.6900
1622725459850000,1,3.89438000,728.4900
1622725459854000,1,0.00000904,728.4900
1622725483790000,1,0.21631232,727.9200
1622725483790000,1,7.26613429,727.9100
1622725499889000,1,4.27082016,727.6100
1622725500813000,0,0.53050000,728.2800
1622725509808000,1,2.16000000,726.9600
1622725509808000,1,17.81000000,726.9300
1622725513273000,0,4.17592535,727.5400
1622725513273000,0,4.46407465,727.5500
1622725513351000,0,2.69490000,727.5400
1622725513561000,0,2.06317229,727.5900
1622725513561000,0,2.05438501,727.5900
1622725513561000,0,0.16593820,727.7000
1622725513561000,0,0.16592907,727.7300
1622725513561000,0,0.16591173,727.7500
1622725513561000,0,5.74466370,727.8000
1622725520127000,0,2.06667000,727.9800
1622725521363000,1,1.73646599,727.5200
1622725521402000,1,0.81617126,727.5200
1622725521579000,1,1.66500000,727.5400
1622725521642000,1,0.32652649,727.4100
1622725521642000,1,1.74647351,727.4100
1622725521712000,1,0.32650071,727.3900
1622725521712000,1,1.02032118,727.3900
1622725521736000,1,1.32400000,727.3900
1622725521762000,1,1.07000000,727.3900
1622725521840000,1,0.54020000,727.3800
1622725522070000,1,0.29450000,727.3800
1622725529907000,1,2.03885116,727.1500
1622725530671000,1,2.05870000,727.1500
1622725538757000,1,0.39706162,726.8900
1622725539313000,1,0.75000000,726.6400
1622725544112000,1,2.16000000,726.5400
1622725562127000,0,2.16000000,727.4500
1622725562127000,0,1.60071523,727.4500
1622725562127000,0,0.23928477,727.5200
1622725574021000,0,2.06402762,727.3200
1622725574021000,0,3.77230965,727.5200
1622725574021000,0,7.25446953,727.5400
1622725588824000,0,2.06000000,727.6100
1622725588951000,0,0.00293584,727.6100
1622725630011000,1,0.36300000,726.7600
1622725636621000,1,3.98875000,726.1200
1622725637162000,1,2.16000000,725.7600
1622725692538000,0,2.06000000,726.3100
1622725692548000,0,0.00678273,726.3100
1622725701591000,1,1.37802362,726.2200
1622725701685000,1,0.86180426,726.2100
1622725701837000,1,2.76169883,726.2100
1622725715903000,1,3.31078912,725.7600
1622725715944000,1,0.40266485,725.7600
1622725716069000,1,2.61096000,725.7600
1622725716612000,1,0.69982912,725.7900
1622725817654000,0,2.07370000,723.9500
1622725856940000,0,8.64000000,724.8000
1622725857139000,0,2.40300000,724.8000
1622725863059000,0,0.33100000,724.9000
1622725880271000,0,0.35800000,725.0800
1622725954577000,0,0.05330000,724.6600
1622725956154000,1,7.53459156,724.0400
1622725984071000,0,0.25578000,724.5400
1622725984116000,0,0.00522000,724.5400
1622725985499000,0,0.34600000,724.7200
1622725986734000,0,0.31500000,724.9000
1622725995734000,1,4.20000000,724.6400
1622725995774000,1,0.00500000,724.6400
1622726008580000,1,8.64000000,724.4100
1622726008619000,1,2.06943029,724.3700
1622726008619000,1,2.09606971,724.3400
1622726012058000,1,2.00000000,724.2000
1622726012061000,1,6.94400000,724.2000
1622726012248000,1,2.00000000,724.1000
1622726012510000,1,0.24196073,724.1100
1622726027331000,1,1.60810108,724.2700
1622726027349000,1,0.23412683,724.1900
1622726027616000,0,2.16000000,724.2300
1622726052424000,0,0.37751564,725.0400
1622726115001000,0,7.06690203,725.4300
1622726115001000,0,3.76744502,725.4300
1622726136263000,1,0.23726452,724.6400
1622726136263000,1,2.06845302,724.6000
1622726159831000,1,8.53000000,723.7700
1622726165407000,1,0.00900000,723.7700
1622726165407000,1,3.88640000,723.6000
1622726167016000,0,0.05340000,724.0300
1622726169439000,1,0.05251571,723.2000
1622726206835000,1,2.07360000,722.6900
1622726206860000,1,0.00004017,722.6900
1622726208345000,1,2.07360000,722.6900
1622726258840000,0,3.97051098,721.4600
1622726258840000,0,7.35362443,721.5000
1622726282830000,0,0.19000000,722.0200
1622726285305000,0,0.00400000,722.0200
1622726285305000,0,0.17900000,722.2000
1622726285305000,0,0.14700000,722.3800
1622726307256000,1,2.93601000,721.6900
1622726325217000,1,2.35090000,721.1800
1622726338271000,1,13.05076000,721.1800
1622726343830000,1,2.50000000,721.1800
1622726343933000,1,3.86215000,721.1800
1622726344190000,1,0.00000069,721.1800
1622726354022000,1,7.30636650,720.2200
1622726354022000,1,4.26092628,720.2100
1622726388099000,1,2.16000000,719.1400
1622726388099000,1,2.16000000,719.1000
1622726388099000,1,28.40223000,719.0700
1622726388099000,1,11.11000000,719.0700
1622726388099000,1,2.00000000,719.0700
1622726388099000,1,0.09187500,718.9900
1622726388099000,1,0.11472217,718.9700
1622726388099000,1,0.11477290,718.7500
1622726388099000,1,0.09468750,718.7000
1622726388099000,1,2.87856933,718.6900
1622726396354000,1,0.50000000,719.3200
1622726408415000,0,2.08000000,720.5600
1622726446909000,0,2.16000000,719.7100
1622726446909000,0,7.47320342,719.7800
1622726446909000,0,4.06665582,719.7800
1622726446909000,0,7.48846991,719.8700
1622726446909000,0,6.81578717,719.8900
1622726446909000,0,26.58345786,719.9400
1622726461135000,0,1.68828000,720.3200
1622726487922000,0,16.37000000,720.6000
1622726487942000,0,0.00561897,720.6000
1622726506068000,0,0.75000000,721.5900
1622726506140000,0,0.45000000,721.5900
1622726526358000,0,0.34300000,721.5400
1622726526634000,1,2.07932000,720.8000
1622726553033000,1,0.12729594,720.9300
1622726553033000,1,1.87270406,720.9200
1622726573667000,0,0.36332225,721.9100
1622726573684000,0,1.79667775,721.9100
1622726616126000,0,2.30000000,721.3100
1622726616132000,0,2.24471677,721.3100
1622726665881000,1,2.30000000,721.2400
1622726666566000,1,2.24300000,721.2400
1622726666735000,1,2.00381000,721.1500
1622726667138000,1,5.10000000,721.1500
1622726667823000,1,0.00219000,721.1500
1622726698669000,0,2.08000000,721.2100
1622726698802000,0,0.00097715,721.2100
1622726717625000,0,8.64000000,721.9100
1622726790390000,0,0.66850000,722.5300
1622726847725000,1,7.02944581,721.6800
1622726847931000,1,0.14345808,721.6800
1622726880034000,1,0.00000247,720.8000
1622726880233000,1,0.19000000,720.6300
1622726880257000,1,0.00751614,720.6300
1622726880266000,1,0.19000000,720.6300
1622726880334000,1,0.19751000,720.6300
1622726880368000,1,0.10628719,720.6300
1622726880559000,1,1.28388416,720.3300
1622726891668000,0,2.08242283,720.6300
1622726923803000,0,2.01110000,720.5100
1622726977440000,1,0.09000000,719.8500
1622726977450000,1,0.00839842,719.8500
1622726977610000,1,4.13233287,719.7200
1622727002621000,0,2.08327000,720.5400
1622727111798000,1,1.69000000,719.5600
1622727111800000,1,0.00362113,719.5600
1622727131698000,1,0.40678576,717.9900
1622727131756000,1,0.15853798,717.9900
1622727131786000,1,0.12412389,717.9900
1622727134952000,0,10.64000000,718.1200
1622727135158000,0,0.50000000,718.1200
1622727159519000,1,2.16000000,716.7400
1622727169717000,1,2.16000000,716.3700
1622727173792000,1,2.16000000,715.7200
1622727213626000,1,2.76000000,716.1400
1622727213627000,1,0.00700000,716.1400
1622727231595000,1,0.05700000,716.1600
1622727251011000,0,4.26000000,716.8000
1622727251017000,0,0.00729076,716.8000
1622727252246000,0,2.09000000,716.9200
1622727252247000,0,0.00373868,716.9200
1622727263975000,0,3.17190086,716.6300
1622727311621000,1,8.64000000,716.6300
1622727366712000,1,10.20180000,715.6800
1622727372224000,1,0.20820000,715.6800
1622727372350000,1,2.09551969,715.3100
1622727372350000,1,4.21301085,715.3000
1622727460185000,1,0.82110053,714.5000
1622727460185000,1,2.09788053,714.4900
1622727460504000,1,0.32000000,714.5000
1622727471428000,1,0.44966031,714.2800
1622727471433000,1,0.23335278,714.2800
1622727475884000,1,2.47485000,714.2800
1622727477631000,1,0.00000558,714.2800
1622727478375000,0,8.64000000,714.2100
1622727551980000,0,1.69986000,714.6400
1622727557460000,1,0.99330399,714.1900
1622727557461000,1,1.16669601,714.1900
1622727558037000,1,0.36000000,713.9700
1622727558038000,1,0.00948751,713.9700
1622727571610000,0,0.00000732,714.6400
1622727571610000,0,0.90799268,714.6700
1622727613773000,1,2.10100000,713.3000
1622727655405000,1,0.00006256,713.3000
1622727696054000,1,0.49554000,712.5800
1622727697232000,0,4.26934896,712.7600
1622727697232000,0,4.37065104,712.7600
1622727701427000,0,0.30000000,712.4000
1622727703156000,0,3.16125017,712.4000
1622727704542000,1,0.10471160,711.8500
1622727704742000,0,5.17874983,712.4000
1622727791625000,1,8.64000000,711.4800
1622727792539000,0,0.55471623,711.7200
1622727799128000,1,0.09375000,711.4800
1622727799180000,1,2.48525000,711.4800
1622727802229000,0,3.16400240,711.0300
1622727815211000,0,0.63800000,711.0200
1622727820674000,1,2.16000000,710.5800
1622727820685000,1,1.78200000,710.5800
1622727824663000,1,2.16000000,709.6100
1622727825835000,0,7.58009079,709.8700
1622727829466000,0,1.17685000,710.5600
1622727830745000,0,0.47850000,710.9300
1622727854403000,0,2.00000000,710.1000
1622727855208000,0,0.55519611,710.1000
1622727857184000,0,3.16673954,709.9100
1622727865602000,1,0.07039444,709.3600
1622727868550000,0,0.50000000,709.3800
1622727868932000,0,0.50000000,709.3600
1622727869313000,0,0.50000000,709.4000
1622727881498000,1,0.18082151,708.2800
1622727881590000,1,2.16000000,708.3100
1622727885763000,0,3.16370354,708.1200
1622727910292000,0,0.11400000,708.9300
1622727910292000,0,8.61477978,708.9400
1622727914266000,0,0.11172000,709.5600
1622727953746000,0,0.57100000,709.4700
1622727976497000,1,7.14976982,707.9800
1622727976497000,1,1.57900996,707.8200
1622727997411000,0,0.56600000,708.2900
1622727998237000,0,0.59600000,708.4700
1622727999424000,0,0.66900000,708.6500
1622727999939000,0,0.65700000,708.8300
1622728007102000,0,0.72400000,709.0100
1622728008489000,1,8.64000000,708.6000
1622728010330000,0,0.57200000,709.1900
1622728012098000,0,0.52900000,709.3700
1622728013666000,0,0.55700000,709.5500
1622728023986000,0,0.63300000,710.0800
1622728024018000,0,1.52700000,710.0800
1622728024796000,0,2.11680000,710.4200
1622728029499000,1,8.64000000,710.2000
1622728053488000,0,2.16000000,711.7900
1622728054865000,1,2.44624867,711.4700
1622728131853000,1,0.84700118,709.1400
1622728163584000,0,2.16000000,710.1800
1622728170074000,0,5.13000000,709.6900
1622728175723000,0,4.27000000,709.7100
1622728175780000,0,0.00791691,709.7100
1622728200383000,1,6.86278464,708.5600
1622728200383000,1,4.25381536,708.5500
1622728201957000,0,7.56526385,709.7500
1622728210806000,0,0.62132000,710.2400
1622728232794000,0,2.16000000,711.2900
1622728243500000,1,0.11790748,711.1300
1622728243500000,1,2.64579252,711.1200
1622728251100000,0,2.16000000,711.8300
1622728265778000,0,4.22000000,712.1200
1622728427669000,0,1.57991654,712.3500
1622728427723000,0,9.48700118,712.4600
1622728505059000,1,3.50000000,711.1600
1622728505097000,1,0.64200000,711.1600
1622728505510000,1,4.00000000,710.9600
1622728505593000,1,7.79100000,710.9600
1622728512567000,1,0.27207740,710.5900
1622728513074000,1,0.00555260,710.5900
1622728513736000,0,1.57991655,711.0600
1622728513736000,0,1.70753779,711.0800
1622728513736000,0,0.98284566,711.1700
1622728546037000,0,2.16000000,711.2200
1622728546037000,0,0.21058515,711.2500
1622728572374000,1,2.16000000,710.8200
1622728572374000,1,4.14817287,710.7900
1622728572374000,1,0.21676746,710.7600
