timestamp ms,type,amount,price
1628553742473000,0,0.04800000,591.6000
1628553767708000,0,5.84900000,592.5800
1628553773786000,1,0.59463855,593.0900
1628553775254000,0,0.10000000,593.4800
1628553791076000,0,0.07833727,593.7700
1628553791076000,0,3.73166273,593.8400
1628553791414000,0,0.00733727,593.8400
1628553791414000,0,4.29502412,593.8600
1628553793230000,1,0.05875167,593.5000
1628553802414000,0,5.57000000,594.8500
1628553802421000,0,3.56831177,594.8500
1628553844660000,1,0.59455114,593.4100
1628553921128000,0,2.52961000,593.3300
1628553927237000,0,0.00000166,593.3300
1628553932120000,1,3.15719146,593.9100
1628554012556000,0,2.52191000,595.2800
1628554025057000,0,0.00000574,595.2800
1628554042429000,0,2.51000000,596.0700
1628554042433000,0,0.00795852,596.0700
1628554049744000,0,3.60000000,595.7300
1628554137692000,0,2.52348837,594.8400
1628554137836000,0,2.52000000,594.8400
1628554152199000,0,0.04406503,595.1300
1628554152199000,0,3.59593497,595.1400
1628554185003000,1,4.49000000,592.8500
1628554236729000,0,1.50000000,591.0500
1628554247933000,0,4.41000000,591.1600
1628554366773000,0,0.37265119,590.2400
1628554378514000,1,8.99620000,589.0100
1628554426182000,0,0.53060842,587.9000
1628554523048000,0,0.59586900,587.3200
1628554565870000,0,0.16000000,587.9900
1628554566084000,0,2.39000000,587.9900
1628554667025000,0,18.80000000,588.2800
1628554667966000,0,0.00300000,588.2800
1628554703747000,1,4.28654000,588.6800
1628554723221000,1,2.54468000,589.1100
1628554767692000,0,12.02000000,589.8600
1628554788071000,0,0.00100000,589.8600
1628554788071000,0,4.46900000,590.0700
1628554863264000,1,2.54034124,590.0600
1628554863264000,1,2.53965876,590.0500
1628554903406000,1,2.47270903,591.0700
1628554903619000,1,1.12729097,591.0700
1628554903619000,1,1.34541806,591.0500
1628554944821000,1,2.54186490,590.5900
1628555007983000,1,4.65460000,590.3600
1628555060166000,0,0.16500635,591.3300
1628555162736000,0,0.85843859,590.6500
1628555178393000,0,2.44000000,591.3800
1628555178484000,0,0.00400000,591.3800
1628555179440000,0,1.51932053,591.7100
1628555179679000,0,4.24711704,591.7100
1628555181168000,0,3.42856000,591.7100
1628555181666000,0,0.00000243,591.7100
1628555184662000,0,8.85000000,592.1600
1628555223114000,1,0.59514310,592.2400
1628555269498000,0,6.82600000,593.1500
1628555269666000,0,2.68510000,593.3100
1628555269732000,0,1.63295000,593.3100
1628555276220000,0,4.36000000,593.6100
1628555276240000,0,0.00400000,593.6100
1628555281085000,1,0.25476480,593.1500
1628555460359000,1,8.57589875,594.3600
1628555597212000,0,2.29300000,591.9500
1628555597612000,0,8.07405000,592.0600
1628555597685000,0,0.55495000,592.0600
1628555829296000,1,0.00000865,589.1100
1628555856158000,1,2.55151419,587.4900
1628555856158000,1,4.44848581,587.4800
1628555863594000,0,4.25620610,587.9600
1628555882035000,0,8.65500000,587.9200
1628555882035000,0,4.26300000,587.9200
1628555894091000,1,3.60000000,587.7500
1628556079521000,1,1.51381426,586.6200
1628556168007000,0,0.06300000,587.9300
1628556168007000,0,1.97400000,587.9300
1628556245860000,0,0.97200000,587.6200
1628556376651000,1,0.04400000,586.2100
1628556449086000,0,0.59636635,586.4900
1628556449296000,0,0.59636635,586.4900
1628556540493000,0,0.59688258,585.2200
1628556628219000,0,0.12840000,586.8600
1628556741260000,0,0.13500000,586.7000
1628556756288000,1,2.55630000,586.1400
1628556756291000,1,0.00000053,586.1400
1628556761634000,1,0.31656000,585.2300
1628556761842000,1,0.00000080,585.2300
1628556761849000,1,0.79202903,585.1600
1628556771917000,0,0.59700044,585.1200
1628556813110000,0,4.21759538,585.7700
1628556972457000,0,2.55421000,587.6400
1628556980655000,0,0.00000177,587.6400
1628557178790000,1,4.36937000,588.5300
1628557435150000,0,0.04300000,587.1700
1628557604467000,1,2.58297000,586.3000
1628557628242000,0,2.56231825,585.9200
1628557628345000,0,2.56000000,585.9200
1628557717239000,0,0.59683022,585.6500
1628557717459000,0,0.59683022,585.6200
1628557825374000,0,0.71387551,584.7700
1628558150058000,0,2.00000000,584.6800
1628558172951000,1,2.58411000,584.6500
1628558312300000,1,2.60000000,584.3000
1628558312321000,1,0.00157452,584.3000
1628558312321000,1,2.56536183,584.2600
1628558324264000,1,25.00000000,583.8900
1628558328970000,1,2.96374010,583.8300
1628558349701000,1,2.53000000,583.4200
1628558365451000,0,2.81002163,584.1100
1628558379895000,0,2.56600265,584.9400
1628558379895000,0,4.55763762,584.9500
1628558379895000,0,0.80000000,584.9500
1628558379895000,0,8.91396372,584.9800
1628558379895000,0,47.46239601,584.9900
1628558379968000,0,0.80000000,584.9400
1628558380250000,0,0.04600000,585.0200
1628558389497000,0,2.52000000,585.7200
1628558389517000,0,0.00764058,585.7200
1628558403067000,0,2.58000000,585.9000
1628558403068000,0,0.00223823,585.9000
1628558403462000,0,2.55000000,585.9800
1628558415532000,1,2.53851000,586.1700
1628558416095000,0,0.09060000,586.5200
1628558429754000,1,8.92240000,585.3400
1628558429875000,1,0.18100000,585.3000
1628558430453000,1,0.16000000,585.1500
1628558434573000,1,0.16900000,585.0000
1628558444868000,0,20.69000000,585.3100
1628558484237000,0,1.11000000,585.6800
1628558521344000,1,2.69424000,584.5200
1628558567975000,0,4.00000000,584.2300
1628558568751000,1,2.00000000,583.8800
1628558570769000,0,8.50000000,583.7200
1628558582723000,0,9.80100000,584.1800
1628558725239000,1,2.56417000,583.9900
1628558878053000,0,1.20000000,584.2200
1628558878053000,0,0.18722960,584.2300
1628558878139000,0,0.77936657,584.2300
1628559132706000,1,0.18000000,585.3300
1628559137930000,1,0.00300000,585.3300
1628559137930000,1,0.15700000,585.1800
1628559220419000,1,4.37000000,584.8500
1628559220577000,1,0.00218136,584.8500
1628559220577000,1,2.59045208,584.8400
1628559220577000,1,0.18000000,584.8300
1628559540808000,0,0.05300000,587.0900
1628559601313000,1,2.55062865,587.7200
1628559634717000,1,0.15000000,587.3700
1628559634793000,1,0.00100000,587.3700
1628559694208000,0,0.15630000,587.3300
1628559762933000,1,2.55393139,587.0200
1628559766370000,1,25.00000000,586.8100
1628559835654000,1,3.52800000,586.4800
1628559836987000,1,0.07200000,586.4800
1628559836987000,1,2.55675414,586.3700
1628559836987000,1,2.00000000,586.3500
1628559836987000,1,4.08184789,586.3400
1628559837851000,1,2.67983110,586.4200
1628559838981000,1,0.92016890,586.4200
1628559838981000,1,2.55675414,586.3700
1628559838981000,1,0.17776739,586.3400
1628559839647000,1,3.60000000,586.3900
1628559839647000,1,1.90000000,586.3900
1628559839647000,1,1.38842334,586.3700
1628559842729000,1,3.52800000,586.3900
1628559843716000,1,3.60000000,586.4700
1628559843716000,1,2.56795006,586.4600
1628559843716000,1,1.16833080,586.3700
1628559843716000,1,0.17807108,586.3400
1628559844317000,1,3.91435000,586.4700
1628559844317000,1,3.92162632,586.3400
1628559845712000,1,3.60000000,586.3900
1628559845712000,1,2.55675414,586.3700
1628559845712000,1,0.03358444,586.3400
1628559847989000,1,2.55560779,586.5700
1628559847989000,1,2.48573883,586.4700
1628559927265000,1,2.58431000,586.4600
1628559955664000,1,2.59196068,586.1200
1628559979524000,1,2.56000000,586.2500
1628559980763000,1,0.00400852,586.2500
1628559980763000,1,2.51599148,586.1000
1628559982873000,1,8.64000000,585.9200
1628559983003000,1,0.00615456,585.9200
1628559983357000,1,2.55000000,585.9000
1628559984366000,1,25.00000000,585.8700
1628559984366000,1,4.24000000,585.6900
1628560043898000,0,1.40000000,586.0900
1628560092360000,0,1.76166830,586.6600
1628560141329000,0,3.50000000,587.0000
1628560147973000,1,3.60000000,587.1700
1628560147973000,1,2.52631309,587.1600
1628560147973000,1,2.54368691,587.1500
1628560148773000,1,5.07000000,587.1700
1628560148773000,1,0.00922439,587.1500
1628560176779000,0,1.99861000,588.0400
1628560176990000,0,0.00000736,588.0400
1628560177417000,0,0.20000654,588.2900
1628560179648000,0,2.71612276,588.5000
1628560180588000,0,4.07901922,588.7600
1628560211902000,0,14.00000000,588.1000
1628560211979000,0,9.00000000,588.1000
1628560212059000,0,21.20000000,588.1000
1628560217292000,1,2.54926774,587.9200
1628560217390000,1,2.54926774,587.9200
1628560224261000,1,2.54926774,587.9200
1628560280201000,1,2.55000000,587.3500
1628560286163000,0,14.91300000,587.9400
1628560313565000,1,2.55000000,587.6900
1628560323585000,1,0.00099233,587.6900
1628560323585000,1,2.55098767,587.6900
1628560330449000,1,0.00000466,587.6900
1628560330449000,1,2.55098534,587.6900
1628560333763000,1,0.00000699,587.6900
1628560333763000,1,2.54556301,587.5500
1628560334575000,1,0.00211488,587.3500
1628560356352000,1,3.60000000,586.9200
1628560356352000,1,2.51772021,586.9000
1628560356352000,1,3.60000000,586.7200
1628560356352000,1,4.23757890,586.6600
1628560356352000,1,2.55203272,586.6500
1628560356352000,1,0.09261728,586.4700
1628560356352000,1,14.59207593,586.4600
1628560404235000,0,0.49290000,587.8900
1628560549837000,0,4.38000000,586.7400
1628560549849000,0,0.00253252,586.7400
1628560709245000,0,0.14790000,587.6800
1628560801199000,0,4.46014449,587.2300
1628560805119000,1,2.53739000,586.9600
1628560808755000,1,4.38000000,586.4900
1628560817317000,0,0.75590584,586.7700
1628560819727000,0,0.72440981,586.7700
1628560888816000,0,2.14876000,586.3300
1628560889740000,0,0.00000445,586.3300
1628560891200000,1,0.13819304,586.0800
1628560934830000,1,1.66062609,586.4500
1628560934830000,1,0.89565688,586.4500
1628560937317000,0,3.78382178,586.2800
1628560940844000,0,1.48062577,586.2800
1628560950264000,1,2.55000000,586.0100
1628560951195000,0,6.07408429,586.0400
1628560977716000,1,0.00789054,586.0100
1628561011185000,0,7.64500000,585.8700
1628561011186000,0,0.00000196,585.8700
1628561013862000,0,0.05900000,586.0700
1628561014759000,0,0.16200000,586.1100
1628561016553000,0,2.00000000,586.5100
1628561016553000,0,21.75000000,586.5200
1628561027940000,0,7.26281000,585.9500
1628561027997000,0,0.00000422,585.9500
1628561041473000,0,4.80925000,585.9400
1628561041601000,0,0.00000628,585.9400
1628561073858000,1,2.55000000,585.7300
1628561078259000,0,0.32980000,585.8100
1628561082166000,1,0.41332895,585.3300
1628561082168000,1,1.14280846,585.3300
1628561082183000,1,1.00467390,585.3300
1628561083076000,0,1.90000000,585.2000
1628561083076000,0,5.20000000,585.2100
1628561096171000,1,0.14771179,585.0300
1628561105453000,0,0.08250000,585.6500
1628561122095000,0,2.58000000,585.7000
1628561296923000,0,0.04654519,586.6900
1628561379198000,0,3.60000000,585.9900
1628561379198000,0,2.56097261,586.0100
1628561379198000,0,3.60000000,586.0800
1628561379198000,0,2.91455509,586.0800
1628561379198000,0,22.55810820,586.1500
1628561390185000,1,2.56145000,585.2100
1628561676344000,1,2.17358612,586.3600
1628561890234000,1,4.60810966,585.8300
1628561909243000,0,0.28010000,586.2700
1628562159116000,0,4.59511000,586.4100
1628562436595000,1,0.53128189,586.6100
1628562597053000,1,2.55131834,587.5600
1628562620461000,1,2.55000000,587.5900
1628562628207000,1,0.00108450,587.5900
1628562678588000,1,4.68000000,586.7200
1628562708058000,0,4.48146000,587.0300
1628562759244000,0,0.08710000,587.5000
1628562834114000,0,2.55597000,587.1600
1628563189727000,0,32.50521000,587.9600
1628563189805000,0,7.00000000,587.9600
1628563189823000,0,8.99479000,587.9600
1628563207102000,1,0.59706029,588.3000
1628563224633000,1,2.54000000,587.9500
1628563403583000,0,0.23800910,587.8400
1628563404147000,1,4.60817258,587.3400
1628563404147000,1,2.00000000,587.3000
1628563404147000,1,2.55287668,587.2700
1628563404147000,1,7.23895074,587.2500
1628563455356000,0,0.09860000,587.6300
1628563462538000,0,0.04500000,587.6900
1628563477412000,1,0.59702734,588.3300
1628563498871000,1,2.54814000,588.2000
1628563540929000,0,4.60000000,588.2600
1628563555213000,1,0.59696911,588.4500
1628563555429000,1,0.59696911,588.4700
1628563600104000,1,2.58690000,588.3100
1628563726858000,0,9.30000000,587.9900
1628563756852000,1,0.10800000,587.5100
1628563997229000,0,0.10340000,588.6300
1628564009603000,1,0.59687688,588.6500
1628564031934000,0,0.15000000,589.2000
1628564035406000,1,0.59681865,588.7200
1628564035634000,1,0.59681865,588.7200
1628564051521000,0,0.00200000,589.2000
1628564051521000,0,0.14800000,589.3500
1628564211373000,1,2.54000000,589.4600
1628564365701000,0,0.32740000,590.1900
1628564395615000,0,4.32000000,590.2500
1628564396053000,1,0.59645480,589.9600
1628564438229000,1,0.34011293,590.1600
1628564438235000,1,0.59639668,590.1600
1628564438477000,1,0.59639668,590.1800
1628564438547000,1,0.20000000,590.1800
1628564438547000,1,0.03221389,590.1700
1628564673635000,0,0.14690000,591.6500
1628564777944000,0,0.34770000,591.7200
1628564850985000,0,2.53813237,591.2900
1628564949763000,0,0.32680000,591.1400
1628565125133000,0,1.30000000,590.1800
1628565322900000,1,4.23311000,589.3800
1628565499889000,0,0.08190000,589.5400
1628565665010000,0,2.55000000,587.8200
1628566015024000,1,2.55923000,585.7900
1628566015058000,1,0.00000934,585.7900
1628566091703000,0,0.08729366,584.8500
1628566182889000,0,3.60000000,584.1300
1628566234589000,0,2.56904048,584.2200
1628566253003000,0,3.40741032,583.6700
1628566264749000,0,0.18530239,583.6700
1628566361886000,0,1.78000000,584.2700
1628566361900000,0,2.63224455,584.2700
1628566361900000,0,6.89161224,584.4000
1628566391924000,1,6.82800000,584.5200
1628566393973000,1,1.96520000,584.0700
1628566394162000,1,1.24000000,583.7800
1628566425128000,1,4.30739000,583.9000
1628566566555000,1,8.61602000,583.4100
1628566577112000,0,0.59796212,583.4400
1628566648311000,1,9.25000000,582.3300
1628566654078000,1,0.50000000,582.1700
1628566654184000,1,4.45525936,582.0500
1628566654184000,1,2.57572657,581.9900
1628566658979000,1,2.57572657,581.9900
1628566799082000,0,4.24464083,583.4000
1628566799082000,0,8.54535917,583.4100
1628566818255000,1,2.56000000,583.3300
1628566902472000,0,0.04400000,584.2100
1628567023518000,0,0.14380000,584.6200
1628567127611000,1,2.56000000,584.0400
1628567127729000,1,0.00657157,584.0400
1628567240877000,1,2.57000000,583.1400
1628567272783000,1,0.00077649,583.1400
1628567272783000,1,2.52016980,582.9500
1628567326633000,1,2.57000000,582.5700
1628567328653000,0,0.08290000,582.9200
1628567344311000,0,3.51000000,582.9200
1628567344360000,0,0.00710000,582.9200
1628567389319000,0,4.46000000,583.2400
1628567404198000,1,2.57000000,583.0400
1628567460460000,1,0.00136908,583.0400
1628567470629000,1,2.57298000,582.6600
1628567561790000,0,0.06630000,582.9300
1628567647229000,1,0.00000902,582.6600
1628567647229000,1,4.58293335,582.4500
1628567647229000,1,2.56705763,582.4400
1628567666225000,0,1.71800000,582.7300
1628567696524000,1,2.57000000,582.0700
1628567696524000,1,0.00539317,582.0700
1628567733857000,1,2.57000000,582.0500
1628567733970000,1,0.00553929,582.0500
1628567751630000,1,2.57000000,581.8600
1628567751784000,1,0.00638885,581.8600
1628567773164000,1,2.57000000,582.0500
1628567773233000,1,0.00541671,582.0500
1628567865957000,0,0.08290000,582.7600
1628568000637000,1,2.57000000,582.4000
1628568047099000,1,0.04400000,580.7200
1628568065574000,1,2.58084000,580.7900
1628568065724000,1,0.00000654,580.7900
1628568070943000,0,0.14960000,581.1100
1628568080206000,0,1.76500000,581.2800
1628568100508000,1,2.57000000,581.2200
1628568100796000,1,0.60000000,581.2800
1628568100796000,1,0.00922716,581.2200
1628568102419000,1,2.58008807,581.0100
1628568104624000,1,2.58000000,581.0100
1628568105606000,1,0.00008807,581.0100
1628568105606000,1,4.29623678,580.7600
1628568171674000,0,0.09980000,580.9700
1628568172216000,0,4.27000000,580.9700
1628568328064000,0,4.24000000,581.2100
1628568722294000,0,0.49730000,582.7300
1628568840290000,0,0.18210000,583.6400
1628568858618000,0,0.14560000,583.7800
1628568902296000,1,1.30000000,583.8500
1628569019700000,1,2.57102000,583.0900
1628569091653000,0,0.25000000,582.6000
1628569120458000,0,0.16570000,583.0600
1628569144266000,0,9.25000000,583.6300
1628569144332000,0,0.00008279,583.6300
1628569153351000,0,12.76000000,584.0400
1628569153627000,0,10.47000000,584.0400
1628569153878000,0,23.77000000,584.0400
1628569203784000,1,8.50274000,583.8200
1628569413837000,1,4.68000000,583.6800
1628569433220000,0,4.55919059,584.0900
1628569799431000,1,3.60000000,583.3400
1628569799468000,1,2.57008451,583.3200
1628569799468000,1,4.50799002,583.3100
1628569799468000,1,3.60000000,583.3100
1628569922894000,1,2.57343629,582.5500
1628569922987000,1,2.57343629,582.5500
1628569928329000,1,2.57000000,582.5500
1628569928396000,1,0.00343629,582.5500
1628570024202000,1,2.57000000,582.3300
1628570036816000,0,4.64000000,583.0300
1628570067060000,1,4.27000000,582.2600
1628570137617000,1,2.57000000,582.0300
1628570137657000,1,0.00577359,582.0300
1628570151720000,1,2.57000000,582.0100
1628570177436000,1,2.57000000,581.8200
1628570177442000,1,0.00665728,581.8200
1628570180248000,1,9.13000000,581.6800
1628570183413000,1,2.57000000,581.6300
1628570183439000,1,0.00745991,581.6300
1628570212158000,1,2.57000000,581.3900
1628570289422000,1,0.26000000,581.3800
1628570289515000,1,2.31855861,581.3800
1628570295406000,1,2.57934473,581.1900
1628570295406000,1,4.43331633,581.1200
1628570295406000,1,25.00000000,581.1000
1628570295406000,1,2.57689925,581.0600
1628570302444000,1,2.57000000,581.1900
1628570379719000,0,0.53160000,581.4500
1628570432071000,1,2.57122212,580.8900
1628570516723000,0,4.44000000,581.0300
1628570676377000,1,2.58000000,580.7600
1628570676483000,1,0.00139424,580.7600
1628570713189000,0,0.08480000,581.1600
1628570768756000,1,0.20000000,581.3200
1628570768889000,1,0.20000000,581.4900
1628570768912000,1,0.20000000,581.4900
1628570802096000,1,2.57000000,581.4900
1628570811775000,1,2.58000000,581.2500
1628570833688000,1,2.57970305,581.1200
1628570833783000,1,2.57970305,581.1200
1628570833783000,1,4.29841593,581.0800
1628570850792000,1,2.58000000,580.9000
1628570887522000,0,9.02996000,582.1400
1628570982190000,0,4.46000000,583.1900
1628571013479000,1,2.57000000,582.9000
1628571039958000,1,0.68000000,582.1200
1628571040090000,1,1.32000000,582.1200
1628571114130000,1,4.43293000,581.8000
1628571124360000,1,0.95471665,581.3100
1628571147096000,1,0.00024268,580.9000
1628571205503000,1,2.58000000,580.7600
1628571205539000,1,0.00119982,580.7600
1628571220364000,1,2.58000000,580.7300
1628571240676000,0,0.10000000,581.2200
1628571252422000,0,11.00000000,581.7000
1628571252683000,0,1.93400000,581.7000
1628571262999000,1,0.19760171,581.5100
1628571271676000,1,2.57000000,581.5000
1628571271742000,1,0.00778623,581.5000
1628571312044000,1,2.57903000,581.2800
1628571312062000,1,0.00000918,581.2800
1628571313317000,1,0.00132749,580.7300
1628571313317000,1,8.56867251,580.7300
1628571337898000,1,2.58000000,580.4200
1628571337955000,1,0.00238569,580.4200
1628571342737000,1,2.58000000,580.4200
1628571342824000,1,0.00238569,580.4200
1628571344205000,1,2.58000000,580.4200
1628571344232000,1,0.00238569,580.4200
1628571344599000,1,1.72000000,580.3000
1628571344600000,1,2.58111206,580.3000
1628571381876000,1,2.58000000,579.9200
1628571382019000,1,0.00483732,579.9200
1628571384002000,1,2.58483000,579.9200
1628571394708000,1,2.58000000,579.7100
1628571394794000,1,0.00568392,579.7100
1628571428965000,0,8.50000000,580.7100
1628571439326000,1,2.58000000,580.3100
1628571439356000,1,0.00288636,580.3100
1628571439669000,1,2.58000000,580.3100
1628571459074000,1,2.58000000,579.9200
1628571512944000,1,1.24000000,579.7300
1628571525750000,1,1.34000000,579.7300
1628571526081000,1,0.00574725,579.7300
1628571526081000,1,2.59425275,579.6800
1628571526402000,1,1.24000000,579.7300
1628571543043000,1,1.34000000,579.7300
1628571549143000,1,0.00574725,579.7300
1628571549143000,1,2.60425275,579.6800
1628571549246000,1,2.58574725,579.7300
1628571549246000,1,0.00537669,579.6800
1628571549246000,1,4.30602748,579.6400
1628571549246000,1,2.57199799,579.5300
1628571553889000,1,2.58000000,579.7300
1628571559395000,1,2.58000000,579.5400
1628571559593000,1,0.00640289,579.5400
1628571560403000,1,2.38000000,579.5400
1628571560488000,1,0.20640289,579.5400
1628571560491000,1,2.62334390,579.4800
1628571585304000,1,2.58000000,579.5300
1628571594622000,1,2.00000000,579.0000
1628571601101000,1,0.20000000,578.8900
1628571601101000,1,24.80000000,578.8800
1628571601271000,1,0.20000000,578.8900
1628571601298000,1,0.20000000,578.8900
1628571623701000,0,0.08430000,579.0100
1628571626671000,0,8.73000000,579.0400
1628571655297000,0,4.47000000,579.3800
1628571658336000,0,6.89200000,579.7000
1628571661984000,0,1.49830000,580.1500
1628571677960000,0,6.89600000,579.9100
1628571678130000,0,0.20000000,580.0500
1628571680736000,0,0.15116000,580.3400
1628571682745000,1,3.60000000,579.6900
1628571682745000,1,0.10000000,579.6800
1628571682745000,1,4.32603475,579.6700
1628571682745000,1,3.60000000,579.6600
1628571682745000,1,2.58538589,579.6400
1628571682745000,1,6.89400000,579.5900
1628571700607000,0,0.04950000,580.5500
1628571721765000,0,3.11000000,580.5500
1628571721774000,0,0.15000000,580.5500
1628571721800000,0,1.25528639,580.5500
1628571800294000,0,6.88500000,581.2100
1628571827746000,0,0.09450000,580.9900
1628571828045000,0,0.07560000,580.9900
1628572000185000,0,0.08460000,582.4900
1628572098723000,1,4.49142589,582.2800
1628572216678000,0,2.00000000,582.2300
1628572277699000,1,4.19960000,581.6900
1628572277754000,1,4.95026000,581.6900
1628572598816000,0,4.48000000,583.1500
1628572598991000,0,0.00926922,583.1500
1628572707663000,1,2.57000000,582.6500
1628572741522000,0,1.53000000,583.1800
1628572741533000,0,7.17928476,583.1800
1628572765459000,0,1.50000000,583.9800
1628572777504000,0,1.50000000,583.7100
1628573108955000,1,0.76000000,582.8500
1628573109044000,1,0.18000000,582.8500
1628573109044000,1,1.62017843,582.8500
1628573228533000,1,4.55000000,583.0400
1628573268512000,0,0.09940000,583.3700
1628573363066000,0,3.52800000,583.8000
1628573414256000,1,2.57000000,583.1200
1628573416679000,1,0.00082754,583.1200
1628573429448000,1,24.00000000,582.8500
1628573437348000,1,2.60000000,582.8500
1628573437376000,1,0.00856137,582.8500
1628573610845000,0,0.17791000,583.4300
1628573611332000,0,0.00000377,583.4300
1628573697032000,1,8.77000000,583.7300
1628573717415000,1,2.53000000,583.7200
1628573829486000,1,2.57125499,583.0300
1628573829486000,1,2.48874501,583.0200
1628573831089000,1,2.57125499,583.0300
1628573831089000,1,0.07874501,583.0200
1628573835547000,1,2.57000000,583.0300
1628573835576000,1,0.00125499,583.0300
1628573838907000,1,2.57000000,583.0300
1628573927097000,1,0.00125499,583.0300
1628573927097000,1,2.56874501,583.0300
1628573927233000,1,0.00250998,583.0300
1628574076315000,0,0.12430000,582.9100
1628574166891000,1,0.50000000,582.9600
1628574307107000,1,0.11302000,582.9600
1628574345791000,0,4.46000000,583.7000
1628574421729000,1,4.28427000,582.9900
1628574549956000,1,0.00000826,582.9600
1628574662503000,1,0.24363135,581.1400
1628574909187000,0,0.16430000,582.2200
1628574925277000,1,2.57000000,581.4900
1628574961418000,0,4.39203000,583.4000
1628574971695000,0,6.83700000,584.7000
1628574971932000,0,0.19434317,584.7700
1628574971932000,0,1.10565683,584.9000
1628574973592000,0,7.40474000,584.9000
1628574975113000,0,4.40403000,585.4400
1628574982375000,1,3.60000000,585.0600
1628574989745000,1,3.60000000,584.6600
1628575013823000,1,3.60000000,584.7800
1628575013893000,1,9.15087000,584.7100
1628575014037000,1,3.60000000,584.6600
1628575014037000,1,0.62804000,584.6100
1628575019566000,1,4.40134000,584.4000
1628575088083000,1,0.04410000,584.4000
1628575091373000,1,0.00090000,584.4000
1628575110241000,1,0.04410000,584.4000
1628575110279000,1,0.00090000,584.4000
1628575127762000,1,0.04410000,584.4000
1628575127776000,1,0.00090000,584.4000
1628575229795000,1,1.50000000,582.6100
1628575229849000,1,1.50000000,582.5700
1628575229849000,1,5.35900000,582.5600
1628575230020000,1,6.86000000,582.4500
1628575248858000,1,4.42000000,582.0900
1628575260787000,0,4.41311000,582.6100
1628575321348000,0,2.57000000,582.6600
1628575469276000,1,2.57000000,582.3500
1628575469281000,1,0.00444402,582.3500
1628575476532000,1,2.57000000,582.1700
1628575533286000,1,2.57000000,581.9000
1628575567877000,1,0.49000000,581.7700
1628575606365000,1,2.57000000,581.8900
1628575606522000,1,0.00635134,581.8900
1628575627122000,1,4.63000000,581.5400
1628575705468000,0,4.22386950,582.2300
1628575705468000,0,8.46613050,582.2600
1628575857542000,1,3.40000000,582.0200
1628576339761000,0,6.84000000,585.0200
1628576340026000,0,1.15590000,585.6500
1628576340297000,0,1.58630000,585.8800
1628576340300000,0,2.73120000,585.8800
1628576340321000,0,1.10010000,585.8800
1628576340343000,0,1.10920000,585.8800
1628576340382000,0,0.32320000,585.8800
1628576340383000,0,1.00650000,586.1400
1628576340390000,0,1.10020000,586.1400
1628576340428000,0,1.45320000,586.1400
1628576340458000,0,1.44010000,586.1400
1628576363266000,1,0.64279000,586.1700
1628576394188000,0,0.11556000,586.7800
1628576398179000,0,0.00000803,586.7800
1628576398179000,0,0.07409197,587.3000
1628576423917000,1,6.05479000,585.5500
1628576631523000,0,0.05000000,584.8200
1628576654863000,0,0.05000000,584.7000
1628576781328000,1,4.39259117,583.2000
1628576781328000,1,8.87740883,583.1900
1628576804552000,0,3.60000000,583.6500
1628576804911000,0,4.59844667,583.7600
1628576804911000,0,2.56155333,583.8500
1628577026094000,0,0.06620000,583.9300
1628577050485000,0,9.26790000,584.1800
1628577050562000,0,0.00000869,584.1800
1628577097317000,1,6.82100000,585.2100
1628577253890000,1,2.56266001,584.8900
1628577304578000,0,0.08667602,586.4900
1628577304578000,0,7.19332398,586.5100
1628577322340000,1,0.30159488,586.0400
1628577322893000,1,0.10816831,586.0400
1628577352542000,1,8.88498737,585.4600
1628577352542000,1,25.00000000,585.4500
1628577539522000,1,2.56000000,584.6200
1628577543820000,1,0.00405134,584.6200
1628577543820000,1,4.33594866,584.4900
1628577589345000,0,4.05310000,584.9700
1628577596033000,0,8.70580214,585.2700
1628577681069000,1,8.98000000,584.6400
1628577907619000,0,0.06590000,586.0900
1628577952024000,0,0.04400000,586.7600
1628577998841000,1,2.55000000,586.8800
1628577998857000,1,0.00421825,586.8800
1628577999073000,1,4.46526265,586.8500
1628577999073000,1,8.97473735,586.8400
1628578040752000,1,2.55000000,586.7600
1628578040783000,1,0.00466442,586.7600
1628578053108000,1,2.50356084,586.7500
1628578076064000,0,4.27200000,587.1100
1628578084592000,1,0.05109308,586.7500
1628578084592000,1,0.24301844,586.7200
1628578085142000,1,0.20588848,586.7500
1628578092475000,1,2.55000000,586.9300
1628578092503000,1,0.00358170,586.9300
1628578096987000,0,8.45000000,587.1800
1628578186688000,0,3.60000000,588.9000
1628578254821000,0,0.30395109,588.1600
1628578591693000,1,0.24598000,587.6700
1628578591708000,1,0.00502000,587.6700
1628578601525000,1,0.23000000,587.5200
1628578613417000,1,3.60000000,587.3900
1628578619564000,1,0.38241511,587.2700
1628578619569000,1,0.38241511,587.2700
1628578619587000,1,2.83516978,587.2700
1628578634126000,1,0.23000000,587.0100
1628578675477000,1,0.19012000,587.0100
1628578711747000,1,0.15000000,587.0600
1628578711751000,1,0.00600000,587.0600
1628578715434000,1,0.16100000,586.9100
1628578715768000,1,0.16000000,586.7600
1628578759679000,0,0.15269000,586.5300
1628578837571000,1,0.16000000,586.0600
1628578862622000,1,0.09987539,585.2600
1628578862622000,1,4.31012461,585.2500
1628578862647000,1,0.00403984,585.2500
1628578863208000,1,9.31716000,585.1400
1628578963332000,0,0.08260000,584.4900
1628579110786000,1,0.15000000,582.3300
1628579110809000,1,0.00200000,582.3300
1628579139239000,0,4.32512186,582.5500
1628579139239000,0,2.57487814,582.5600
1628579179991000,1,2.57710174,581.7500
1628579180055000,0,7.27854000,581.7500
1628579180066000,0,0.00000208,581.7500
1628579182403000,1,2.57000000,581.7500
1628579335539000,0,0.07450000,583.5200
1628579375662000,0,8.78000000,583.4400
1628579435943000,0,3.54000000,584.0200
1628579611169000,1,1.00040000,582.2700
1628579611191000,1,1.57418420,582.2700
1628579710176000,0,0.07540000,582.3900
1628579735288000,0,2.00000000,582.4300
1628579735288000,0,6.86900000,582.4400
1628579740909000,0,4.39000000,582.6400
1628579763351000,1,0.28000000,582.4500
1628579763412000,1,0.00300000,582.4500
1628579764073000,1,0.27000000,582.3000
1628579766863000,1,0.00500000,582.3000
1628579766863000,1,0.26500000,582.1500
1628579780192000,1,0.00800000,582.1500
1628579780192000,1,0.21200000,582.0000
1628579813394000,1,4.51000000,581.6400
1628579813418000,1,0.00434853,581.6400
1628579852967000,0,2.57764670,582.2200
1628579891058000,0,6.85300000,583.4400
1628579915807000,1,1.11330000,583.3900
1628579915880000,1,0.88670000,583.3900
1628579968118000,1,2.56000000,583.3400
1628579968223000,1,0.00974984,583.3400
1628580352120000,0,2.57336000,583.1900
1628580762517000,0,0.41270000,585.2600
1628580767072000,0,4.56234293,585.5200
1628580767072000,0,7.65765707,585.5300
1628580767194000,0,7.65765000,585.5200
1628580872374000,1,4.45292000,586.1300
1628580874129000,1,6.50052000,585.9600
1628580938689000,0,3.60000000,586.6700
1628580938689000,0,0.40000000,586.7700
1628580953591000,1,0.06860000,585.9600
1628580956777000,1,0.00140000,585.9600
1628580966808000,1,4.30000000,585.4300
1628580978274000,1,9.24219000,585.1400
1628580995214000,0,4.35222000,585.4400
1628580999840000,0,8.68000000,585.6200
1628581007920000,1,0.20000000,585.0000
1628581024358000,1,4.33786907,584.7000
1628581024358000,1,8.81213093,584.7000
1628581024405000,1,0.00170723,584.7000
1628581081970000,0,0.16500000,585.4300
1628581112382000,0,4.38623000,585.4200
1628581112969000,0,6.00000000,585.4300
1628581113042000,0,2.52484000,585.4300
1628581169848000,0,0.15660000,586.0400
1628581390212000,0,3.60000000,586.5700
1628581390598000,0,3.60000000,586.6000
1628581395167000,0,3.60000000,586.5700
1628581415970000,0,3.60000000,586.6100
1628581418729000,0,3.60000000,586.6600
1628581418729000,0,1.30000000,586.6800
1628581418729000,0,4.51738198,586.6900
1628581418729000,0,2.55814764,586.7000
1628581418729000,0,6.82100000,586.7000
1628581423167000,0,2.55814764,586.7000
1628581427377000,0,6.81500000,586.9000
1628581435937000,0,3.60000000,587.1900
1628581436164000,0,6.80800000,587.2100
1628581437314000,0,6.81000000,587.2100
1628581438241000,0,6.80700000,587.3900
1628581438802000,0,6.80400000,587.3900
1628581493645000,1,0.32000000,586.6700
1628581499414000,1,4.20526000,586.6700
1628581499426000,1,0.00000956,586.6700
1628581534121000,1,2.56108172,586.1000
1628581534121000,1,4.22891828,586.0900
1628581558175000,1,1.00000000,585.5000
1628581570270000,0,3.60000000,586.0400
1628581570270000,0,4.39344648,586.0600
1628581597348000,1,4.48000000,585.4900
1628581597367000,1,20.52000000,585.4900
1628581692981000,0,0.08240000,585.9600
1628581962837000,1,4.66000000,585.9800
1628582055373000,0,4.43000000,587.5000
1628582055432000,0,0.00224280,587.5000
1628582076554000,0,1.00000000,588.0000
1628582092853000,1,2.55113000,587.6200
1628582121698000,0,0.16420000,588.2700
1628582153597000,0,27.00000000,588.2500
1628582153668000,0,7.50000000,588.2500
1628582178790000,1,0.59743356,587.9600
1628582202819000,0,0.05000000,589.0700
1628582208995000,1,3.60000000,588.6100
1628582211200000,1,8.78000000,588.4800
1628582231489000,1,4.61000000,588.3200
1628582243310000,0,3.60000000,588.8000
1628582243310000,0,4.34182677,588.8200
1628582243310000,0,2.54906311,588.8500
1628582274197000,0,0.64451264,588.9000
1628582274208000,0,1.90409227,588.9000
1628582322409000,0,0.11000000,588.9500
1628582333291000,0,0.12072337,589.0600
1628582335872000,0,0.09054252,589.3200
1628582335872000,0,8.85051593,589.4100
1628582336582000,0,0.03770344,589.7500
1628582351301000,0,3.60000000,589.6000
1628582351301000,0,2.56237173,589.6100
1628582351301000,0,4.42022172,589.6100
1628582363501000,0,3.60000000,589.4100
1628582363501000,0,2.54634415,589.4300
1628582363501000,0,3.40507312,589.5700
1628582365496000,0,3.60000000,589.4100
1628582365496000,0,0.90000000,589.4200
1628582365496000,0,2.54634415,589.4300
1628582365496000,0,3.60000000,589.4300
1628582365496000,0,2.60029497,589.6100
1628582366094000,0,2.54000000,589.4300
1628582366117000,0,0.00634415,589.4300
1628582367148000,0,9.30940695,589.8700
1628582367148000,0,2.55694248,589.8800
1628582367148000,0,1.19289732,589.8800
1628582367575000,0,3.74983000,589.8700
1628582367575000,0,2.54700187,589.8700
1628582374668000,0,3.60000000,590.0800
1628582374668000,0,1.57048705,590.0800
1628582374668000,0,0.09408620,590.1300
1628582374668000,0,2.54388100,590.1500
1628582374668000,0,3.99878341,590.2100
1628582376471000,0,0.09544279,589.9000
1628582378607000,0,3.60000000,589.8700
1628582378607000,0,2.42436249,589.8800
1628582379550000,0,3.60000000,589.8500
1628582379550000,0,2.42436000,589.8700
1628582379550000,0,0.08747394,589.8800
1628582414196000,1,0.59688572,589.2700
1628582421053000,0,2.54563255,589.6800
1628582421053000,0,3.60000000,589.6800
1628582421053000,0,0.09271368,589.8500
1628582421053000,0,2.55060521,589.8600
1628582421053000,0,0.49077720,589.8600
1628582421053000,0,4.24204005,589.9100
1628582421053000,0,0.22217366,589.9900
1628582421415000,0,0.49077000,589.6700
1628582421441000,0,0.00000720,589.6700
1628582421441000,0,2.54563255,589.6800
1628582454271000,1,1.29990000,589.6700
1628582454657000,1,0.04200000,589.6700
1628582457128000,1,0.07700000,589.5100
1628582457141000,1,0.59997850,589.5100
1628582457619000,1,3.70293000,589.5100
1628582477984000,1,1.00000000,589.1300
1628582479276000,1,0.43000000,589.1500
1628582484105000,1,9.30000000,589.1100
1628582537850000,0,0.04719224,589.3700
1628582537850000,0,4.35280776,589.5800
1628582538939000,0,0.04628469,589.5700
1628582544016000,1,0.04700000,588.8900
1628582588610000,0,2.54000000,589.3700
1628582588713000,0,0.00655390,589.3700
1628582640258000,0,2.54477808,589.8100
1628582640310000,1,1.65522000,589.8100
1628582640317000,1,0.00000192,589.8100
1628582666347000,0,1.80000000,590.0000
1628582666563000,0,0.74404326,590.0000
1628582668928000,1,0.59678286,589.6200
1628582727717000,1,1.43000000,589.2000
1628582727792000,1,2.83261130,589.2000
1628582727792000,1,2.00000000,589.1400
1628582727792000,1,8.19738870,589.1300
1628582727811000,1,0.57137905,589.1300
1628582744464000,1,0.25000000,588.9700
1628582759464000,1,0.08740921,588.7200
1628582779164000,0,9.29000000,589.3200
1628582793775000,0,0.90000000,589.7400
1628582858130000,0,2.54000000,589.2100
1628582858153000,0,0.00761514,589.2100
1628583009226000,1,2.72000000,589.2000
1628583219048000,0,0.17000000,588.7300
1628583219133000,0,2.37955821,588.7300
1628583388131000,0,0.10934452,588.6400
1628583388134000,0,0.53261202,588.6400
1628583388136000,0,0.18150694,588.6400
1628583388149000,0,1.70592629,588.6400
1628583466960000,0,2.55000000,588.5500
1628583466988000,0,0.00008013,588.5500
1628583467091000,0,2.57139943,588.5900
1628583469613000,0,30.14590000,589.0000
1628583469685000,0,18.00000000,589.0000
1628583638669000,0,1.61000000,589.3500
1628583638820000,0,9.13363363,589.4200
1628583653455000,1,3.60000000,589.1600
1628583674376000,1,0.59657620,589.7200
1628583680457000,1,4.51925000,589.7200
1628583957385000,1,0.32516000,590.0000
1628583957469000,1,0.00000555,590.0000
1628584002051000,0,2.56000000,589.9900
1628584002143000,0,0.00351802,589.9900
1628584002374000,0,4.58809701,590.2700
1628584002374000,0,2.54270864,590.2800
1628584006019000,0,0.57260000,590.2300
1628584006148000,0,1.30000000,590.2300
1628584018273000,0,0.18100000,590.2500
1628584018273000,0,0.20600000,590.4000
1628584116925000,1,3.60000000,589.9800
1628584116925000,1,0.90000000,589.9700
1628584117225000,1,2.27000000,589.9600
1628584117354000,1,1.98224382,589.9600
1628584118963000,1,5.25000000,589.8800
1628584150705000,1,1.00000000,589.8500
1628584191894000,0,2.00000000,590.4100
1628584206228000,1,0.59632305,590.4300
1628584740856000,1,2.54516000,589.0100
1628584740921000,1,0.00000559,589.0100
1628584741165000,1,0.61562000,588.6900
1628584789510000,0,2.52000000,589.1700
1628584789546000,0,0.00660521,589.1700
1628584793022000,0,2.53000000,589.2100
1628584793148000,0,0.00356187,589.2100
1628584822162000,0,0.17000000,589.3200
1628584822190000,0,0.00400000,589.3200
1628584874206000,0,3.60000000,588.7200
1628584898068000,0,0.16900000,588.8200
1628584964723000,0,8.53280105,589.3400
1628584981882000,0,2.52000000,589.5200
1628584981967000,0,0.00917627,589.5200
1628585020083000,0,3.60000000,589.5100
1628585033840000,0,2.57000000,589.5200
1628585061954000,0,2.54929051,589.8700
1628585076043000,0,2.54000000,590.2300
1628585076105000,0,0.00443182,590.2300
1628585076105000,0,2.55480820,590.2400
1628585076105000,0,4.54541320,590.2500
1628585076105000,0,2.54267854,590.2700
1628585089776000,1,3.51406000,589.7000
1628585089840000,1,0.88881000,589.7000
1628585100967000,0,3.60000000,589.7900
1628585109069000,1,4.61119000,589.2500
1628585109117000,1,4.00000000,589.2500
1628585160876000,0,4.58848470,589.3300
1628585181869000,1,4.44213012,588.9600
1628585228068000,0,2.54000000,588.9900
1628585244586000,1,3.60000000,588.6600
1628585355864000,0,0.15000000,589.0500
1628585539888000,0,0.31597926,589.0200
1628585539975000,0,8.10000000,589.0200
1628585540794000,0,0.14000000,589.0200
1628585540809000,0,0.00353192,589.0200
1628585552782000,0,0.20000000,589.4200
1628585552814000,0,0.00900000,589.4200
1628585554057000,0,0.16000000,589.5700
1628585612197000,0,3.60000000,588.9600
1628585618036000,0,3.60000000,588.9300
1628585710469000,1,2.54402478,589.3100
1628585710469000,1,1.40000000,589.2100
1628585710469000,1,4.33064360,589.2000
1628585717812000,0,4.48000000,589.7200
1628585758782000,1,4.50000000,588.9400
1628585771209000,0,1.94000000,589.3300
1628585777002000,0,3.41000000,589.8000
1628585777045000,0,1.07179822,589.8000
1628585822317000,1,4.68000000,589.4000
1628585848023000,0,0.15800000,589.7300
1628585848219000,0,0.15800000,589.8800
1628585852818000,0,0.15000000,590.0300
1628585852840000,0,0.00500000,590.0300
1628585854320000,0,0.16000000,590.1800
1628585865543000,1,2.54000000,589.7800
1628585869957000,1,0.00177931,589.7800
1628585869957000,1,4.29822069,589.6500
1628585915023000,0,4.31000000,590.1700
1628585930024000,1,1.33422000,590.7200
1628585930025000,1,0.00000592,590.7200
1628585983448000,0,0.10000000,590.4900
1628586009334000,1,0.04157919,590.3000
1628586043112000,1,1.81000000,590.0400
1628586043129000,1,1.79000000,590.0400
1628586043129000,1,8.74952538,590.0200
1628586063477000,1,3.60000000,589.9500
1628586071918000,1,3.60000000,589.9500
1628586071950000,1,2.54090034,589.9300
1628586092655000,1,3.60000000,589.9500
1628586092655000,1,2.54090034,589.9300
1628586103602000,1,0.18600000,590.1700
1628586104607000,1,0.10200000,590.1700
1628586106634000,0,0.04400000,590.2000
1628586107464000,0,0.15100000,590.2000
1628586109228000,1,2.54029494,590.1100
1628586122470000,1,3.60000000,590.0900
1628586149978000,1,2.54030044,590.0700
1628586172497000,1,3.60000000,589.9500
1628586172497000,1,24.96000000,589.9300
1628586331072000,1,1.12000000,589.7800
1628586424475000,1,2.54000000,589.8900
1628586441983000,1,0.00151117,589.8900
1628586441983000,1,2.54151117,589.8900
1628586442422000,1,3.60000000,589.9100
1628586442422000,1,2.54000000,589.8900
1628586463844000,1,2.54000000,590.0800
1628586463846000,1,0.00068118,590.0800
1628586574407000,0,9.27000000,590.4900
1628586682438000,0,0.04234000,590.4800
1628586807786000,0,2.54000000,590.6400
1628586808055000,0,0.00112252,590.6400
1628586808055000,0,4.48238748,590.7500
1628586808055000,0,2.50649000,590.7600
1628586808638000,0,0.00188903,590.7600
1628586808638000,0,1.89811097,590.8300
1628586808791000,0,0.64627573,590.8300
1628586808791000,0,2.54039380,590.8600
1628586816218000,1,4.56000000,590.1700
1628586822219000,1,0.04410000,590.0800
1628586910300000,0,4.28000000,590.5500
1628586925949000,1,2.57000000,590.0800
1628586927010000,1,0.65000000,589.9600
1628586928796000,1,0.16000000,589.9600
1628586929023000,1,8.30000000,589.9600
1628586944143000,1,0.00151117,589.8900
1628586944143000,1,17.60848883,589.7600
1628586945067000,1,3.60000000,589.7800
1628586945365000,1,2.54000000,589.7300
1628586951172000,1,3.60000000,589.7500
1628586951622000,1,0.13000000,589.7500
1628586951864000,1,1.76000000,589.7500
1628586953372000,1,0.00202423,589.7300
1628586953372000,1,2.53797577,589.7300
1628586953455000,1,0.00404846,589.7300
1628586953455000,1,4.28253201,589.6700
1628586953455000,1,4.23585194,589.6600
1628587004408000,1,1.45523854,589.1400
1628587004482000,1,0.69883162,589.1400
1628587004522000,1,0.04400000,589.1400
1628587004546000,1,0.34643479,589.1400
1628587054154000,1,6.79700000,587.7600
1628587054394000,1,6.80100000,587.7600
1628587055169000,1,1.02056816,587.4300
1628587055174000,1,1.83631734,587.4300
1628587055195000,1,3.93811450,587.4300
1628587055475000,1,0.60769898,587.2400
1628587055475000,1,0.60804102,587.2400
1628587057250000,1,0.60769000,586.5500
1628587057441000,1,0.00000898,586.5500
1628587057441000,1,0.60804102,586.5500
1628587057442000,1,0.00001364,586.5500
1628587070159000,0,3.60000000,586.6500
1628587087470000,0,0.04500000,586.5600
1628587124122000,0,3.60000000,586.5000
1628587124906000,0,3.60000000,586.6200
1628587124906000,0,2.00000000,586.6300
1628587124906000,0,4.60140774,586.6500
1628587124906000,0,0.33000000,586.6500
1628587124906000,0,41.50859226,586.6600
1628587144996000,0,3.60000000,586.8500
1628587156319000,0,3.60000000,586.7300
1628587166496000,1,4.40388631,586.1300
1628587202867000,0,4.46355306,586.6000
1628587202867000,0,4.85644694,586.6100
1628587203374000,0,4.06137794,586.6100
1628587253311000,1,0.05880000,586.6100
1628587253373000,1,0.00120000,586.6100
1628587256002000,1,0.14700000,586.2500
1628587267893000,1,1.84880000,586.2500
1628587303308000,1,4.46000000,586.0000
1628587345811000,1,9.32540000,585.2400
1628587360327000,0,6.82900000,585.0700
1628587362460000,0,1.90000000,585.3300
1628587555402000,1,2.56481672,584.5100
1628587555546000,1,2.56000000,584.5100
1628587558805000,1,8.55000000,584.2600
1628587558903000,1,0.00041149,584.2600
1628587737223000,1,2.56000000,584.2900
1628587809897000,0,3.60000000,586.9000
1628587895546000,1,2.56000000,584.9100
1628587895642000,1,0.00318494,584.9100
1628587897648000,1,2.56000000,584.9100
1628587908630000,1,2.53509926,584.7700
1628587908630000,1,2.56220819,584.7300
1628587908630000,1,2.56269255,584.7200
1628587914968000,1,2.60068749,584.7300
1628587914968000,1,0.00125847,584.7200
1628587914968000,1,2.55805404,584.7200
1628587919839000,1,2.52000000,584.7300
1628587919927000,1,0.00834641,584.7300
1628587919927000,1,0.00589698,584.7200
1628587945371000,0,5.00000000,585.4500
1628587945441000,0,4.25086000,585.4500
1628587948134000,0,4.51000000,585.7500
1628587968924000,1,2.56000000,585.1500
1628587969008000,1,0.00159526,585.1500
1628588008193000,1,4.23304942,585.2100
1628588008193000,1,2.56206349,585.1700
1628588008193000,1,0.05000000,585.1500
1628588151747000,1,2.56000000,585.3100
1628588151864000,1,0.00137575,585.3100
1628588178471000,1,2.56000000,585.1200
1628588181185000,1,0.00227765,585.1200
1628588181185000,1,0.04274000,585.0000
1628588181185000,1,2.55498235,584.9200
1628588181185000,1,0.00809431,584.9200
1628588288906000,0,0.26390000,585.7800
1628588332149000,1,4.49570368,585.3900
1628588332149000,1,1.99429632,585.3900
1628588359524000,0,0.08240000,585.9500
1628588476197000,0,4.47710000,585.5800
1628588513948000,1,2.56131703,585.2800
1628588543549000,1,2.56000000,585.0800
1628588668273000,1,2.56000000,585.3000
1628588668303000,1,0.00134184,585.3000
1628588716792000,1,2.56000000,585.1000
1628588721493000,1,0.00206829,585.1000
1628588721493000,1,0.00217018,585.0800
1628588784887000,1,2.56423000,584.6000
1628588812783000,0,9.07926000,585.1200
1628588815185000,0,0.00000473,585.1200
1628589043584000,0,0.06580000,587.0800
1628589234987000,0,0.32890000,587.4200
1628589337425000,0,0.32890000,587.4100
1628589617301000,1,0.74700000,586.3700
1628589618391000,1,9.22000000,586.1600
1628589635425000,0,4.35786598,586.5600
1628589635425000,0,2.55213402,586.5700
1628589635694000,0,0.00645048,586.5700
1628589651701000,0,9.31000000,586.6200
1628589653278000,0,2.55000000,586.7700
1628589709266000,0,2.55000000,587.4300
1628589709294000,0,0.00517343,587.4300
1628589717855000,0,2.55400000,587.6200
1628589849414000,1,3.60000000,587.3300
1628589849479000,0,11.40000000,587.3200
1628589915466000,1,2.83000000,587.0100
1628589920683000,1,8.93126000,586.7700
1628589941178000,0,2.55000000,586.7700
1628590057172000,1,0.15000000,585.9500
1628590089648000,0,2.30710000,586.1800
1628590252631000,1,1.90000000,585.9400
1628590281549000,0,0.07910000,586.2500
1628590282317000,0,2.55961564,586.3300
1628590327169000,1,1.61000000,586.2900
1628590415577000,0,0.15640000,586.7000
1628590452663000,1,2.55000000,586.4600
1628590463616000,1,2.55713667,586.2700
1628590463616000,1,4.26061383,586.2100
1628590463708000,1,0.29000000,586.2700
1628590499239000,1,2.55000000,586.2600
1628590727928000,1,2.55966000,585.6800
1628590732927000,1,0.00000492,585.6800
1628590732927000,1,2.54999508,585.5000
1628590792909000,0,0.93703665,585.4200
1628590855294000,1,2.56417000,584.5500
1628590856471000,1,1.00000000,584.5000
1628590871707000,1,0.20000000,584.5100
1628590877033000,0,0.23999000,584.6600
1628590885753000,1,0.00205615,584.5100
1628590885753000,1,0.04307888,584.5100
1628590888635000,0,0.17975000,584.6000
1628590920769000,1,0.00092112,584.5100
1628590932525000,1,0.05654403,583.8600
1628590932525000,1,8.67345597,583.8000
1628590932556000,1,0.00660153,583.8000
1628590938530000,1,0.04300000,583.1900
1628590948023000,0,8.57656000,583.6800
1628590965230000,1,1.25000000,583.4400
1628590973433000,0,0.54262238,583.0100
1628591013061000,0,3.60000000,582.9000
1628591013061000,0,2.00000000,582.9600
1628591013061000,0,0.57000000,582.9800
1628591308943000,0,1.90000000,584.0300
1628591308943000,0,8.95000000,584.0400
1628591310869000,0,0.07940000,584.2700
1628591405990000,1,2.57000000,583.1700
1628591417151000,1,3.60000000,582.7900
1628591417159000,1,2.57257058,582.7700
1628591423704000,1,3.60000000,582.7100
1628591428381000,1,3.60000000,582.6900
1628591428381000,1,2.00000000,582.6700
1628591428381000,1,6.85000000,582.6600
1628591428631000,1,3.60000000,582.6900
1628591428631000,1,4.33752941,582.5700
1628591428631000,1,2.57312870,582.4800
1628591430466000,1,3.60000000,582.5000
1628591430466000,1,2.57000000,582.4800
1628591430489000,1,0.00312870,582.4800
1628591437590000,1,2.42000000,582.3200
1628591450310000,1,2.31000000,582.0800
1628591453342000,1,1.29000000,582.0800
1628591514649000,0,0.04267403,582.7900
1628591520779000,1,0.05527702,582.1200
1628591528369000,1,3.60000000,582.0300
1628591560818000,0,0.04298118,581.8200
1628591596318000,1,0.70000000,581.0000
1628591603954000,0,2.00000000,581.6300
1628591658890000,1,2.58000000,580.9000
1628591671247000,1,0.00069128,580.9000
1628591678908000,0,0.34399723,581.4000
1628591834125000,1,2.57000000,581.5300
1628591871191000,1,0.05000000,581.5300
1628592109764000,1,0.23618000,579.7700
1628592109793000,1,0.00482000,579.7700
1628592111183000,0,0.04307000,580.1500
1628592189278000,1,0.28900000,579.6800
1628592189278000,1,2.58100000,579.6100
1628592208043000,0,4.25000000,580.2000
1628592208251000,0,8.58157542,580.3000
1628592210921000,0,0.44600000,580.4400
1628592214368000,0,2.13000000,580.4400
1628592214596000,0,0.00985604,580.4400
1628592237462000,0,1.00000000,581.4400
1628592255145000,0,1.00000000,581.7100
1628592259202000,1,0.23000000,580.8500
1628592291047000,1,0.17700000,580.6900
1628592308489000,0,2.58158000,581.3700
1628592308577000,0,0.00000754,581.3700
1628592308621000,0,4.19825222,581.5700
1628592366028000,1,0.17000000,581.5800
1628592517175000,1,0.81000000,582.4500
1628592517289000,1,3.76266896,582.4500
1628592517289000,1,2.00000000,582.3100
1628592517289000,1,9.03865309,582.3000
1628592548435000,1,2.57000000,582.3800
1628592570395000,0,0.18220000,583.1200
1628592583391000,1,0.17200000,582.5500
1628592583449000,1,2.57355526,582.5400
1628592600222000,0,2.57000000,582.9300
1628592641506000,1,4.53363000,582.2800
1628592719284000,0,2.57000000,582.2800
1628592719341000,0,0.00772053,582.2800
1628592803857000,0,0.09300000,581.7600
1628592885012000,0,1.00000000,581.5400
1628592937690000,1,0.25000000,581.6500
1628592946943000,1,0.00100000,581.6500
1628592946943000,1,0.25900000,581.5100
1628592948987000,1,0.28000000,581.3700
1628592956595000,1,0.00400000,581.3700
1628592956595000,1,0.27600000,581.2300
1628592956653000,1,0.00800000,581.2300
1628592956653000,1,0.29400000,581.0900
1628592981461000,0,4.45021476,581.4900
1628592981461000,0,9.04978524,581.5300
1628592995230000,1,4.67000000,581.1000
1628593000036000,1,9.23000000,580.9300
1628593000133000,1,0.00455015,580.9300
1628593000133000,1,2.58106816,580.7500
1628593147058000,1,2.57000000,581.1000
1628593147088000,1,0.00991307,581.1000
1628593169553000,0,4.43882425,580.9000
1628593204395000,0,2.54427440,581.6000
1628593248117000,0,2.00000000,582.0900
1628593248117000,0,7.02000000,582.1000
1628593266080000,1,0.15100000,581.6000
1628593435667000,1,1.01000000,581.0000
1628593443519000,1,4.61400000,581.0000
1628593443580000,1,2.37600000,581.0000
1628593503122000,0,2.58469981,580.6900
1628593503801000,0,3.60000000,580.6700
1628593525596000,1,4.51321587,580.2400
1628593525596000,1,8.80612264,580.2200
1628593525596000,1,2.58395984,580.1800
1628593527482000,1,2.58000000,580.1800
1628593629505000,0,0.69000000,581.0300
1628593685790000,0,2.58276503,581.0900
1628593685903000,0,2.58000000,581.0900
1628593685924000,0,0.00276503,581.0900
1628593685924000,0,4.47209050,581.2700
1628593685924000,0,9.22698335,581.2800
1628593727845000,0,0.60000000,581.4100
1628593768657000,1,4.44995265,580.9600
1628593768657000,1,2.58027988,580.9500
1628593768657000,1,0.21976747,580.9200
1628593810408000,1,2.58000000,580.9500
1628593812831000,0,0.06650000,581.3700
1628593858164000,0,0.16620000,581.3700
1628593896165000,0,4.28000000,581.2000
1628593905187000,0,0.24910000,581.5900
1628594031235000,0,0.40000000,583.1900
1628594119289000,1,0.18800000,582.8100
1628594124393000,1,0.20000000,582.6600
1628594147707000,0,0.29810000,583.6500
1628594171239000,0,2.56704189,584.8000
1628594235305000,1,4.32510000,584.4700
1628594235687000,1,0.18900000,584.3900
1628594235749000,1,8.62164000,584.2800
1628594240039000,1,2.56741000,583.8600
1628594244606000,1,0.00000267,583.8600
1628594244606000,1,1.29999733,583.3300
1628594353771000,0,4.32281639,583.2900
1628594356143000,0,8.94556891,583.4600
1628594356143000,0,2.56443109,583.4900
1628594379075000,0,2.57000000,583.7000
1628594415609000,1,4.67000000,583.2100
1628594415655000,1,0.00429453,583.2100
1628594474156000,0,4.30000000,585.0700
1628594474185000,0,0.00416159,585.0700
1628594482083000,0,1.00320000,585.7900
1628594482464000,0,21.26715000,585.7900
1628594482807000,1,0.09463797,585.2800
1628594482807000,1,0.08860592,585.1100
1628594483400000,1,1.37634712,585.4600
1628594485923000,1,0.42713000,585.4700
1628594485989000,1,0.00000272,585.4700
1628594485989000,1,1.18295728,585.4600
1628594516858000,1,2.00000000,585.9300
1628594517608000,1,0.17100000,585.6900
1628594518495000,1,0.19200000,584.9100
1628594519123000,1,0.04200000,584.7900
1628594539185000,0,6.82200000,585.9400
1628594567060000,0,0.04400000,587.4400
1628594567115000,0,0.38151668,587.4400
1628594567214000,0,1.30429223,587.4400
1628594567218000,0,0.26656737,587.4400
1628594567247000,0,3.93639608,587.5800
1628594567255000,0,1.05410377,587.5800
1628594567692000,0,1.99628110,587.7800
1628594581378000,1,0.53113306,586.9400
1628594581513000,1,5.00000000,586.9200
1628594581625000,1,1.32780000,586.9400
1628594581646000,1,0.00003265,586.9400
1628594582118000,0,1.79000000,586.9200
1628594620960000,1,1.80000000,588.5600
1628594620960000,1,6.20000000,588.5500
1628594623711000,1,0.58600000,588.5500
1628594630918000,1,4.83588000,588.1900
1628594631596000,1,6.79500000,588.0000
1628594631651000,1,19.50000000,587.9800
1628594631727000,1,4.70500000,587.9800
1628594658876000,0,1.29990000,588.8900
1628594681760000,0,3.60000000,588.7100
1628594681760000,0,2.42657742,588.7300
1628594722111000,0,2.54000000,589.4500
1628594722142000,0,0.00641217,589.4500
1628594792665000,0,0.93000000,589.3200
1628594797136000,0,2.54000000,589.5100
1628594803626000,0,1.98000000,589.5900
1628594803627000,0,0.00911890,589.5900
1628594804283000,0,1.98000000,589.7100
1628594806283000,0,0.00905814,589.7100
1628594806321000,0,1.98905814,589.8300
1628594806321000,0,12.92728763,589.9100
1628594806321000,0,4.40063562,590.0800
1628594806971000,0,1.98905814,590.1600
1628594806971000,0,4.97242634,590.1600
1628594806971000,0,12.92689133,590.1600
1628594806971000,0,9.01162419,590.1700
1628594857344000,0,0.08930833,591.0400
1628594858522000,0,0.06399563,591.4300
1628594879451000,0,0.32700000,590.9800
1628594899844000,0,0.79251936,591.0000
1628594899849000,0,1.20748064,591.0000
1628594899849000,0,0.32753655,591.0100
1628594899851000,0,0.50927937,591.0100
1628594899852000,0,1.56386829,591.0100
1628594984716000,0,2.53000000,592.5600
1628594984805000,0,0.00288242,592.5600
1628594995182000,0,2.53288000,592.5600
1628594995389000,0,0.00000242,592.5600
1628595054956000,1,4.55000000,591.2100
1628595063661000,1,4.54199000,591.1100
1628595096680000,0,0.11396000,590.9300
1628595139772000,1,2.00000000,589.7300
1628595163918000,1,2.54307000,589.4800
1628595192660000,0,4.52000000,589.2600
1628595201952000,0,2.54453000,589.9000
1628595441208000,0,5.00000000,587.5200
1628595582413000,0,2.54748000,589.1400
1628595582480000,0,0.00000987,589.1400
1628595582480000,0,0.59999013,589.2000
1628595626623000,0,0.10000000,589.2000
1628595659501000,1,0.09800000,588.4200
1628595757032000,0,2.55307000,587.9000
1628595757097000,0,0.00000338,587.9000
1628595757097000,0,4.99999662,588.0200
1628595796523000,0,2.55756000,586.9100
1628595798473000,0,0.67000000,587.1600
1628595894106000,1,0.26783773,585.9800
1628595898807000,1,8.49934838,585.7700
1628595944392000,1,2.56000000,585.4000
1628595944440000,1,0.00036338,585.4000
1628595953038000,1,1.56000000,585.0200
1628595953121000,1,3.04224225,585.0200
1628595971184000,0,2.00000000,585.5000
1628595971241000,0,6.89351883,585.5000
1628596013108000,0,4.56000000,586.1400
1628596013108000,0,0.00099410,586.1400
1628596066589000,1,4.17000000,587.3900
1628596069010000,1,4.53000000,587.1600
1628596111690000,1,2.54705000,588.5700
1628596138609000,1,0.59684324,588.6700
1628596161785000,1,2.54186000,589.6200
1628596204965000,1,0.15000000,588.6600
1628596206719000,1,0.00100000,588.6600
1628596236727000,1,4.00000000,587.6100
1628596236781000,1,13.00000000,587.6100
1628596274877000,0,3.21472000,589.7300
1628596295672000,1,0.16000000,589.3900
1628596295695000,1,0.00300000,589.3900
1628596327451000,0,0.29760158,589.4100
1628596341368000,1,0.21000000,588.7500
1628596412989000,1,0.17000000,589.1300
1628596412994000,1,0.00600000,589.1300
1628596413520000,1,0.20000000,588.9800
1628596500840000,1,0.15000000,588.7300
1628596502776000,1,0.00200000,588.7300
1628596502776000,1,1.29800000,588.3600
1628596529066000,0,2.55102000,588.3200
1628596529249000,0,0.00000312,588.3200
1628596564091000,1,0.14085128,588.3000
1628596636561000,1,0.80066418,587.7200
1628596636580000,1,1.55232000,587.7200
1628596636646000,1,0.53899999,587.7200
1628596636695000,1,1.57673387,587.7200
1628596636735000,1,1.18579000,587.7200
1628596636755000,1,0.30622660,587.7200
1628596636809000,1,1.52100000,587.7200
1628596636822000,1,25.00230000,587.7200
1628596636881000,1,5.50000000,587.7200
1628596636909000,1,0.32187000,587.7200
1628596636934000,1,7.60904000,587.7200
1628596636939000,1,1.05472775,587.7200
1628596636997000,1,7.00000000,587.7200
1628596637081000,1,0.04400000,587.7200
1628596637105000,1,2.58632761,587.7200
1628596656335000,0,2.55489000,587.5100
1628596751443000,0,1.07000000,587.2000
1628596887368000,1,0.17500000,588.6100
1628596887612000,1,0.15800000,588.4600
1628596921882000,1,2.00000000,587.0800
1628596945473000,0,3.09545000,586.7800
1628596946976000,1,2.50000000,586.5200
1628596947026000,1,6.25770203,586.5200
1628596966540000,0,2.00000000,587.0200
1628596981905000,0,0.18767082,586.0200
1628596981905000,0,0.81232918,586.0300
1628597043618000,0,0.59698480,585.3600
1628597048201000,0,2.50000000,585.3800
1628597048267000,0,2.02285000,585.3800
1628597058635000,1,4.38000000,584.8500
1628597088439000,1,2.56236774,585.0100
1628597109347000,1,6.48000000,584.0700
1628597109393000,1,2.74088621,584.0700
1628597139913000,0,2.56743000,584.6700
1628597139948000,0,0.00000117,584.6700
1628597174485000,0,8.00000000,585.4500
1628597174549000,0,0.86861000,585.4500
1628597202920000,1,0.18000000,584.9600
1628597204447000,1,0.00700000,584.9600
1628597204447000,1,0.16300000,584.8100
1628597207119000,1,0.00200000,584.8100
1628597207119000,1,0.16800000,584.6600
1628597349626000,1,2.56000000,585.4100
1628597349703000,1,0.00092057,585.4100
1628597367311000,0,6.00000000,586.0300
1628597367390000,0,3.10828000,586.0300
1628597402342000,1,3.60000000,586.5600
1628597453705000,0,0.03842073,587.8500
1628597477298000,0,0.04400000,587.9500
1628597498871000,0,0.06306000,588.4300
1628597499820000,1,0.34114556,588.3600
1628597510586000,0,0.00000546,588.4300
1628597518644000,1,3.40427423,588.5200
1628597565530000,0,2.54859771,588.8700
1628597638675000,0,2.54637637,589.4000
1628597752356000,0,4.32340000,589.7100
1628597761195000,0,8.59000000,589.8100
1628597941159000,0,2.54000000,589.8600
1628597941188000,0,0.00450720,589.8600
1628597945578000,0,2.54364636,590.0700
1628597974280000,0,0.05589000,590.2700
1628597975252000,0,0.06055000,590.2600
1628597976593000,0,0.04541000,590.2500
1628597993035000,0,0.00000779,590.2500
1628597993035000,0,0.00000706,590.2600
1628597993035000,0,0.00000882,590.2700
1628597993035000,0,2.50997633,590.6700
1628597993049000,0,0.03127929,590.6700
1628598010880000,1,4.59000000,590.6700
1628598030194000,1,0.16000000,590.6200
1628598069578000,0,4.31000000,592.2100
1628598113748000,1,4.44286213,591.6000
1628598113748000,1,0.21200000,591.5400
1628598113748000,1,9.23101579,591.5300
1628598133394000,0,4.52562587,592.4100
1628598133394000,0,2.53356725,592.4500
1628598144618000,0,2.53387452,592.4400
1628598159463000,1,0.17000000,591.9300
1628598184241000,0,3.60000000,592.5700
1628598211346000,0,0.11000000,592.5700
1628598227900000,0,0.00302826,592.5700
1628598251034000,1,2.81000000,592.5700
1628598251503000,1,16.18697174,592.5700
1628598251503000,1,2.00000000,592.5700
1628598251503000,1,0.16302826,592.5500
1628598262883000,0,2.53000000,593.0100
1628598263024000,0,0.00113777,593.0100
1628598263084000,0,2.50219157,593.1800
1628598263084000,0,0.30000000,593.2300
1628598263084000,0,4.21856295,593.2400
1628598267280000,0,2.53532000,593.3600
1628598287933000,1,4.29000000,592.9500
1628598287933000,1,0.00834878,592.9500
1628598291259000,1,0.20000000,592.7800
1628598347155000,1,0.17400000,592.9300
1628598347280000,1,2.00000000,592.8300
1628598347394000,1,3.60000000,592.8400
1628598347394000,1,2.16000000,592.8200
1628598347408000,1,0.20000000,592.8200
1628598347498000,1,3.11085904,592.8200
1628598347526000,1,1.17400000,592.8200
1628598347623000,1,0.04400000,592.8200
1628598347634000,1,0.05314096,592.8200
1628598369289000,1,0.11071604,592.8200
1628598369303000,1,0.00000001,592.8200
1628598377774000,0,3.52800000,592.9300
1628598396819000,0,2.53199129,592.7800
1628598396819000,0,8.85595392,592.9000
1628598396819000,0,4.25281990,592.9100
1628598396941000,0,2.53000000,592.7800
1628598455439000,0,0.15124153,593.6200
1628598494168000,0,2.52000000,594.1100
1628598494187000,0,0.00671230,594.1100
1628598494401000,0,2.52000000,594.1100
1628598527857000,0,0.10069993,594.3400
1628598559067000,0,3.60000000,594.1100
1628598559067000,0,2.52000000,594.1600
1628598593757000,0,0.09000000,594.8900
1628598614909000,0,0.04400000,595.0000
1628598615575000,0,0.05488000,595.0000
1628598617997000,0,0.00112000,595.0000
1628598646285000,1,0.16700000,595.2400
1628598665004000,0,2.51000000,595.8800
1628598665149000,0,0.00906421,595.8800
1628598698484000,1,4.18915222,594.6400
1628598698484000,1,8.70137126,594.6300
1628598698484000,1,0.15100000,594.6200
1628598698484000,1,2.52124888,594.6100
1628598717511000,0,2.52000000,595.1900
1628598736991000,1,4.25441177,593.4200
1628598736991000,1,8.50071844,593.3900
1628598820305000,1,1.90000000,593.2200
1628598820305000,1,1.92912571,593.2100
1628598884459000,0,2.52777000,593.7400
1628598903258000,0,2.00000000,594.3500
1628598909653000,1,3.60000000,594.3700
1628598909653000,1,1.40000000,594.3200
1628599041796000,0,0.42000000,595.1500
1628599041846000,0,8.48600444,595.1500
1628599042174000,0,1.30000000,595.1800
1628599042220000,0,0.00195747,595.1900
1628599082557000,1,2.52088944,594.7100
1628599131502000,0,2.52000000,594.2900
1628599131798000,0,0.00531640,594.2900
1628599183588000,0,2.52000000,594.9300
1628599183650000,0,4.42599018,595.0100
1628599183650000,0,2.52262979,595.0200
1628599191361000,0,2.52000000,595.2400
1628599238831000,0,2.50000000,595.2300
1628599239367000,0,0.00140548,595.2400
1628599451216000,0,15.00000000,596.0000
1628599451216000,0,1.90000000,596.0000
1628599481044000,0,2.53000000,596.4300
1628599572540000,0,2.53000000,596.8600
1628599722803000,1,2.00000000,596.3300
1628599722803000,1,5.42270606,596.3200
1628599728129000,0,0.32350000,597.1400
1628599756653000,1,0.04400000,596.6600
1628599803943000,0,0.41310000,596.3000
1628599805188000,0,2.10000000,596.3000
1628599811157000,0,2.51000000,596.3300
1628599811212000,0,0.00686939,596.3300
1628599836716000,0,0.86000000,596.0800
1628599989061000,0,2.51000000,595.9200
1628599989067000,0,0.00856795,595.9200
1628599992284000,1,1.90000000,595.4000
1628599992458000,1,0.47345143,595.1100
1628599992464000,1,0.18172544,595.1100
1628599992710000,1,8.50000000,594.9100
1628599992771000,1,1.37298118,594.9100
1628599992809000,1,2.23810000,594.9100
1628599992859000,1,1.15240000,594.9100
1628599992907000,1,35.23651882,594.9100
1628599996595000,0,2.00000000,594.6000
1628599996662000,0,37.60000000,594.6100
1628600024476000,0,2.52255000,594.9500
1628600044235000,0,2.52326000,594.7800
1628600061069000,0,0.00000165,594.7800
1628600061069000,0,0.00000455,594.9500
1628600061069000,0,2.51999380,595.2100
1628600073373000,0,0.33400000,594.7800
1628600117539000,0,1.33000000,595.0400
1628600117591000,0,1.19233983,595.0400
1628600124878000,0,0.15890000,595.7400
1628600162872000,1,1.60144118,595.2500
1628600258118000,0,1.72610000,595.7100
1628600258395000,0,0.79000000,595.7100
1628600322247000,1,0.25000000,595.8000
1628600322269000,1,1.55000000,595.8000
1628600323205000,0,0.04400000,596.2900
1628600323207000,0,2.47315287,596.2900
1628600409166000,0,8.31881088,597.4600
1628600409963000,0,0.16637622,597.4600
1628600425257000,1,4.37031000,597.4000
1628600430525000,0,0.00339543,597.4600
1628600430525000,0,4.32207330,597.8800
1628600431509000,0,1.90000000,597.7900
1628600431509000,0,3.60000000,597.8000
1628600431509000,0,0.47623784,597.8500
1628600432484000,0,2.51077054,597.8600
1628600433376000,0,3.60000000,598.0700
1628600433376000,0,2.40032522,598.0900
1628600434894000,0,2.51077054,597.8600
1628600434894000,0,0.12245562,598.0900
1628600434894000,0,4.47779687,598.1100
1628600434894000,0,0.11196270,598.1100
1628600434894000,0,11.13060220,598.1200
1628600436504000,0,2.51077054,597.8600
1628600436504000,0,2.53921010,598.0600
1628600436504000,0,3.60000000,598.0700
1628600436504000,0,5.61744972,598.1200
1628600439152000,0,2.51077054,597.8600
1628600439152000,0,2.47517054,598.0800
1628600439152000,0,33.17362150,598.1200
1628600440186000,0,2.51077054,597.8600
1628600440951000,0,4.18659816,598.1800
1628600440951000,0,2.34925100,598.1900
1628600443130000,0,2.47496111,598.0700
1628600443130000,0,2.51005198,598.0800
1628600443130000,0,0.12315898,598.1300
1628600443130000,0,2.34925000,598.1800
1628600443130000,0,4.18659816,598.1800
1628600443130000,0,0.13338468,598.1900
1628600443130000,0,0.09534600,598.2100
1628600443130000,0,23.90386117,598.2300
1628600445909000,0,2.51005198,598.0800
1628600445909000,0,4.18659816,598.1800
1628600445909000,0,0.12315898,598.2200
1628600445909000,0,2.33342594,598.2200
1628600447089000,0,2.51005198,598.0800
1628600447089000,0,0.13286367,598.2200
1628600472106000,0,2.49452404,598.0700
1628600472106000,0,3.60000000,598.0700
1628600472106000,0,2.51015778,598.0800
1628600472106000,0,3.60000000,598.2400
1628600472106000,0,2.53936414,598.2600
1628600472106000,0,2.85326015,598.2600
1628600472369000,0,8.40940000,598.0700
1628600472403000,0,3.09338000,598.0700
1628600478759000,0,2.53476000,598.4500
1628600487646000,0,0.04337587,598.7200
1628600489790000,0,0.00088522,598.7200
1628600491636000,1,2.75000000,598.4300
1628600494983000,1,9.13000000,598.2800
1628600497757000,0,2.47152543,598.7800
1628600497757000,0,3.86687201,598.7900
1628600497849000,0,0.47357919,598.9700
1628600508952000,1,5.02332000,598.8400
1628600513953000,0,0.09149954,598.8300
1628600513953000,0,0.09301793,598.9900
1628600513953000,0,3.60000000,599.1200
1628600513953000,0,2.34253607,599.1300
1628600516482000,0,0.09037755,598.9600
1628600516482000,0,3.60000000,599.1100
1628600516482000,0,0.05450603,599.1300
1628600517082000,0,0.09007657,598.8500
1628600517082000,0,2.50765337,598.9200
1628600517082000,0,0.07053588,599.1300
1628600517082000,0,0.04097720,599.1500
1628600518390000,0,2.51657176,598.9100
1628600518390000,0,2.50765337,598.9200
1628600518390000,0,3.48170035,599.1100
1628600519217000,0,0.11829965,599.1100
1628600519217000,0,2.46145548,599.1400
1628600520071000,0,0.05159510,598.9200
1628600534260000,0,2.50696447,599.4700
1628600538489000,0,3.60000000,599.6400
1628600538489000,0,2.51442483,599.6600
1628600538489000,0,3.29184019,599.6900
1628600544299000,0,0.04900000,599.4800
1628600556784000,1,3.60000000,598.6400
1628600556784000,1,4.29000000,598.6200
1628600565007000,1,8.36674918,597.9500
1628600569639000,1,3.60000000,597.7700
1628600603133000,0,7.71690000,599.1700
1628600603134000,0,6.68300000,599.1700
1628600603381000,0,3.86173922,599.1700
1628600603402000,0,2.50271000,599.1700
1628600603405000,0,2.09822473,599.1700
1628600603418000,0,2.12841312,599.1700
1628600603425000,0,2.62074438,599.1700
1628600603500000,0,7.24078409,599.1700
1628600603515000,0,1.00440000,599.1700
1628600603533000,0,2.36900000,599.1700
1628600603554000,0,6.91409703,599.1700
1628600603558000,0,4.15311483,599.1700
1628600603574000,0,10.13838474,599.1700
1628600603584000,0,1.35360000,599.1700
1628600603603000,0,3.76950215,599.1700
1628600603605000,0,1.64538571,599.1700
1628600611841000,0,0.20000000,600.0000
1628600611841000,0,2.50000000,600.0000
1628600656244000,1,1.45831292,599.8600
1628600656256000,1,1.45831292,599.8600
1628600734271000,1,4.95000000,599.4500
1628600740480000,1,0.04900000,599.4500
1628600748389000,1,0.00100000,599.4500
1628600748389000,1,3.59900000,599.4500
1628600838827000,0,3.60000000,598.3900
1628600838875000,1,0.04400000,598.4000
1628600838879000,1,28.67600000,598.4000
1628600902131000,1,2.13000000,597.0000
1628600902218000,1,1.55900000,597.0000
1628600902282000,1,1.00440000,597.0000
1628600902302000,1,15.30660000,597.0000
1628600905511000,0,6.69900000,597.3900
1628600909840000,0,4.50000000,597.9200
1628600967602000,1,3.60000000,597.8900
1628601014219000,0,4.24122402,598.2600
1628601014368000,0,8.58917100,598.2800
1628601110571000,1,1.30000000,597.7900
1628601123782000,0,0.82676359,598.7600
1628601133031000,0,0.47427287,598.7600
1628601153263000,0,0.23350000,600.0100
1628601199748000,0,5.17700000,600.1000
1628601235837000,0,3.60000000,600.3400
1628601252279000,0,0.65109007,600.3800
1628601252506000,0,1.83707225,600.3800
1628601253086000,0,0.04400000,600.4700
1628601318365000,0,2.52851647,600.9100
1628601323111000,0,0.05315284,601.5700
1628601323111000,0,3.78684716,601.5800
1628601323283000,0,0.00315284,601.5800
1628601324342000,1,0.07790181,601.1800
1628601351994000,0,0.52400000,601.9800
1628601357946000,0,0.52400000,602.1700
1628601357946000,0,0.52946765,602.1800
1628601363977000,0,2.51785000,602.4800
1628601386024000,1,0.37055021,601.6900
1628601399862000,0,4.58942000,602.4300
1628601399979000,0,8.00000000,602.4300
1628601400061000,0,14.00000000,602.4300
1628601400125000,0,12.50000000,602.4300
1628601400197000,0,2.71058000,602.4300
1628601405423000,1,3.60000000,602.7400
1628601442104000,1,4.30948894,602.2400
1628601445556000,1,0.04400000,601.8500
1628601476778000,0,2.49276000,602.3800
1628601490239000,0,0.05044000,603.1400
1628601490239000,0,0.04956000,603.1400
1628601490362000,0,0.00088000,603.1400
1628601514355000,1,0.34000000,602.2500
1628601605002000,0,0.04400000,601.2800
1628601605210000,0,2.45743406,601.6100
1628601626501000,1,0.04781601,602.4100
1628601663417000,0,5.00000000,601.2600
1628601689826000,0,4.31000000,602.0800
1628601689850000,0,0.00691745,602.0800
1628601690228000,0,2.49282000,602.2500
1628601726406000,1,2.47644532,601.6700
1628601756607000,1,4.38690318,601.0900
1628601756607000,1,8.94819580,601.0800
1628601756607000,1,22.53490102,600.9100
1628601778680000,1,2.00000000,600.3300
1628601778680000,1,6.64900000,600.3200
1628601778680000,1,38.72098000,600.2300
1628601778680000,1,8.63548552,600.1600
1628601778680000,1,0.09271695,600.1500
1628601778680000,1,43.90181753,600.0900
1628601783558000,1,1.02384487,600.1900
1628601800674000,0,0.14707840,601.0400
1628601801848000,0,8.91559000,601.0400
1628601801931000,0,0.00000154,601.0400
1628601812016000,0,0.90316800,601.5600
1628601812159000,0,3.48276000,601.5600
1628601843086000,0,0.21690000,601.2000
1628601871490000,0,0.16080000,600.8400
1628601898958000,1,0.08717210,599.0600
1628601899086000,1,2.40192153,599.1300
1628601899195000,1,0.09300596,599.2100
1628601899195000,1,1.10507251,599.1500
1628601899315000,1,2.49492749,599.1500
1628601899315000,1,0.57207251,599.1300
1628602003416000,0,0.08050000,599.8900
1628602051562000,0,1.53656316,600.4600
1628602051591000,0,1.53656316,600.4600
1628602051714000,0,3.50000000,600.4600
1628602068982000,1,1.00000000,600.5600
1628602235531000,0,2.45815000,602.8300
1628602280669000,0,1.00000000,603.2400
1628602312013000,1,0.41484034,603.3600
1628602313273000,1,4.55266000,603.3600
1628602325164000,0,0.03636427,603.7700
1628602325186000,0,0.00074213,603.7700
1628602328249000,1,0.07704866,603.5600
1628602340791000,0,0.24790000,604.1100
1628602423193000,1,4.46629000,603.7800
1628602460141000,1,0.33586788,604.3600
1628602460224000,0,0.31000000,604.9000
1628602460566000,0,4.19346967,604.9000
1628602461347000,1,0.17285369,604.6200
1628602473371000,0,8.72515991,605.2500
1628602555838000,0,0.09800000,605.3300
1628602555862000,0,0.06000000,605.3300
1628602560794000,0,0.17200000,605.4800
1628602560794000,0,2.05775480,605.4900
1628602567223000,0,0.04459510,605.4900
1628602567375000,0,0.00091010,605.4900
1628602576515000,1,6.60600000,605.1000
1628602585967000,0,1.90000000,605.7900
1628602585967000,0,2.00000000,605.8000
1628602585967000,0,2.47772810,605.8400
1628602585967000,0,1.21916758,605.9400
1628602585969000,0,1.28429810,605.9400
1628602585969000,0,4.13080297,605.9600
1628602585969000,0,2.18179461,606.1000
1628602585983000,0,0.29254955,606.1000
1628602586002000,0,1.21452528,605.9300
1628602595803000,1,3.60000000,605.5700
1628602625592000,0,5.68000000,606.8500
1628602625650000,0,0.00500000,606.8500
1628602635173000,1,6.59000000,606.2800
1628602640748000,1,4.00000000,605.5600
1628602640809000,1,6.40371000,605.5600
1628602640860000,1,12.50000000,605.5600
1628602640923000,1,26.50000000,605.5600
1628602640972000,1,4.89629000,605.5600
1628602684498000,0,0.31960000,604.2900
1628602833446000,1,4.28000000,602.6800
1628602888688000,1,0.61726000,600.2400
1628602893378000,1,0.04416000,600.0600
1628602893444000,1,0.00000225,600.0600
1628602897164000,1,0.05337000,599.0000
1628602897541000,1,0.00000950,599.0000
1628602904344000,1,3.60000000,598.5000
1628602910682000,1,2.00000000,598.1400
1628602920905000,1,0.54858108,596.9000
1628602920905000,1,0.59719160,596.8300
1628602920905000,1,1.49980965,596.6800
1628602920905000,1,4.98788191,596.5700
1628602920917000,1,1.70611809,596.5700
1628602920917000,1,2.51189591,596.4400
1628602921027000,0,0.09045971,596.4900
1628602921381000,1,0.41948732,596.6800
1628602927585000,1,0.48203000,595.3200
1628602927661000,1,0.00000568,595.3200
1628602927661000,1,1.36703507,595.2500
1628602927661000,1,0.63296493,595.2500
1628602931980000,1,2.49119000,593.6300
1628602934789000,0,1.24410000,593.6400
1628602934874000,0,44.63000000,593.6400
1628602934900000,0,0.02590000,593.6400
1628602950258000,1,3.60000000,594.2600
1628603009884000,1,2.52418000,593.8400
1628603042545000,0,2.00000000,593.8300
1628603051183000,0,5.72796000,593.2300
1628603051252000,0,3.00000000,593.2300
1628603051332000,0,6.50000000,593.2300
1628603075720000,1,2.52000000,593.2200
1628603075800000,1,0.00693209,593.2200
1628603160848000,1,0.52277000,592.3400
1628603188561000,1,8.37517216,592.0000
1628603192983000,1,2.00000000,591.6100
1628603192983000,1,0.46353500,591.6000
1628603198340000,1,0.45156482,591.0900
1628603198344000,1,0.00000001,591.0900
1628603198386000,1,0.46560916,590.8900
1628603204730000,0,0.32660000,591.2400
1628603208573000,0,4.02277000,591.4100
1628603208718000,0,5.50000000,591.4100
1628603208785000,0,6.50000000,591.4100
1628603208851000,0,5.00000000,591.4100
1628603208918000,0,3.00000000,591.4100
1628603209007000,0,5.50000000,591.4100
1628603209028000,0,2.00000000,591.4100
1628603209332000,0,3.50000000,591.4100
1628603209456000,0,6.00000000,591.4100
1628603209533000,0,4.97723000,591.4100
1628603238891000,0,1.97000000,591.9700
1628603243054000,0,0.00965151,591.9700
1628603243351000,0,1.30000000,592.3500
1628603244477000,0,5.52277000,592.3500
1628603244547000,0,4.50000000,592.3500
1628603244635000,0,1.54309000,592.3500
1628603244651000,0,0.00000113,592.3500
1628603275332000,1,0.46977781,590.9200
1628603275341000,1,0.00000001,590.9200
1628603275404000,1,0.87388779,590.8600
1628603275721000,1,0.30055677,590.8600
1628603303838000,0,1.88000000,591.9600
1628603351539000,0,2.00000000,592.0400
1628603351539000,0,11.64000000,592.0500
1628603351764000,0,5.61000000,592.0500
1628603469650000,0,0.53404183,592.3000
1628603495655000,1,1.37363298,591.0900
1628603495657000,1,0.62636702,591.0900
1628603495785000,1,0.44241980,590.9900
1628603495791000,1,0.00000001,590.9900
1628603495812000,1,1.10000000,590.9300
1628603495812000,1,12.00360000,590.9200
1628603495898000,1,1.10000000,590.9200
1628603495941000,0,0.44241981,590.9100
1628603495941000,1,1.10640000,590.8400
1628603496066000,1,0.00004225,590.8400
1628603521072000,0,8.81615313,591.6100
1628603593563000,0,2.54000000,590.7800
1628603682773000,0,2.57014561,591.2700
1628603698895000,0,8.44000000,592.0600
1628603699131000,0,1.54240000,592.0600
1628603699419000,0,1.33753305,591.6100
1628603699616000,0,0.20486694,591.6100
1628603699620000,0,0.00000001,591.6100
1628603730881000,1,8.53000000,591.4900
1628603730896000,1,0.00092156,591.4900
1628603800396000,1,2.52000000,592.9900
1628603961498000,1,1.97000000,592.9900
1628603961572000,1,2.49356995,592.9900
1628604018330000,1,0.46029000,592.9500
1628604020091000,1,14.00000000,592.8200
1628604020156000,1,13.73893000,592.8200
1628604020218000,1,12.00000000,592.8200
1628604020282000,1,6.50000000,592.8200
1628604020344000,1,4.26107000,592.8200
1628604056920000,1,0.09726869,591.4100
1628604056920000,1,0.00933219,591.4000
1628604090218000,1,2.53643972,590.9200
1628604100901000,0,0.63000000,591.6000
1628604101006000,0,4.32199936,591.6100
1628604101006000,0,2.53710565,591.6200
1628604165581000,1,0.04410000,591.6200
1628604171529000,1,0.00090000,591.6200
1628604173500000,0,0.75000000,591.3700
1628604200317000,0,8.78000000,592.5000
1628604204043000,0,1.97807000,592.5100
1628604204117000,0,0.00000523,592.5100
1628604318448000,1,1.68863241,591.8800
1628604322327000,0,6.74800000,592.0200
1628604424714000,1,0.04400000,590.9900
1628604424777000,1,0.41218069,590.9900
1628604437107000,1,8.87000000,590.6200
1628604450454000,0,0.37940000,590.8000
1628604774069000,1,3.60000000,592.1300
1628604774069000,1,2.53192594,592.1100
1628604774069000,1,4.34823108,592.0600
1628604774069000,1,6.75000000,592.0500
1628604774069000,1,0.41236800,591.9500
1628604774069000,1,3.60000000,591.9300
1628604774069000,1,4.21970117,591.8900
1628604774069000,1,1.03095828,591.8800
1628604774069000,1,0.25017294,591.8700
1628604774325000,1,2.53192594,592.1100
1628604783548000,0,4.31000000,592.9000
1628604786179000,1,3.60000000,592.5900
1628604786179000,1,12.27224964,592.5800
1628604935180000,1,1.00000000,592.9200
1628605049709000,0,8.46000000,593.0400
1628605051957000,0,0.04400000,592.9200
1628605052028000,0,0.06671605,592.9200
1628605117474000,1,2.52982000,592.5900
1628605128917000,1,2.09444113,591.7300
1628605291915000,0,0.48840000,593.4200
1628605301096000,0,2.07757169,594.1600
1628605327271000,1,9.11531000,592.9500
1628605365596000,0,0.09770000,592.8700
1628605374184000,1,0.13418723,592.2700
1628605374299000,1,0.17000000,592.2700
1628605374338000,1,0.10349768,592.2700
1628605453100000,0,8.88935000,592.4600
1628605499421000,0,2.52000000,593.3200
1628605623328000,1,2.53144029,592.2400
1628605623328000,1,4.44855971,592.2300
1628605701681000,0,1.33000000,592.0100
1628605717979000,0,0.08810000,592.1500
1628605737161000,0,0.25260000,592.6600
1628605765729000,1,0.10876029,592.0100
1628605765730000,1,0.00000001,592.0100
1628605801253000,0,2.54954923,592.3400
1628605801253000,0,4.54045077,592.3500
1628605868927000,0,2.53484000,592.0900
1628605868941000,0,0.00000354,592.0900
1628605878275000,0,2.55000000,592.3300
1628605887404000,0,1.97000000,592.7000
1628605887590000,0,0.00824860,592.7000
1628605899202000,0,2.53000000,592.6300
1628605899227000,0,0.00281907,592.6300
1628606081066000,1,0.06701571,590.8900
1628606167225000,1,2.54025569,590.1700
1628606167225000,1,1.64019185,590.0700
1628606262971000,1,8.49000000,590.9400
1628606345754000,0,0.16170000,591.5700
1628606441361000,1,2.00000000,590.0000
1628606442264000,1,0.42535000,589.4500
1628606442282000,1,0.00000616,589.4500
1628606494037000,1,2.05467000,588.1500
1628606581212000,1,0.00000992,588.1500
1628606594316000,0,8.50000000,588.0100
1628606594324000,0,13.97000000,588.0100
1628606594375000,0,14.56453000,588.0100
1628606594448000,0,25.66547000,588.0100
1628606621463000,0,0.17000000,587.7400
1628606671069000,1,4.60196000,586.3600
1628606721657000,0,4.62000000,586.2500
1628606721662000,0,0.00204953,586.2500
1628606724094000,0,8.82000000,586.4200
1628606776679000,1,6.81100000,586.8600
1628606802282000,0,0.11000000,587.5700
1628606820057000,0,2.55000000,587.6800
1628606826686000,0,0.08220000,588.0300
1628606853899000,1,3.81000000,586.7300
1628606853952000,1,5.32980678,586.7300
1628606886516000,1,6.80000000,587.0400
1628607025026000,1,4.62000000,585.2900
1628607025026000,1,0.00683895,585.2900
1628607060952000,0,4.51345366,585.8700
1628607060952000,0,8.99928804,585.8900
1628607249303000,0,2.53000000,586.8200
1628607249330000,0,0.00161104,586.8200
1628607266188000,0,2.51741818,587.0300
1628607266188000,0,2.37258182,587.0400
1628607357188000,1,6.80800000,586.9600
1628607392597000,0,0.08370000,588.5300
1628607532372000,1,4.46875722,587.5300
1628607532372000,1,8.54124278,587.5200
1628607587204000,1,2.55424150,586.9600
1628607824338000,0,1.15738000,587.8600
1628608046249000,0,3.60000000,586.0200
1628608160882000,0,3.60000000,586.0400
1628608165422000,0,4.54000000,586.1200
1628608210445000,0,9.15000000,586.7800
1628608229937000,0,2.55000000,587.0300
1628608229962000,0,0.00688345,587.0300
1628608289562000,0,0.04666000,588.2200
1628608295307000,0,0.00000063,588.2200
1628608296188000,0,3.60000000,588.8600
1628608327047000,1,23.52570000,588.1000
1628608327097000,1,9.50000000,588.1000
1628608327168000,1,10.50000000,588.1000
1628608327218000,1,7.00000000,588.1000
1628608327268000,1,5.17430000,588.1000
1628608637514000,1,8.76000000,586.2400
1628608637642000,1,0.42000000,586.2400
1628608637674000,1,0.00366382,586.2400
1628608713634000,0,2.58000000,586.4900
1628608803595000,0,0.15052800,587.3500
1628608911149000,1,0.10000000,585.8600
1628608950812000,0,0.65890000,586.3600
1628609036144000,0,0.13180000,586.3200
1628609295228000,1,4.45000000,585.6800
1628609367107000,1,0.20253916,583.8500
1628609395642000,1,0.40000000,583.6700
1628609395761000,1,0.00409897,583.6700
1628609409995000,0,3.62000000,584.3500
1628609410048000,0,19.65000000,584.3500
1628609411164000,0,20.05000000,584.3500
1628609425590000,1,0.50000000,583.1700
1628609452250000,0,2.57000000,583.1900
1628609452313000,0,0.00370229,583.1900
1628609505815000,0,2.57774982,582.3700
1628609505921000,0,2.57000000,582.3700
1628609506156000,0,4.45803001,582.4800
1628609513915000,0,6.47000000,582.6100
1628609513931000,0,2.67377275,582.6100
1628609513931000,0,2.57667454,582.6700
1628609528182000,1,8.86493964,581.8200
1628609541163000,0,8.75421656,582.2400
1628609550166000,1,5.44000000,581.3400
1628609565665000,1,3.60000000,581.4600
1628609565665000,1,2.45445496,581.4400
1628609585451000,0,0.11000000,581.7900
1628609585528000,0,2.46987221,581.7900
1628609603407000,1,4.45000000,581.2700
1628609603475000,1,1.20894844,581.2400
1628609603477000,1,2.57944546,581.1700
1628609622687000,0,0.61000000,581.8400
1628609622785000,0,15.17430000,581.8400
1628609705239000,1,0.60000000,582.3100
1628609749574000,1,0.65300000,583.2400
1628609749574000,1,1.20644095,583.2300
1628609801677000,0,0.66150000,584.1500
1628609887182000,0,0.00902000,584.3500
1628609909021000,0,4.17000000,584.9900
1628609939106000,0,0.37100000,586.0200
1628610174007000,0,3.60000000,586.1900
1628610259979000,0,0.19404000,586.1200
1628610395196000,0,2.55558863,587.3300
1628610425516000,1,4.52000000,586.1900
1628610425641000,1,0.00070513,586.1900
1628610512745000,1,14.19500000,585.6800
1628610512745000,1,8.89500000,585.6500
1628610604079000,0,0.08240000,586.3000
1628610638489000,1,5.00000000,585.7400
1628610638537000,1,4.50000000,585.7400
1628610638596000,1,8.00000000,585.7400
1628610638644000,1,6.85400000,585.7400
1628610662427000,1,8.55700000,585.4900
1628610662427000,1,2.56059016,585.4700
1628610724800000,0,5.60000000,585.1400
1628610724800000,0,4.18555387,585.1700
1628610845238000,0,2.00000000,584.5600
1628610873962000,0,2.56000000,584.0300
1628610926303000,0,3.00000000,583.9700
1628610968759000,0,2.57024147,583.9000
1628610969071000,0,2.57000000,583.9000
1628610973855000,0,0.00024147,583.9000
1628610973855000,0,2.56975853,583.9000
1628611022788000,0,0.00048294,583.9000
1628611022788000,0,8.86951706,584.0700
1628611070224000,1,4.18843292,583.4900
1628611070224000,1,4.11156708,583.4800
1628611070542000,1,0.00613937,583.4800
1628611070542000,1,3.66100000,583.3100
1628611073872000,1,8.78042506,583.3000
1628611073872000,1,7.42957494,583.2900
1628611073955000,1,0.00342506,583.2900
1628611098346000,0,0.35549502,582.9500
1628611112907000,0,2.57555000,582.7600
1628611120816000,0,0.00000664,582.7600
1628611120816000,0,2.56999336,582.9400
1628611125999000,0,8.65402413,583.0200
1628611125999000,0,4.22597587,583.0300
1628611126029000,0,0.00423840,583.0300
1628611205272000,1,3.50000000,583.7100
1628611205324000,1,0.10000000,583.7100
1628611241475000,0,2.00000000,584.3400
1628611269974000,1,2.30000000,584.2500
1628611270195000,1,0.00200000,584.2500
1628611331436000,1,4.36938333,583.8700
1628611331723000,1,8.54000000,583.8500
1628611331815000,1,0.00659169,583.8500
1628611336035000,1,7.35000000,583.6200
1628611336120000,1,1.31000000,583.6200
1628611365706000,0,4.51539195,583.4700
1628611365706000,0,2.59340508,583.4800
1628611365706000,0,2.00000000,583.4800
1628611365706000,0,2.57218269,583.5300
1628611365706000,0,8.47249522,583.5800
1628611365706000,0,4.28652506,583.5900
1628611395161000,0,0.25000000,583.0200
1628611620454000,1,2.56119661,585.3200
1628611620653000,1,4.43423413,585.2500
1628611620653000,1,8.39342081,585.2500
1628611620653000,1,2.63234506,585.2100
1628611652761000,1,0.00465494,585.2100
1628611676394000,1,7.50000000,584.6700
1628611688602000,1,0.00700000,584.6700
1628611743470000,0,0.59824723,582.6700
1628611753634000,1,2.50000000,582.0400
1628611785184000,0,0.59830557,582.6900
1628611799175000,0,0.59836392,582.6800
1628611860906000,0,8.41000000,582.9000
1628611909585000,1,6.81173287,582.4700
1628611957779000,0,4.28000000,583.1000
1628612071697000,1,4.46970164,582.2700
1628612071697000,1,8.80780370,582.2600
1628612071697000,1,2.46249466,582.2500
1628612079173000,1,0.00450534,582.2500
1628612079173000,1,9.27549466,582.1700
1628612079218000,1,0.00650534,582.1700
1628612106474000,0,8.46366617,582.7800
1628612111443000,0,2.57000000,583.1000
1628612111568000,0,0.00409738,583.1000
1628612111568000,0,4.63989418,583.1800
1628612133243000,0,0.59842459,582.4500
1628612142653000,1,7.90000000,581.7900
1628612142677000,1,0.00900000,581.7900
1628612145949000,1,2.17202063,581.5900
1628612146101000,1,4.69397937,581.5900
1628612161178000,1,6.87300000,581.0400
1628612161294000,1,3.00000000,581.0000
1628612161294000,1,3.00000000,581.0000
1628612178425000,1,3.89500000,581.1200
1628612238309000,0,0.15700000,581.7300
1628612426606000,1,4.28000000,581.9000
1628612464871000,1,2.57518961,582.1500
1628612476375000,1,3.81000000,582.0200
1628612476588000,1,0.00700000,582.0200
1628612506047000,1,5.30839169,581.8600
1628612506224000,1,0.66160000,581.8600
1628612506267000,1,0.00000831,581.8600
1628612606368000,0,0.09110000,583.0300
1628612622012000,0,0.08280000,583.1100
1628612654448000,1,2.57000000,582.6100
1628612678718000,1,2.57000000,582.6200
1628612693852000,1,2.57000000,582.4300
1628612744066000,1,7.78300000,581.2100
1628612744066000,1,8.58700000,581.2000
1628612744273000,1,4.00000000,581.2100
1628612757028000,1,2.06000000,581.0100
1628612764653000,1,0.00900000,581.0100
1628612764653000,1,1.29100000,580.7400
1628612765549000,1,1.28000000,580.7400
1628612765646000,1,0.00991772,580.7400
1628612767482000,1,2.58000000,580.7400
1628612785001000,1,0.00091772,580.7400
1628612785001000,1,2.57908228,580.7300
1628612788350000,0,0.18958777,581.1600
1628612798824000,1,2.58000000,580.0800
1628612798987000,1,0.00373914,580.0800
1628612799439000,1,0.04400000,580.0000
1628612803158000,1,1.95600000,580.0000
1628612845819000,0,0.50000000,579.2500
1628612881553000,1,2.59015526,578.7600
1628612897019000,1,2.58988000,578.7700
1628612901328000,1,0.00000892,578.7700
1628612901592000,1,4.52015663,578.1900
1628612901592000,1,2.60922560,578.1800
1628612924581000,1,0.54198903,578.1100
1628612938689000,0,4.56000000,578.6100
1628612962775000,1,0.16000000,578.3000
1628612965031000,1,0.00700000,578.3000
1628612991940000,1,0.16000000,577.5500
1628612993891000,0,0.14000000,577.7800
1628613006903000,0,4.41040000,578.0600
1628613007232000,0,4.26559000,578.0600
1628613008925000,0,4.28630346,578.4200
1628613008925000,0,0.71369654,578.5300
1628613021626000,1,0.21840312,577.9700
1628613030573000,1,4.60000000,578.0300
1628613036654000,1,8.62000000,577.8900
1628613040845000,1,8.26000000,577.9000
1628613042957000,1,0.00100000,577.9000
1628613053395000,1,3.60000000,577.5300
1628613053395000,1,2.59000000,577.5100
1628613057723000,0,0.61826096,577.8000
1628613062371000,1,0.87808524,577.3000
1628613069747000,1,2.59000000,577.2600
1628613071040000,1,4.06900000,577.2600
1628613073679000,1,2.61485000,577.0300
1628613081900000,1,3.60000000,577.0600
1628613081900000,1,1.30000000,577.0500
1628613083054000,1,3.17959674,577.1500
1628613089785000,1,2.59900655,576.6800
1628613089785000,1,3.57401987,576.6800
1628613090734000,1,2.59900655,576.6800
1628613090734000,1,0.10000000,576.5600
1628613090734000,1,3.60000000,576.5500
1628613090734000,1,4.33067802,576.5300
1628613090734000,1,4.40487271,576.4800
1628613090734000,1,2.27863648,576.4700
1628613091046000,1,0.35333048,576.4700
1628613091046000,1,8.94400000,576.4700
1628613092451000,1,2.59000000,576.6800
1628613093925000,1,2.58095848,576.2300
1628613093925000,1,4.33080557,576.1600
1628613093925000,1,2.39696843,576.0500
1628613095608000,1,2.60031761,576.3900
1628613095942000,1,2.60031761,576.3900
1628613104920000,1,2.54729803,576.6400
1628613105472000,1,0.05094596,576.6400
1628613110125000,1,0.00103971,576.6400
1628613110125000,1,2.54727723,576.6400
1628613110377000,1,0.05200647,576.6400
1628613111943000,1,2.54729803,576.6400
1628613113183000,1,0.05198567,576.6400
1628613113183000,1,3.60000000,576.3100
1628613113183000,1,8.94400000,576.3100
1628613113183000,1,0.26261126,576.2800
1628613114609000,1,0.42627364,576.6400
1628613115415000,1,8.94400000,576.4000
1628613115415000,1,3.60000000,576.3900
1628613115415000,1,3.27712000,576.3600
1628613115634000,1,6.87712000,576.4000
1628613115634000,1,0.09039705,576.2900
1628613115634000,1,2.32831675,576.2800
1628613115634000,1,4.33080557,576.1600
1628613115634000,1,0.09622577,576.1300
1628613115634000,1,9.05323670,576.0800
1628613115634000,1,0.18997413,576.0500
1628613115634000,1,4.49735065,576.0200
1628613115634000,1,41.07621469,576.0100
1628613117707000,1,2.59932878,576.3900
1628613117707000,1,16.60026960,576.2900
1628613117947000,1,2.59932878,576.3900
1628613117947000,1,4.33080557,576.1600
1628613117947000,1,2.57308012,576.0800
1628613117947000,1,0.09681020,576.0700
1628613117947000,1,2.59787155,576.0100
1628613117947000,1,0.09178993,575.9800
1628613117947000,1,3.55338130,575.9400
1628613117947000,1,0.50000000,575.9300
1628613117947000,1,38.24038000,575.9200
1628613120590000,1,2.61511103,576.0500
1628613120590000,1,5.50000000,575.9400
1628613121072000,1,2.60020000,576.1500
1628613122529000,0,2.00000000,576.2000
1628613122529000,0,1.59999990,576.2100
1628613123305000,1,2.60698598,575.7000
1628613123305000,1,3.60000000,575.7000
1628613123305000,1,2.00000000,575.5400
1628613123305000,1,4.33368983,575.5300
1628613123305000,1,2.61219422,575.5200
1628613123305000,1,10.00000000,575.5000
1628613123305000,1,2.61089216,575.3500
1628613123978000,1,2.61794000,575.8900
1628613124109000,1,2.55625000,575.8800
1628613124171000,1,3.00000000,575.8800
1628613124235000,1,0.44375000,575.8800
1628613125918000,1,2.60401646,575.3500
1628613125918000,1,2.63641255,575.2600
1628613127564000,1,6.00000000,575.7000
1628613127774000,1,2.57856496,575.3200
1628613127774000,1,8.94400000,575.3200
1628613127774000,1,2.60358907,575.3100
1628613127774000,1,3.60000000,575.0800
1628613127774000,1,2.58960713,575.0100
1628613127774000,1,9.38933545,575.0000
1628613127774000,1,0.27500000,575.0000
1628613127774000,1,4.33734569,574.9900
1628613127774000,1,2.58778107,574.8100
1628613127774000,1,0.09084221,574.7800
1628613127774000,1,4.33900182,574.7100
1628613127774000,1,0.19726924,574.6600
1628613127774000,1,25.12497351,574.6500
1628613127976000,0,1.54651102,575.8500
1628613129735000,0,3.58922810,575.6800
1628613130844000,0,1.26186330,575.6200
1628613132792000,1,2.61724000,575.0700
1628613133245000,1,0.00000659,575.0700
1628613133245000,1,1.99999341,574.9800
1628613133309000,1,0.60466000,574.9800
1628613137225000,1,0.00001121,574.9800
1628613137225000,1,2.35939697,574.8100
1628613137796000,1,0.18767706,574.8100
1628613137804000,1,0.04043705,574.8100
1628613138115000,1,2.59612000,574.6400
1628613138315000,1,0.00000875,574.6400
1628613138315000,1,2.59220125,574.4600
1628613138381000,1,0.00001453,574.4600
1628613138381000,1,2.64725830,574.3700
1628613138381000,1,2.60758642,574.1500
1628613138381000,1,50.40000000,573.9500
1628613138381000,1,4.34265819,573.8000
1628613140718000,1,2.59627447,573.8800
1628613140718000,1,3.60000000,573.8800
1628613140718000,1,2.60938032,573.7500
1628613140718000,1,3.60000000,573.7200
1628613140718000,1,0.49421635,573.7000
1628613141050000,1,2.12666000,573.7000
1628613142329000,0,0.50000000,574.4600
1628613149753000,0,0.24237000,574.8400
1628613164466000,1,2.09441902,574.3000
1628613194896000,1,0.30000000,574.1800
1628613194896000,1,2.18454231,574.1700
1628613194899000,1,5.39102348,574.1700
1628613194901000,1,1.36843421,574.1700
1628613194957000,1,0.30000000,574.1700
1628613194957000,1,0.50809643,574.1600
1628613195050000,1,1.74116783,574.1600
1628613195061000,1,2.46148763,574.1600
1628613195112000,1,2.75134454,574.1600
1628613195304000,1,0.50574000,573.9900
1628613202981000,1,0.00000526,573.9900
1628613202981000,1,1.19155360,573.9400
1628613202984000,1,0.15499999,573.9400
1628613203000000,1,0.40024930,573.9400
1628613203135000,1,0.87716000,573.9400
1628613206560000,1,0.15499999,573.9100
1628613206688000,1,0.00000001,573.9100
1628613207759000,1,0.15050640,573.4000
1628613207774000,1,1.66956189,573.4000
1628613207774000,1,0.81253354,573.4000
1628613219769000,0,52.97087000,573.9000
1628613233209000,1,1.90000000,573.8100
1628613285038000,0,5.32408955,574.2900
1628613285050000,0,2.62800000,574.2900
1628613297708000,0,1.06000000,575.6100
1628613306300000,1,2.60608000,575.0000
1628613318327000,1,0.31000000,575.4400
1628613354063000,1,0.20000000,575.7400
1628613354206000,1,0.00600000,575.7400
1628613354206000,1,10.48100000,575.7200
1628613354206000,1,2.78600000,575.7200
1628613398286000,1,2.00000000,575.7200
1628613398286000,1,0.17300000,575.7200
1628613400216000,1,0.17300000,575.5800
1628613408543000,1,0.17000000,575.4400
1628613449301000,1,2.60634000,575.2100
1628613449332000,1,0.00000739,575.2100
1628613497336000,0,0.39494000,575.7400
1628613507323000,0,0.28000000,576.3000
1628613510705000,0,6.89000000,576.3000
1628613524559000,0,2.00000000,576.8700
1628613558865000,1,0.11522238,577.1300
1628613613686000,0,2.00000000,577.4100
1628613613686000,0,0.07280000,577.4200
1628613620999000,0,0.20000000,577.6600
1628613620999000,0,8.39341427,577.6800
1628613691290000,0,3.60000000,577.7600
1628613715675000,1,7.23000000,576.8700
1628613715675000,1,3.56100000,576.8700
1628613743475000,1,4.11363000,575.7800
1628613871083000,0,2.60379262,576.4500
1628613881741000,0,3.60000000,576.7700
1628613881741000,0,8.94400000,576.7900
1628613881741000,0,3.59600000,576.8000
1628613900179000,1,1.00000000,576.7800
1628613900664000,1,0.47000000,576.7800
1628613909468000,1,4.27352320,576.6200
1628613909468000,1,0.49075903,576.5300
1628613910948000,1,7.50000000,576.4600
1628613910982000,1,1.30482791,576.4600
1628613915341000,0,3.60000000,576.5000
1628613915341000,0,5.40000000,576.5200
1628613943000000,0,4.40000000,577.7200
1628613969251000,1,3.82900000,577.6500
1628614116462000,0,3.60000000,578.3500
1628614116462000,0,2.57000000,578.3600
1628614116485000,0,0.00979458,578.3600
1628614135480000,1,2.59000000,577.7500
1628614204626000,1,2.59511000,577.6700
1628614205120000,1,0.00000778,577.6700
1628614205541000,1,0.09500000,577.1600
1628614231566000,0,3.60000000,577.7900
1628614231566000,0,6.64234296,577.7900
1628614258183000,1,7.20580000,577.0100
1628614258224000,1,4.50000000,577.0100
1628614258271000,1,2.30720000,577.0100
1628614267106000,1,4.92300000,576.7300
1628614294357000,1,0.27000000,576.2500
1628614306873000,0,0.37225000,576.3700
1628614307622000,1,0.21000000,576.0100
1628614307667000,1,0.00188253,576.0100
1628614346449000,1,0.08900936,575.0300
1628614346551000,1,0.00000097,575.0000
1628614346551000,1,2.99999903,575.0000
1628614346763000,1,0.00000097,575.0000
1628614491011000,1,2.60025414,576.5300
1628614530698000,0,0.24270000,577.2100
1628614545409000,1,7.48000000,576.7500
1628614545468000,1,0.00800000,576.7500
1628614577960000,0,2.56990828,577.9000
1628614742647000,1,3.68800000,577.2200
1628614782709000,0,0.25140000,576.3900
1628614922910000,0,0.23000000,579.2100
1628615007658000,1,8.00000000,578.2600
1628615007718000,1,7.00000000,578.2600
1628615007770000,1,6.50000000,578.2600
1628615178542000,1,3.87000000,578.6500
1628615178661000,1,1.54900000,578.6500
1628615199514000,1,3.17000000,578.2900
1628615200761000,1,5.05000000,578.2900
1628615242091000,0,0.00071758,579.2100
1628615242200000,0,2.02239226,579.5900
1628615254923000,1,4.39000000,579.5200
1628615295238000,1,0.04802000,578.8300
1628615315495000,0,0.33350000,579.3200
1628615350421000,0,4.61480000,579.4900
1628615376961000,1,4.19862140,579.4000
1628615379804000,1,8.67000000,579.2600
1628615385421000,0,0.19917989,580.0300
1628615404473000,0,0.16650000,580.0100
1628615410218000,0,4.38910797,580.0600
1628615410218000,0,0.15011181,580.0600
1628615420165000,0,0.16262000,580.0800
1628615420195000,0,0.00000113,580.0800
1628615431752000,0,0.09000000,580.4000
1628615431907000,0,8.98325418,580.4400
1628615455913000,1,0.07459938,580.7400
1628615458762000,1,4.17000000,580.7400
1628615483327000,0,0.04973292,581.1300
1628615487272000,0,0.05284123,581.4600
1628615487272000,0,0.19635877,581.4700
1628615529198000,0,0.50000000,581.4600
1628615539639000,1,4.38000000,580.6400
1628615541289000,1,0.00400000,580.6400
1628615541289000,1,8.84600000,580.5500
1628615541300000,1,3.63200000,580.5500
1628615601682000,0,0.49880000,580.9500
1628615609517000,0,0.37000000,581.0600
1628615732071000,0,0.05517246,581.1000
1628615732071000,0,0.23127284,581.2600
1628615732076000,0,5.34853874,581.2600
1628615765652000,1,6.50000000,581.1700
1628615765719000,1,0.91900000,581.1700
1628615782301000,0,0.04100000,581.2300
1628615786064000,0,0.00037935,581.2300
1628615836422000,1,0.60016192,582.2100
1628615840516000,0,2.54964727,582.6100
1628615859372000,1,2.57652431,581.8100
1628615859372000,1,2.00000000,581.8000
1628615963672000,1,0.04100000,581.7700
1628615981210000,0,4.29887858,582.2400
1628616016101000,0,0.16610000,581.5200
1628616025508000,1,2.53000000,581.2600
1628616083685000,1,4.95000000,581.2100
1628616096000000,1,7.74000000,581.1800
1628616162628000,1,0.00300000,581.1800
1628616597195000,0,1.41000000,583.2800
1628616637618000,1,0.15000000,581.4500
1628616637675000,1,0.00900000,581.4500
1628616660192000,1,11.48000000,580.8600
1628616676987000,1,5.65400000,580.5700
1628617060877000,1,0.17700000,581.8800
1628617083681000,1,0.15000000,581.7300
1628617110906000,1,0.15000000,581.5800
1628617120600000,1,0.00900000,581.5800
1628617120600000,1,0.15100000,581.4400
1628617143985000,0,2.33000000,580.8100
1628617144070000,0,2.00000000,580.8700
1628617341452000,1,4.60068826,582.2600
1628617341452000,1,4.10931174,582.2500
1628617381569000,1,0.00168826,582.2500
1628617383371000,1,8.34000000,582.0100
1628617383538000,1,0.00700000,582.0100
1628617448809000,0,3.60000000,581.9900
1628617448809000,0,10.06000000,582.0100
