timestamp ms,type,amount,price
1625875220922000,1,0.13343999,503.7900
1625875220922000,1,0.00000001,503.7900
1625875493851000,0,7.82000000,504.9500
1625875881656000,0,0.10821000,507.1100
1625875914305000,0,0.19050000,507.0100
1625875932435000,0,0.09840000,507.0300
1625875963517000,1,0.64328029,506.9700
1625875966576000,0,0.85517000,507.7300
1625875968052000,1,1.66486042,507.4100
1625876048023000,1,1.26798781,507.6300
1625876146257000,0,1.26799000,508.2700
1625876219469000,0,1.53000000,509.4100
1625876226326000,0,14.55500000,509.4100
1625876256478000,0,3.86900000,509.7200
1625876355913000,1,2.80000000,509.1600
1625876415546000,1,0.14000000,508.5900
1625876418185000,1,0.00905000,508.5900
1625876418383000,1,0.05000000,508.0200
1625876531721000,0,0.04294250,508.5300
1625876568872000,0,2.95218491,508.5300
1625876570924000,0,1.53000000,508.6100
1625876637055000,0,0.10630000,508.9700
1625876670654000,0,0.84211399,508.6100
1625876670669000,0,0.84211399,508.6100
1625876884593000,1,0.03957302,510.0600
1625876966666000,0,3.03167313,510.8400
1625876967493000,0,2.93000000,510.9600
1625876975104000,1,3.71151657,510.6300
1625876991199000,1,0.46407218,510.5500
1625876991734000,1,0.40130764,510.5500
1625877126540000,0,12.22500000,510.1300
1625877138722000,0,2.80000000,509.8700
1625877149651000,0,2.80000000,509.8500
1625877209196000,0,0.85848000,509.9400
1625877209226000,0,1.71687415,509.9400
1625877209239000,0,1.71687415,509.9400
1625877241326000,0,0.00277170,509.9400
1625877322340000,0,0.09460000,510.5400
1625877350983000,1,2.80000000,510.2300
1625877350983000,1,5.87000000,510.0500
1625877456505000,0,0.23437500,510.6800
1625877606125000,0,0.48450000,510.8500
1625877625504000,0,0.11350000,510.8500
1625877656491000,0,0.10590000,510.9200
1625877736391000,1,0.09000000,510.4300
1625877736455000,1,0.00037000,510.4300
1625877809521000,0,3.44400000,510.6300
1625877810145000,0,0.10113506,510.7500
1625877810256000,0,5.63562656,510.7400
1625877810256000,0,1.86437344,510.7500
1625877810322000,0,0.09000000,510.7500
1625877810326000,0,2.20286000,510.7500
1625877810363000,0,0.39127905,510.7500
1625877810570000,0,2.75759437,510.7500
1625877819800000,0,1.33820000,510.7500
1625877820044000,0,1.05855808,510.7500
1625877886820000,1,2.80000000,510.5600
1625877886891000,0,3.20000000,510.5600
1625877996803000,1,2.80000000,510.3800
1625878268367000,1,1.19000000,509.8300
1625878268598000,1,1.19000000,509.8300
1625878280636000,1,2.80000000,509.7600
1625878418824000,0,2.01100000,509.4600
1625878422833000,0,2.66700000,509.4700
1625878423818000,0,0.28000000,509.4600
1625878424830000,0,0.99800000,509.4600
1625878425817000,0,0.98700000,509.4600
1625878426836000,0,0.99000000,509.4600
1625878427822000,0,0.99500000,509.4600
1625878429824000,0,1.97600000,509.4600
1625878430822000,0,0.28000000,509.4600
1625878431815000,0,0.20100000,509.4600
1625878432827000,0,1.78200000,509.4600
1625878433816000,0,0.99000000,509.4600
1625878434837000,0,0.95600000,509.4600
1625878435819000,0,0.28000000,509.4600
1625878438842000,0,0.28900000,509.3200
1625878439825000,0,0.32700000,509.2900
1625878440829000,0,2.62053789,509.2900
1625878440829000,0,0.08246211,509.3200
1625878441834000,0,0.86200000,509.2900
1625878442815000,0,1.11800000,509.2900
1625878443814000,0,0.96753789,509.2900
1625878443814000,0,0.02346211,509.4900
1625878444823000,0,0.66900000,509.2900
1625878445820000,0,0.49200000,509.2900
1625878446835000,0,1.78653789,509.2900
1625878446835000,0,0.00046211,509.4700
1625878447819000,0,1.03700000,509.2900
1625878448829000,0,0.96800000,509.2900
1625878450825000,0,0.94253789,509.2900
1625878450825000,0,0.00046211,509.4600
1625878452828000,0,1.00300000,509.2900
1625878453815000,0,0.98600000,509.2900
1625878454825000,0,0.95853789,509.2900
1625878454825000,0,0.00046211,509.5100
1625878455824000,0,1.05500000,509.2900
1625878456826000,0,0.95800000,509.2900
1625878457815000,0,0.93453789,509.2900
1625878457815000,0,0.05646211,509.5100
1625878699163000,0,18.61000000,508.7700
1625878699163000,0,4.94000000,508.7700
1625878718729000,0,0.14620000,508.7200
1625878741696000,1,7.44196000,508.0600
1625878759341000,1,0.73288000,507.9100
1625878886250000,0,0.09830000,507.2400
1625878895989000,1,3.73000000,506.7800
1625879005309000,0,0.64218826,505.7300
1625879018116000,0,0.64225091,505.6300
1625879038471000,0,0.09550000,505.7500
1625879042958000,0,0.64231355,505.4900
1625879048135000,0,0.64237614,505.4200
1625879263940000,0,2.88100000,505.9500
1625879286241000,0,0.41160000,506.2400
1625879286927000,0,10.42000000,506.2400
1625879286931000,0,0.00940000,506.2400
1625879293112000,0,7.37000000,506.4200
1625879601882000,1,3.79000000,504.9400
1625879601887000,1,0.00006452,504.9400
1625879642677000,0,1.86590652,505.4400
1625879713268000,0,3.93000000,505.6200
1625879755306000,0,0.97890000,505.7200
1625879766933000,1,7.82000000,505.2100
1625879845919000,0,0.64262400,504.7400
1625880091075000,1,7.53901654,503.9400
1625880091075000,1,0.15098346,503.9300
1625880178992000,0,6.09800000,504.3100
1625880259166000,1,1.49000000,503.3600
1625880259926000,0,0.64318818,503.8400
1625880260131000,0,0.31626121,503.6500
1625880401580000,1,0.14273999,503.3200
1625880438766000,1,0.00000001,503.3200
1625880611974000,0,2.71051394,502.2600
1625880611995000,0,2.59585624,502.2600
1625880612336000,0,2.80000000,502.3900
1625880612336000,0,4.09673984,502.3900
1625880612979000,0,2.96899694,502.4400
1625880613108000,0,0.57573950,502.4400
1625880613145000,0,5.78085376,502.4400
1625880613157000,0,0.41307000,502.4400
1625880704218000,0,0.09610000,502.6300
1625880718073000,0,0.09610000,502.6500
1625880720144000,1,0.30000000,502.6300
1625880720145000,1,5.70000000,502.6300
1625880771105000,0,2.97566443,502.9400
1625880848339000,0,0.09620000,501.8800
1625880855667000,1,1.49000000,500.9500
1625880985245000,1,1.49000000,500.4200
1625880985859000,1,1.49000000,500.1200
1625881152747000,0,14.00700000,499.8100
1625881160602000,0,1.70045289,500.1700
1625881239621000,0,0.30000000,500.1400
1625881239710000,0,7.20881412,500.1400
1625881241218000,0,9.50000000,500.1700
1625881241220000,0,10.70854711,500.1700
1625881283525000,0,0.07720000,500.7600
1625881284590000,0,1.75550000,500.7600
1625881347018000,0,0.08680000,500.5900
1625881382108000,0,0.04114214,500.4600
1625881644947000,0,0.14460000,500.9200
1625881673901000,0,0.56770000,500.5300
1625881691192000,0,2.37243550,500.6100
1625881783967000,1,9.40311002,499.3100
1625881783967000,1,7.83688998,499.3000
1625881783986000,1,0.00446662,499.3000
1625881864573000,1,0.04032830,499.6900
1625881970169000,0,0.54707705,500.4000
1625881970193000,0,1.88761494,500.4100
1625881970398000,0,1.48606275,500.4000
1625881970404000,0,0.22972420,500.4000
1625881971831000,0,2.51031378,500.4000
1625881971859000,0,2.10062736,500.4100
1625881971893000,0,3.46005141,500.4100
1625881975554000,0,0.25970629,500.4100
1625881975554000,0,0.22250916,500.4400
1625881975597000,0,4.62993224,500.4300
1625881975597000,0,1.19562540,500.4400
1625881980334000,0,6.18365000,500.4400
1625881980653000,0,8.04821000,500.4400
1625881980778000,0,0.00000544,500.4400
1625881981680000,0,1.09524032,500.9000
1625882036236000,0,1.26419129,500.9100
1625882036264000,0,1.11344720,500.9100
1625882036281000,0,0.85937786,500.9100
1625882178903000,0,0.57870000,500.7500
1625882316304000,1,0.14000000,500.4900
1625882371265000,1,0.00536000,500.4900
1625882536046000,1,3.97520000,497.7500
1625882539554000,1,2.80000000,497.7700
1625882539554000,1,0.00000783,497.7500
1625882539554000,1,8.94400000,497.5100
1625882539554000,1,0.09345749,497.5000
1625882539554000,1,1.60000000,497.4500
1625882539554000,1,3.26500000,497.4400
1625882539554000,1,3.01184320,497.4300
1625882539554000,1,2.54612755,497.4300
1625882544792000,1,2.80000000,497.4500
1625882544792000,1,3.01184320,497.4300
1625882544792000,1,8.94400000,497.3100
1625882544792000,1,9.40311002,497.2900
1625882544792000,1,7.20169056,497.2800
1625882549167000,1,0.10850000,497.1500
1625882549167000,1,2.80000000,497.1400
1625882549167000,1,8.94400000,497.1400
1625882549167000,1,2.76857796,497.1300
1625882551956000,1,0.05331134,497.0800
1625882551956000,1,0.06000000,497.0000
1625882551956000,1,3.01550232,496.8300
1625882551956000,1,5.02052564,496.8200
1625882551956000,1,30.56397241,496.7800
1625882558925000,0,5.24700000,497.3600
1625882562758000,1,2.80000000,497.1600
1625882562758000,1,3.01351934,497.1300
1625882562758000,1,2.80000000,497.0400
1625882562758000,1,10.30925654,497.0400
1625882566301000,1,3.01351934,497.1300
1625882566301000,1,5.02201491,496.9300
1625882566301000,1,4.04145013,496.8600
1625882628154000,0,3.91687000,497.3600
1625882628663000,0,3.91687910,497.3800
1625882628885000,0,5.48624002,497.3900
1625882628885000,0,1.63450456,497.4000
1625882629151000,0,0.23584401,497.4000
1625882629210000,0,2.97403846,497.4000
1625882652869000,0,1.21361219,498.0400
1625882653149000,0,2.83000000,498.0400
1625882653598000,0,0.43639000,498.0400
1625882656880000,0,3.11000000,498.1200
1625882657435000,0,7.54300000,498.1200
1625882658364000,0,3.03000000,498.2700
1625882665763000,0,0.32911137,498.6400
1625882826502000,0,0.19370000,498.6600
1625882939601000,0,0.16470000,498.3800
1625883133521000,0,0.10000000,498.1800
1625883135261000,1,0.11205000,497.9800
1625883151233000,0,0.19390000,498.1500
1625883188253000,0,9.06610000,498.1500
1625883188253000,0,3.43390000,498.1500
1625883188366000,0,2.48610000,498.1500
1625883188546000,0,0.35000000,498.4100
1625883189796000,0,0.11500000,498.3800
1625883213797000,0,3.54651235,498.2500
1625883231000000,1,2.99391000,498.0600
1625883583098000,0,0.19380000,498.7200
1625883711013000,0,1.00082264,498.3900
1625883813855000,0,0.13970000,497.7400
1625883825907000,0,3.83998000,497.7400
1625883825916000,0,0.72277129,497.7400
1625883825933000,0,0.38134232,497.7400
1625883825967000,0,0.56420639,497.7400
1625883825967000,0,0.55974993,497.7900
1625883837548000,0,1.00310000,497.7900
1625883837650000,0,9.90515007,497.7900
1625883837707000,0,0.76268466,497.9200
1625883872398000,1,3.01983000,497.6600
1625883948264000,0,0.13641562,498.2900
1625883948441000,0,0.83000859,498.2900
1625883948520000,0,3.63823000,498.2900
1625884002605000,0,0.19380000,498.3800
1625884058965000,0,0.09680000,498.8400
1625884172536000,1,0.09155000,497.8800
1625884173537000,1,3.05081000,497.7200
1625884282964000,1,1.00310000,497.2900
1625884359978000,0,0.26300000,497.7500
1625884360229000,0,11.09400000,497.7500
1625884421788000,0,2.38442580,497.8600
1625884422015000,0,0.41557420,497.8600
1625884450793000,0,5.25704000,498.0100
1625884452635000,0,2.00396000,498.0100
1625884836778000,1,3.05094000,498.1400
1625884865903000,0,0.19390000,498.2400
1625885105587000,0,0.21300000,497.6800
1625885105931000,0,0.84068291,497.6800
1625885105947000,0,0.88538880,497.6800
1625885105947000,0,0.20700000,497.6800
1625885148339000,1,0.37033000,497.0200
1625885148455000,1,0.00000724,497.0200
1625885148455000,1,0.92581276,496.9900
1625885148459000,1,0.00001173,496.9900
1625885181704000,0,0.11660000,497.2600
1625885387256000,1,1.60000000,496.7000
1625885716380000,0,0.35920000,497.6000
1625885767536000,0,0.58250000,497.2900
1625885812044000,1,0.09100000,496.7100
1625885841598000,1,0.00076000,496.7100
1625885870763000,1,0.13000000,496.4600
1625885870779000,1,0.10329851,496.4600
1625885916726000,0,2.30778335,496.6500
1625885919208000,0,0.44749866,496.6500
1625885919402000,0,3.50000000,496.6500
1625885919488000,0,3.84271000,496.6500
1625885920012000,0,0.00000799,496.6500
1625885920012000,0,0.09099201,496.6800
1625885920072000,0,3.60438000,496.6800
1625885920091000,0,3.05700876,496.6800
1625885920167000,0,4.50000000,496.6800
1625885920241000,0,3.50000000,496.6800
1625885920310000,0,9.50000000,496.6800
1625885922112000,0,1.14487192,496.6800
1625885922158000,0,1.89284390,496.6800
1625885932783000,0,4.50000000,496.6800
1625885932790000,0,1.89483722,496.6800
1625885932805000,0,2.14100000,496.6800
1625885932819000,0,2.16306619,496.6800
1625885942144000,1,0.85158437,496.7200
1625885942144000,1,0.34063563,496.7200
1625885943000000,1,0.00000908,496.7200
1625885943000000,1,2.21424092,496.6000
1625886001422000,0,2.19180000,496.3100
1625886001507000,0,2.88433773,496.3100
1625886001600000,1,3.01927293,496.4000
1625886001600000,1,1.38472197,496.3700
1625886001870000,0,2.80000000,496.9800
1625886046634000,0,0.06014555,496.4800
1625886060571000,0,0.58767000,496.5000
1625886060572000,0,0.00000374,496.5000
1625886060618000,0,0.20000000,496.8700
1625886060886000,0,0.19456279,496.8500
1625886060939000,0,2.60543721,496.8500
1625886062321000,0,7.97485279,496.4600
1625886063292000,0,8.70112863,496.4600
1625886228886000,0,5.59694584,496.5700
1625886246752000,0,1.21250618,496.5100
1625886246775000,0,1.36621695,496.5100
1625886248435000,0,1.08195296,496.5100
1625886273278000,0,1.41502303,496.1900
1625886274544000,0,2.96510391,496.1900
1625886274962000,0,2.21301611,496.1900
1625886278567000,0,0.39394439,496.1900
1625886278584000,0,1.61915570,496.1900
1625886278606000,0,2.66682646,496.1900
1625886278608000,0,1.32785817,496.1900
1625886279059000,0,2.17510609,496.1900
1625886519507000,0,3.50000000,497.8600
1625886519702000,0,2.26025425,497.8600
1625886616764000,1,3.50000000,497.8900
1625886691846000,0,0.05995562,498.1200
1625886759906000,0,6.78828088,498.2200
1625886760124000,0,2.38112879,498.3400
1625886760139000,0,0.00000001,498.3400
1625886760633000,0,1.37484294,498.8000
1625886760644000,0,0.60792097,498.8000
1625886760648000,0,0.20242902,498.8000
1625886760659000,0,0.19473172,498.8000
1625886760659000,0,3.22460766,498.8000
1625886760662000,0,2.72422002,498.8000
1625886760851000,0,1.76234804,498.9800
1625886760857000,0,1.54272895,498.9800
1625886760875000,0,3.22371400,498.9800
1625886760877000,0,0.67275392,498.9800
1625886760879000,0,1.09445131,498.9800
1625886760897000,0,1.17033618,498.9800
1625886760920000,0,5.99954976,498.9800
1625886760920000,0,2.37992465,498.9800
1625886760920000,0,5.94880080,498.9800
1625886761153000,0,0.73940200,499.0000
1625886761214000,0,1.30925275,499.0000
1625886761568000,0,0.43969474,499.4300
1625886762011000,0,0.92973000,499.4000
1625886762011000,0,0.41831000,499.4000
1625886763646000,1,2.80000000,499.0200
1625886765830000,1,2.80000000,498.8500
1625886766566000,1,0.51441000,498.6900
1625886777525000,0,0.07856732,498.9300
1625886777538000,0,0.07856732,498.9300
1625886784039000,1,10.50000000,498.4800
1625886784944000,1,0.80000000,498.4800
1625886811540000,0,0.10770000,498.9000
1625886857026000,0,0.09680000,498.9900
1625886864517000,0,2.80000000,499.0500
1625886864517000,0,7.61000000,499.0700
1625886910720000,1,3.50000000,498.6100
1625886910829000,1,4.51000000,498.6000
1625886923549000,0,2.80000000,498.4800
1625886927535000,0,0.43000000,498.5500
1625886949044000,1,5.90311002,497.8300
1625886949044000,1,2.11788998,497.8000
1625886949348000,1,0.51062882,497.7400
1625886949348000,1,1.68117118,497.6300
1625887020648000,0,2.80000000,497.6400
1625887027305000,0,1.52716452,498.0000
1625887076453000,0,2.80000000,497.7800
1625887089522000,0,2.80000000,497.6500
1625887106443000,0,8.43000000,497.6600
1625887117731000,0,8.05000000,497.6700
1625887200724000,0,0.00400000,497.6700
1625887200724000,0,1.39702997,497.9300
1625887381744000,0,8.00000000,497.7000
1625887382768000,0,1.19656241,497.7200
1625887382931000,0,4.12590622,497.7200
1625887383039000,0,8.61225000,497.7200
1625887383063000,0,0.75885901,497.7200
1625887383111000,0,4.60942236,497.7200
1625887384791000,0,9.50700000,497.7200
1625887519867000,1,6.60942000,497.3800
1625887707457000,0,0.14560000,497.7300
1625887984004000,0,5.22000000,496.0300
1625888052888000,0,0.00600000,496.0300
1625888058655000,0,6.61550005,496.1500
1625888059909000,0,1.85415208,496.1800
1625888060671000,0,11.37000000,496.1800
1625888063332000,0,6.43000000,496.1800
1625888070589000,0,0.00584792,496.1800
1625888070589000,0,3.92845424,496.3600
1625888101367000,0,0.11860000,497.0300
1625888158262000,0,0.13590000,497.7600
1625888287228000,1,4.05901000,497.3000
1625888592877000,0,7.31000000,497.4600
1625888593910000,0,2.05000000,497.4600
1625888594927000,0,0.74000000,497.4600
1625888595923000,0,0.41000000,497.4600
1625888595979000,0,1.26000000,497.4600
1625888596025000,0,1.75600000,497.4600
1625888625710000,0,0.28735077,497.6500
1625888630864000,0,2.72107579,497.6500
1625888632298000,0,7.50000000,497.6500
1625888632306000,0,4.17000000,497.6500
1625888632310000,0,3.97000000,497.6500
1625888632722000,0,0.67980534,497.6500
1625888633057000,0,1.82776810,497.6500
1625888762269000,0,0.10901000,497.7000
1625888762269000,0,0.39099000,497.7400
1625888762275000,0,0.00701000,497.7400
1625888762724000,0,0.38900000,497.8600
1625888762865000,0,0.51900000,497.9800
1625888763719000,0,1.02581376,498.0300
1625888763788000,0,1.77418624,498.0300
1625888763788000,0,0.79296133,498.0500
1625888763824000,0,1.38523332,498.0500
1625888763849000,0,0.41499999,498.0500
1625888767419000,0,0.86931135,498.0600
1625888767614000,0,2.08548799,498.0600
1625888767817000,0,0.55286079,498.0600
1625888768386000,0,0.41800000,498.1000
1625888846149000,1,2.97425000,497.5700
1625888871905000,0,0.25700000,497.8100
1625888871905000,0,0.08300000,497.8100
1625888871928000,0,0.00700000,497.8100
1625888915971000,0,0.27000000,497.8700
1625888915981000,0,0.00500000,497.8700
1625888939080000,0,0.24100000,497.9900
1625889238045000,0,0.09710000,497.4800
1625889420287000,0,0.13288879,497.4900
1625889420287000,0,0.03711121,497.4900
1625889508142000,1,4.03700000,496.9900
1625889516120000,0,0.20000000,497.2300
1625889567515000,0,0.00600000,497.2300
1625889594406000,0,0.17700000,497.3500
1625889594406000,0,0.16300000,497.3800
1625889594423000,0,0.00600000,497.3800
1625889596494000,0,0.17000000,497.4700
1625889596534000,0,0.00500000,497.4700
1625889651531000,1,4.00000000,496.3900
1625889697513000,0,0.31000000,496.6400
1625889700105000,0,0.00200000,496.6400
1625889700105000,0,0.26800000,496.7600
1625889705862000,0,0.25000000,496.8800
1625889718649000,0,0.00600000,496.8800
1625889718649000,0,0.30400000,497.0000
1625889720506000,0,0.00500000,497.0000
1625889720506000,0,0.25500000,497.1200
1625889740260000,0,0.00400000,497.1200
1625889740260000,0,1.09140000,497.1200
1625889748843000,0,0.17000000,497.1200
1625890142033000,0,0.10300000,496.8500
1625890464383000,0,0.28000000,496.6100
1625890468715000,0,0.00500000,496.6100
1625890468715000,0,0.30500000,496.7300
1625890469986000,0,0.00600000,496.7300
1625890469986000,0,0.04300000,496.7400
1625890475621000,0,0.05521320,496.7400
1625890476006000,0,0.00112680,496.7400
1625890569410000,0,2.05000000,496.9700
1625890569442000,0,0.75000000,496.9700
1625890582141000,0,0.22000000,496.9900
1625890606503000,0,0.02900000,496.9900
1625890606503000,0,0.22100000,497.1100
1625890606565000,0,0.00500000,497.1100
1625890607115000,0,0.19000000,497.2300
1625890607186000,0,0.00600000,497.2300
1625890613220000,0,0.19000000,497.3500
1625890613304000,0,0.05500000,497.3500
1625890634073000,0,0.25000000,497.4700
1625890987758000,0,0.10089000,497.4300
1625891452096000,0,4.03700000,498.4900
1625891496822000,0,1.55000000,499.1800
1625891504151000,0,1.45000000,499.1800
1625891572163000,1,1.47511358,498.3600
1625891572288000,1,0.80873865,498.3600
1625891630703000,0,0.13000000,499.2400
1625891651976000,0,0.00497000,499.2400
1625891736392000,1,8.00000000,499.1500
1625891927219000,1,0.10778363,497.4600
1625891949915000,0,0.64713404,497.6700
1625892010230000,1,7.00000000,497.7000
1625892035964000,1,9.50000000,497.7000
1625892036023000,1,4.10000000,497.7000
1625892273948000,0,0.40280000,496.4400
1625892330387000,0,0.10700000,496.6300
1625892414163000,0,1.94580000,496.4500
1625892524722000,1,2.80000000,493.1400
1625892525354000,1,2.80000000,493.1600
1625892526266000,1,2.80000000,492.8800
1625893043782000,1,0.30000000,491.8300
1625893091825000,0,0.28184000,492.1900
1625893202718000,1,0.14000000,491.3000
1625893275088000,0,0.52294185,490.5800
1625893275114000,0,1.89372407,490.5800
1625893275348000,0,0.91843241,490.7400
1625893275389000,0,1.49724786,490.7400
1625893276434000,0,0.07000000,490.9300
1625893631949000,0,2.01120461,491.9400
1625893663363000,0,0.44263516,492.8900
1625893663482000,0,0.39017616,492.9400
1625893663485000,0,2.81713897,492.9400
1625893663495000,0,0.88600288,492.9400
1625893663670000,0,0.62870000,493.0500
1625893663670000,0,0.62870000,493.0500
1625893663703000,0,0.42477059,493.0500
1625893663727000,0,0.23503856,493.0500
1625893663739000,0,3.28414060,493.0500
1625893663740000,0,2.97657700,493.0500
1625893664385000,0,0.50702660,493.4100
1625893664424000,0,1.13279085,493.4100
1625893664424000,0,1.16018255,493.4100
1625893694144000,0,0.11502000,493.3700
1625893694144000,0,2.27104672,493.3700
1625894232282000,0,0.09770000,494.6400
1625894274751000,0,0.66400000,494.6400
1625894453056000,1,3.79445000,494.1500
1625894523369000,0,0.06040835,494.3200
1625894712968000,0,3.04128916,493.6000
1625895026724000,0,0.39170000,493.5700
1625895230310000,0,0.27202000,493.6300
1625896003540000,0,0.10649999,494.3000
1625896109930000,0,0.06200000,494.5000
1625896141047000,0,0.00052000,494.5000
1625896141047000,0,0.16548000,494.5000
1625896586810000,0,1.37952576,493.9500
1625896587031000,0,0.95486668,493.9500
1625896587106000,0,0.42966086,493.9500
1625896587168000,0,0.57431100,493.9500
1625896752313000,0,0.11000000,493.8600
1625897005786000,0,0.05500000,493.2900
1625897006526000,0,0.00011000,493.2900
1625897231182000,0,5.43000000,493.4100
1625897231210000,0,0.00398152,493.4100
1625897903825000,0,2.80000000,494.4300
1625897903825000,0,2.20000000,494.5100
1625897971065000,1,0.23000000,493.3800
1625898344772000,0,3.04206585,493.4700
1625898345204000,0,0.23675000,493.6200
1625898346878000,0,1.04291084,493.8800
1625898346878000,0,6.95708916,493.8900
1625898621533000,1,1.15172899,493.5700
1625898621564000,1,0.54076774,493.5700
1625898660323000,1,0.48495489,492.9800
1625898660335000,1,1.55930790,492.9800
1625898660388000,1,0.56071609,492.9700
1625898660388000,1,1.23428757,492.9700
1625898660455000,1,0.21654116,492.9900
1625898660471000,1,0.28399294,492.9900
1625898660481000,1,0.28399294,492.9700
1625898660684000,1,0.51832397,492.9800
1625899020580000,0,0.13856999,493.1600
1625899020605000,0,0.00000001,493.1600
1625899266250000,1,0.63672184,493.4900
1625899266306000,1,0.70000000,493.4900
1625899266330000,1,0.89999999,493.4900
1625899524399000,1,0.18927602,493.2400
1625899591469000,1,0.23613881,492.7700
1625899591595000,1,0.66786187,492.7700
1625899591727000,1,0.53383832,492.7700
1625899591878000,1,0.68221989,492.7700
1625899793630000,0,0.21560000,492.9700
1625899834212000,0,0.23701000,493.1100
1625900110119000,0,0.17878000,496.1100
1625900111024000,0,0.08939372,496.1000
1625900113655000,0,0.06704529,496.1000
1625900113655000,0,0.00000744,496.1100
1625900153396000,1,6.33998000,495.8300
1625900375005000,0,0.17000000,495.6600
1625900382511000,0,0.00172000,495.6600
1625900452099000,1,0.18675693,494.1200
1625900772760000,1,0.17012168,492.6200
1625900772760000,1,0.32211044,492.6100
1625900772961000,1,0.49583958,492.6100
1625900774065000,1,0.05248000,492.3700
1625901282067000,0,0.35230000,493.6200
1625901332409000,1,8.03924000,493.2500
1625901391899000,0,0.09410000,493.2600
1625901543690000,0,0.30000000,493.3800
1625901544801000,0,0.00195000,493.3800
1625901609385000,0,0.97700000,494.3600
1625901871678000,1,4.17838149,492.4500
1625901871946000,1,1.49096756,492.4500
1625901952343000,0,0.09880000,493.8200
1625902256729000,0,0.18000000,494.8100
1625902257537000,0,0.00291000,494.8100
1625902257537000,0,0.12709000,495.2200
1625902269952000,0,0.07220000,494.9900
1625902809200000,0,0.19000000,494.0700
1625902841187000,0,0.00159000,494.0700
1625902996943000,0,3.72315713,494.5800
1625903008782000,0,9.18191086,494.5900
1625903008782000,0,7.39808914,494.6000
1625903430376000,1,4.26000000,494.6800
1625903539645000,0,0.18000000,495.2500
1625903539683000,0,0.00030000,495.2500
1625903539750000,0,0.13000000,495.5500
1625903817368000,0,0.08920000,495.6700
1625904124847000,1,3.71524000,494.5800
1625904136985000,1,9.40311000,494.3900
1625904226583000,0,0.07890000,494.5400
1625904570309000,0,2.03000000,493.5700
1625904576471000,0,0.00377885,493.5700
1625904576471000,0,0.33622115,493.5700
1625904589402000,0,0.00434885,493.5700
1625904589402000,0,5.37565115,493.8800
1625904597430000,0,3.80000000,494.0900
1625904814492000,0,3.03000000,494.2600
1625905040703000,1,3.96000000,494.7200
1625905040818000,1,0.00614218,494.7200
1625905197766000,0,0.17000000,495.7500
1625905259810000,0,0.10227361,496.2700
1625905265990000,0,0.05922477,496.5600
1625905265990000,0,0.13527523,496.6500
1625905306013000,0,0.04798968,496.5100
1625905306101000,1,0.64987646,496.6500
1625905306235000,1,0.30213000,496.6500
1625905360314000,0,0.05094903,496.8400
1625905366770000,0,8.12000000,496.9500
1625905366943000,0,2.98134583,496.9400
1625905366943000,0,3.76764256,497.0300
1625905462439000,0,0.64960000,496.7800
1625905462454000,0,0.00000222,496.7800
1625905534163000,0,0.29160000,496.8900
1625905724678000,1,0.00000386,496.6500
1625905817241000,1,0.48000000,496.4500
1625905817290000,1,0.48000000,496.4500
1625905817709000,1,0.96000000,496.4500
1625905818016000,1,0.84000000,496.4500
1625905818083000,1,0.84000000,496.4500
1625905888476000,1,1.56000000,496.3000
1625905951690000,1,5.37565117,495.2200
1625905951690000,1,4.08403001,495.2100
1625905951690000,1,2.07250585,495.2000
1625906103052000,0,0.35000000,495.5300
1625906103188000,0,0.00142000,495.5300
1625906866802000,0,0.50000000,495.6800
1625907004032000,0,2.80000000,497.1300
1625907004240000,0,3.05974652,497.1000
1625907004240000,0,3.87672107,497.1500
1625907004240000,0,7.66520037,497.2000
1625907004240000,0,2.80000000,497.2100
1625907004240000,0,3.01983456,497.2200
1625907005346000,0,3.55000000,497.1300
1625907005956000,0,13.90000000,497.1300
1625907005956000,0,13.80000000,497.5400
1625907012333000,1,0.09287515,497.5300
1625907012333000,1,2.63712480,497.4900
1625907012748000,1,0.15880332,497.4900
1625907013352000,1,0.31379313,497.9000
1625907034428000,0,2.38213000,498.2200
1625907114480000,1,3.90000000,497.5500
1625907350199000,1,0.60876496,495.7100
1625907413142000,1,7.92614000,495.6500
1625907611116000,1,0.06100000,495.2300
1625907625011000,1,0.12000000,495.2400
1625907629717000,1,0.06000000,495.2500
1625907630722000,1,0.04500000,495.2600
1625907638870000,1,0.00064590,495.2600
1625907638870000,1,0.00064590,495.2500
1625907638870000,1,0.00086121,495.2400
1625907638870000,1,0.00037827,495.2300
1625907686296000,0,4.06060281,495.4200
1625907686296000,0,1.98939719,495.4600
1625907686404000,0,9.40311002,495.4500
1625908125199000,0,2.00000000,496.2700
1625908125199000,0,0.72520000,496.2800
1625908338824000,0,0.19440000,497.0500
1625908408624000,0,0.07930000,496.7900
1625909018349000,0,0.11000000,496.9400
1625909018365000,0,0.00138438,496.9400
1625909109487000,0,0.08186751,497.4000
1625909109506000,0,0.00167077,497.4000
1625909226168000,0,0.04605047,497.5400
1625909229644000,0,47.95000000,497.6300
1625909229680000,0,19.70014000,497.6300
1625909436195000,1,4.01232000,496.7300
1625909843952000,1,18.10000000,497.5200
1625909843992000,1,18.80000000,497.5200
1625909844055000,1,5.10000000,497.5200
1625909946503000,0,2.38187000,498.3700
1625909958511000,1,0.27823551,498.4100
1625910122382000,1,6.42000000,498.8600
1625910122416000,1,3.68000000,498.8600
1625910178930000,1,9.40311002,498.6100
1625910759100000,0,2.11000000,496.0200
1625910768890000,0,0.97340000,496.2000
1625910926693000,0,1.94820000,495.8400
1625910954111000,0,0.64868872,495.6900
1625911025704000,0,0.62501728,495.6000
1625911037732000,0,0.64882186,495.4500
1625911043924000,0,3.71698464,495.1100
1625911045216000,1,3.03480000,494.7200
1625911046332000,0,0.08577658,494.6300
1625911189602000,0,0.10160000,494.2800
1625911223147000,0,0.19749098,494.0100
1625911270828000,0,1.48641000,493.4300
1625911436229000,0,0.29370000,493.3700
1625911671263000,0,0.09780000,493.7600
1625911812807000,0,0.64959501,493.7200
1625911818525000,0,3.72141420,493.5900
1625912008420000,0,5.50000000,494.0100
1625912009358000,0,1.43917118,494.4900
1625912010009000,0,0.18485000,494.6300
1625912157002000,1,0.38990000,494.7500
1625912571345000,0,0.28900000,492.9800
1625912571345000,0,21.21100000,492.9800
1625913484689000,0,0.07539229,491.9700
1625914125316000,1,3.03000000,493.7100
1625914125364000,1,0.00123290,493.7100
1625914239252000,1,1.22900000,491.7300
1625914874358000,0,1.18100000,492.4500
1625914874373000,0,1.26816000,492.4500
1625915260440000,0,0.68790000,491.4000
1625915299335000,1,0.19999999,490.9000
1625915299338000,1,0.00000001,490.9000
1625915299511000,1,0.09000000,490.3800
1625915653149000,0,0.16690000,492.1600
1625915899119000,1,0.69000000,492.6800
1625915899150000,1,2.38532272,492.6800
1625916140590000,1,0.09954355,492.6800
1625916140605000,1,0.00203150,492.6800
1625916542800000,0,0.19530000,494.6300
1625916650326000,0,0.06257000,494.9600
1625916650444000,0,0.00000066,494.9600
1625916650756000,1,0.06136739,494.9500
1625916734819000,1,3.77000000,495.1300
1625916810497000,0,0.47550000,495.6900
1625917130877000,0,0.04602554,495.6700
1625917201652000,1,0.24367359,496.2300
1625917210310000,1,2.80000000,496.3800
1625917210310000,1,0.09621447,496.3600
1625917961938000,0,0.19460000,496.3000
1625918216380000,1,0.25355000,495.7200
1625918216494000,1,0.00000568,495.7200
1625918216798000,1,0.63389430,495.5900
1625919454323000,0,5.06000000,496.3800
1625919564485000,0,0.39953230,495.9200
1625919564517000,0,0.57726737,495.9200
1625920328253000,0,0.10850000,495.2200
1625920586127000,0,0.22970000,496.1700
1625920876131000,1,8.03000000,494.7700
1625921524443000,0,5.01840000,495.1200
1625921524486000,0,2.61599232,495.1200
1625921525111000,0,3.36315151,495.2300
1625921723932000,1,3.76000000,495.1100
1625921723939000,1,0.33295430,495.1100
1625921804589000,0,0.13644349,495.6900
1625921804730000,0,3.66788000,495.6900
1625922002437000,1,3.91000000,495.2300
1625922039359000,0,1.17030000,495.0700
1625922392518000,0,0.23410000,495.0900
1625922832622000,0,0.50000000,494.6700
1625922868996000,0,0.18550000,494.6700
1625923004070000,0,0.10080000,494.6200
1625923683287000,0,0.31688502,494.1100
1625923683748000,0,0.31688502,494.1100
1625923694064000,0,0.29330000,494.1100
1625923827752000,1,2.74644806,493.4200
1625924025566000,0,0.60083681,493.2600
1625924053879000,0,0.55594467,493.0800
1625924079336000,0,0.65024206,492.9000
1625924086386000,0,1.95000000,492.6500
1625924086627000,0,1.82387078,492.6400
1625924088723000,1,7.76431000,492.2100
1625924100136000,0,0.65067345,492.2900
1625924106488000,0,0.65073691,492.1800
1625924134337000,0,0.65080037,492.2900
1625924170707000,0,0.65086383,492.0300
1625924181352000,0,0.65092729,491.8800
1625924188532000,0,0.65099075,491.8000
1625924199907000,0,0.65105421,491.6700
1625924216306000,0,0.26508618,491.6400
1625925071588000,0,0.22010000,491.5500
1625925292584000,0,7.55796593,491.2900
1625925292584000,0,3.90913407,491.2900
1625925350605000,0,0.58940000,491.6700
1625925658606000,1,3.94000000,490.3200
1625926289740000,0,0.39260000,492.2300
1625926535136000,1,2.80000000,490.5300
1625926730508000,0,1.69598378,491.9300
1625926730648000,0,0.42389000,491.9300
1625927041618000,0,0.39280000,491.8800
1625927092310000,1,9.20000000,491.0100
1625927156960000,0,0.35570000,491.6300
1625927384484000,0,1.73491000,492.2400
1625927573764000,0,0.17620000,493.2900
1625928616479000,0,0.51000000,492.5200
1625928616816000,0,0.00800000,492.5200
1625928616898000,0,0.38000000,492.6400
1625928617494000,0,0.42000000,492.7600
1625928646251000,0,0.47000000,492.8800
1625928674375000,0,0.00300000,492.8800
1625928674375000,0,0.34700000,493.0000
1625928683904000,0,0.00700000,493.0000
1625928683904000,0,0.37300000,493.1200
1625928685942000,0,0.00700000,493.1200
1625928685942000,0,0.43300000,493.2400
1625928689640000,0,0.00500000,493.2400
1625928689640000,0,0.35500000,493.3600
1625928701926000,0,0.00300000,493.3600
1625928701926000,0,0.21700000,493.4800
1625928851245000,0,0.00400000,493.4800
1625928853264000,0,2.80000000,493.8300
1625928896077000,0,3.88000000,493.8500
1625928911136000,0,7.66000000,493.9500
1625928964158000,0,0.09770000,494.2900
1625929389342000,0,8.08100000,494.4300
1625929389342000,0,0.88700000,494.6200
1625929459316000,1,0.30000000,493.9200
1625929459316000,1,0.07900000,493.9200
1625929476629000,1,0.39000000,493.8000
1625929476708000,1,0.00200000,493.8000
1625929480082000,1,0.44400000,493.6800
1625929484954000,1,0.39300000,493.6300
1625929485151000,1,0.36600000,493.5100
1625929489004000,1,0.34300000,493.3900
1625929493284000,1,0.38300000,493.2700
1625929493413000,1,0.37600000,493.1500
1625929645400000,1,0.07000000,493.5400
1625929695309000,0,0.09190000,493.8400
1625929792825000,0,2.80000000,493.2900
1625929792825000,0,1.11660000,493.3200
1625930017612000,1,3.74000000,493.8300
1625930017680000,1,0.00907606,493.8300
1625930116798000,0,1.10230000,494.0200
1625930190772000,0,0.19550000,494.1400
1625930356905000,1,0.04312000,494.0000
1625930388034000,1,0.00088000,494.0000
1625930395379000,1,0.48000000,493.5800
1625930396493000,1,7.49319524,493.4400
1625930477234000,0,3.35793328,494.2500
1625930825145000,0,8.19000000,494.6600
1625930894680000,0,0.06474972,494.9600
1625930894680000,0,0.52075028,495.0600
1625930942173000,0,0.04700000,494.8900
1625930945966000,0,0.05118131,494.8800
1625930949323000,0,0.00041612,494.8800
1625930949323000,0,0.00062840,494.8900
1625930949896000,1,0.28709181,494.9300
1625930950274000,1,0.28709181,494.9300
1625931091997000,1,0.65079990,495.1600
1625931121138000,1,0.65073644,495.2700
1625931131149000,1,0.65067304,495.4600
1625931131370000,1,0.65067304,495.4600
1625931309504000,0,0.19970000,495.9500
1625931835844000,0,0.58480000,495.5500
1625932114288000,0,0.10130000,495.8500
1625932332432000,0,0.19940000,496.3200
1625932710173000,1,3.72000000,495.1000
1625932710596000,1,0.05674578,494.9000
1625932874934000,1,1.27420000,495.3400
1625932875222000,1,2.85191945,495.2600
1625932905651000,1,0.64000000,495.2800
1625932905658000,1,0.00700066,495.2800
1625932995129000,1,0.65013077,496.1400
1625933004253000,1,0.65006743,496.2600
1625933102101000,0,3.69000000,496.0400
1625933334417000,0,0.07790000,495.7300
1625933461026000,0,0.09760000,495.0000
1625933475441000,0,1.00000000,495.1800
1625933735595000,0,4.18455558,495.6200
1625933993292000,0,0.99780000,496.2600
1625934077803000,0,2.98483413,496.5100
1625934077803000,0,3.02335935,496.5300
1625934077845000,0,3.03465934,496.5900
1625934077845000,0,5.04368022,496.6300
1625934086319000,1,0.65000402,496.4500
1625934086586000,1,0.65000402,496.4500
1625934165736000,1,1.48136920,496.9400
1625934166590000,1,0.64959002,497.1600
1625934187937000,1,0.64938226,497.3400
1625934197528000,1,2.72999995,497.7100
1625934197751000,1,1.68868685,497.7300
1625934302009000,0,0.15510000,498.4500
1625934317710000,1,0.64888811,498.0200
1625934347102000,1,0.64882482,498.1400
1625934362708000,1,0.64876154,498.2200
1625934366433000,1,0.15547468,498.2500
1625934384330000,1,0.40243877,498.8600
1625934384973000,1,0.40243877,498.8500
1625934643260000,1,3.89000000,501.2500
1625934723964000,0,3.92000000,501.0500
1625934723982000,0,0.00764829,501.0500
1625934751687000,1,7.98200000,500.1800
1625934842886000,0,0.09660000,500.2100
1625934892498000,0,3.00000000,499.9400
1625935564823000,0,3.00000000,499.5200
1625935564875000,0,3.00000000,499.5000
1625935725319000,0,3.00000000,499.9400
1625935940362000,0,0.09670000,499.6800
1625936126865000,1,0.85108000,498.7700
1625936126986000,1,0.85108489,498.6900
1625936127093000,1,0.85108148,498.5900
1625936127316000,1,2.87763059,498.5300
1625936127317000,1,0.91080000,498.5300
1625936127333000,1,0.63267943,498.5300
1625936127355000,1,3.48605753,498.4400
1625936127357000,1,2.80825627,498.4400
1625936127359000,1,1.65131188,498.4400
1625936428435000,1,0.19202335,497.8600
1625936428435000,1,0.93978866,497.7000
1625936428536000,1,0.57807215,497.7000
1625936428559000,1,1.19014856,497.7000
1625936601292000,0,0.64790673,496.8500
1625936626597000,0,0.64796990,496.7500
1625936650816000,0,0.64803313,496.7900
1625936787307000,0,0.64809630,496.6200
1625936796584000,0,0.58750000,496.5600
1625936948946000,1,2.49626661,495.8400
1625936948979000,1,0.30373339,495.8400
1625936948979000,1,1.65938953,495.8200
1625936949065000,1,2.89143000,495.8200
1625936982043000,0,0.71280000,496.0500
1625937019868000,0,0.19470000,496.0300
1625937023336000,0,0.64827564,495.9800
1625937041336000,0,0.40335592,495.7900
1625937041361000,0,0.64833881,495.7900
1625937041740000,0,0.39721431,495.7700
1625937077097000,0,0.64880506,495.1700
1625937089187000,0,0.64886829,495.0300
1625937105717000,0,2.80000000,494.7300
1625937105717000,0,0.91725083,494.7300
1625937107443000,1,0.90000000,494.0700
1625937107567000,1,2.20266679,494.0700
1625937113181000,0,0.55636682,494.1700
1625937126646000,0,2.80000000,493.7300
1625937126646000,0,0.59741417,493.7400
1625937218595000,0,9.38000000,492.9500
1625937260358000,1,1.85257326,491.6700
1625937268776000,1,0.40899694,491.6000
1625937268796000,1,1.31883734,491.6000
1625937268952000,1,0.77048609,491.5800
1625937268952000,1,8.12100000,491.5400
1625937268996000,1,0.17568062,491.5500
1625937282651000,0,3.05000000,491.6700
1625937282658000,0,0.00425790,491.6700
1625937283082000,0,8.94000000,491.7400
1625937344674000,1,2.80000000,490.3500
1625937366269000,1,2.80000000,490.2600
1625937366269000,1,0.79012438,490.1100
1625937367644000,1,1.10190000,489.6500
1625937368282000,1,0.15777000,489.6300
1625937368304000,1,0.30241107,489.6300
1625937368380000,1,1.09546000,489.6200
1625937368833000,1,1.92735893,489.6300
1625937383463000,1,2.80000000,489.0000
1625937443892000,0,3.09387000,489.9200
1625937444088000,0,0.00000246,489.9200
1625937446255000,0,0.25300000,490.0700
1625937488143000,0,3.91376984,490.2500
1625937488412000,0,0.07987285,490.2500
1625937627936000,1,0.64015653,488.8400
1625937719434000,0,0.88000000,488.2500
1625937720877000,0,0.12925325,488.2600
1625937731526000,1,4.00831140,487.5700
1625937741983000,1,5.84413263,487.4500
1625937741983000,1,1.75586737,487.3700
1625937746006000,0,0.09100784,487.5100
1625937746006000,0,0.02206298,487.5200
1625937775095000,0,0.39610000,487.6900
1625937805422000,1,2.80000000,486.0400
1625937805514000,1,7.80505289,485.9800
1625937805514000,1,0.19494711,485.9100
1625937813676000,1,2.80000000,485.6400
1625937851372000,0,9.40311000,487.2400
1625937851475000,0,0.00000002,487.2400
1625937851475000,0,7.88420998,487.2500
1625937864254000,0,0.40590000,487.8700
1625937873247000,0,0.05000000,487.4000
1625937952225000,0,3.07000000,487.2300
1625937952379000,0,0.00801243,487.2300
1625937957155000,0,3.09040741,487.4600
1625937957155000,0,3.97959259,487.4700
1625937969559000,0,5.00000000,487.8000
1625938008343000,1,0.93626441,486.9200
1625938008439000,1,0.40470029,486.8900
1625938008712000,1,1.67190076,486.8900
1625938086469000,0,3.08000000,486.7700
1625938086550000,0,0.00708424,486.7700
1625938091782000,0,0.51000000,487.0800
1625938147563000,0,1.10190000,486.4500
1625938216717000,0,3.12534000,486.3300
1625938341222000,1,5.17745650,485.6800
1625938345857000,1,7.64317476,485.6200
1625938361576000,0,0.36000000,485.5800
1625938361674000,1,0.99134969,485.0600
1625938361793000,1,1.70000000,485.0600
1625938384678000,0,6.11372091,486.1600
1625938384678000,0,8.05627909,486.1700
1625938384732000,0,0.00361900,486.1700
1625938548470000,0,0.51000000,484.9900
1625938556458000,1,3.58000000,484.5400
1625938558902000,1,0.30000000,484.0900
1625938558964000,1,1.12500000,484.0900
1625938559470000,1,6.83500000,484.0900
1625938560700000,1,0.08159000,483.6800
1625938584395000,0,0.51000000,484.8300
1625938613840000,0,0.47000000,485.3700
1625938636596000,0,0.16143580,485.5800
1625938638330000,0,3.19000000,485.5900
1625938638523000,0,3.09201938,485.7300
1625938638523000,0,3.71872205,485.7700
1625938649970000,1,0.77929676,485.4800
1625938650749000,1,1.76184215,485.3800
1625938650876000,1,1.05647221,485.3800
1625938877657000,0,0.09403832,486.7100
1625938877657000,0,1.42475728,486.7500
1625938929388000,1,3.87841000,485.6000
1625938965455000,0,3.04506172,486.0000
1625938965669000,0,2.81990436,486.1200
1625938965669000,0,3.08808672,486.1300
1625938965669000,0,5.14825487,486.2000
1625938965742000,0,2.44168098,486.2500
1625938980464000,0,2.80000000,486.3000
1625938980464000,0,1.17290000,486.3300
1625939047509000,1,7.31124000,486.6300
1625939047547000,1,2.09187002,486.6300
1625939077624000,0,0.08340000,486.5700
1625939262973000,0,1.12500000,487.6100
1625939278766000,0,2.80000000,487.6500
1625939562011000,0,2.80000000,486.6400
1625939572446000,0,3.94000000,486.9100
1625939573473000,0,3.08000000,487.0300
1625939573559000,0,3.08238950,487.0400
1625939573559000,0,3.06602611,487.0800
1625939660572000,1,0.66286551,486.3500
1625939667613000,0,2.80000000,486.5900
1625939667874000,0,3.11000000,486.6300
1625939697545000,0,2.80000000,486.4200
1625940112358000,0,3.10000000,486.4400
1625940112359000,0,0.00675519,486.4400
1625940580802000,1,3.08000000,486.4000
1625940581202000,1,0.65624060,486.1300
1625940581202000,1,1.64060343,486.1300
1625940581222000,1,3.06546516,486.1000
1625940581439000,1,0.86601302,486.1000
1625940970409000,0,4.08477221,486.4400
1625941173262000,0,0.19820000,487.3300
1625941206777000,1,0.23500000,486.6900
1625941207513000,1,0.22100000,486.5700
1625941208176000,1,0.25600000,486.4500
1625941213819000,1,0.22100000,486.3300
1625941373869000,0,0.14870000,487.1500
1625942103350000,1,0.68000000,487.2600
1625942637033000,1,7.50000000,487.5000
1625942685819000,0,0.19290000,487.4600
1625942755649000,0,1.53000000,488.0700
1625942824999000,0,9.40000000,488.3300
1625942999797000,0,0.59310000,488.6100
1625943157274000,1,0.06000000,488.6100
1625943189163000,0,0.10130000,488.5100
1625943406293000,0,0.21720000,489.1400
1625943422242000,0,0.09870000,489.1700
1625943627325000,0,0.80910000,489.4500
1625943699413000,0,1.53000000,489.7600
1625943750579000,0,0.08870000,490.0000
1625943856385000,0,0.05997248,490.1300
1625943870750000,0,0.04527922,490.3600
1625943898355000,1,9.50000000,490.1600
1625943898423000,1,2.90000000,490.1600
1625943992516000,0,0.19680000,490.9700
1625944024894000,0,2.80000000,490.9900
1625944024894000,0,1.52850000,491.0100
1625944086240000,1,0.85000000,490.2000
1625944088273000,1,0.85000000,490.0300
1625944090298000,1,0.84000000,490.0300
1625944092435000,1,0.84000000,490.0300
1625944095082000,1,0.84000000,490.0300
1625944541942000,0,3.06000000,490.3800
1625944546862000,0,3.06000000,490.5800
1625944546879000,0,0.00020780,490.5800
1625944555415000,0,3.05000000,490.8000
1625944610834000,0,3.05000000,490.7900
1625944633372000,0,0.00862142,490.7900
1625944633372000,0,0.08977858,490.9100
1625944700664000,0,0.08460000,490.7900
1625944829179000,1,0.84100955,489.7900
1625944829320000,1,0.64000000,489.7900
1625944829370000,1,0.67494286,489.7900
1625944829960000,1,2.48604759,489.7900
1625944829960000,1,5.55801292,489.7600
1625944830129000,1,0.98102607,489.7600
1625944830220000,1,0.42921167,489.7600
1625944830229000,1,10.15709800,489.7600
1625944830294000,1,0.33965134,489.7600
1625945501576000,1,0.84000000,489.8200
1625945504873000,0,0.09850000,490.1900
1625945506355000,1,0.83000000,489.7400
1625945672039000,1,0.83000000,489.4300
1625945684798000,1,0.53314388,488.9700
1625945862244000,0,3.06343030,490.0900
1625945862244000,0,0.83311002,490.2000
1625945862244000,0,0.19345968,490.2000
1625946015776000,1,0.33179415,489.9000
1625946016032000,1,0.25510688,489.9000
1625946019229000,1,1.06822355,489.9000
1625946021362000,1,9.50000000,489.9000
1625946021374000,1,4.98100000,489.9000
1625946022775000,0,2.80000000,489.9000
1625946022814000,1,2.28700000,489.9000
1625946022814000,1,0.77555938,489.5200
1625946028252000,1,3.80685729,489.3900
1625946206865000,1,1.53718876,489.2500
1625946257657000,0,2.80000000,489.3500
1625946309461000,0,3.06765052,489.3700
1625946309461000,0,2.31274814,489.4200
1625946309461000,0,3.04854626,489.4300
1625946318948000,0,0.07569932,489.5700
1625946319321000,0,2.99068542,489.5700
1625946319321000,0,3.03931458,489.6200
1625946334100000,0,0.00559779,489.6200
1625946334100000,0,5.46440221,489.7000
1625946334447000,0,2.19421319,489.7000
1625946334447000,0,3.07834448,489.7600
1625946377471000,0,3.06354425,489.5800
1625946377471000,0,3.05645575,489.5900
1625946575841000,1,4.03539098,488.5500
1625946575926000,1,0.15879870,488.5600
1625946575978000,1,1.59688824,488.5600
1625946576190000,1,0.83938990,488.5700
1625946576596000,1,0.11909558,488.3500
1625946576930000,1,0.37016920,488.3600
1625946576956000,1,1.45357765,488.3300
1625946577076000,1,2.22800000,488.3300
1625946577289000,1,0.30737430,488.3300
1625946577341000,1,3.08700000,488.4000
1625946612073000,0,3.72000000,488.5100
1625946614139000,0,3.02000000,488.5700
1625946614230000,0,0.00658779,488.5700
1625946631790000,0,3.06000000,488.7200
1625946899804000,0,0.15190000,488.9900
1625947171986000,1,0.81000000,488.5000
1625947173114000,1,0.80000000,488.4900
1625947173919000,1,2.42176000,488.5100
1625947173930000,1,0.00000840,488.5100
1625947173930000,1,2.27000000,488.4900
1625947173930000,1,2.91542120,488.4800
1625947173952000,1,1.12523435,488.4800
1625947173968000,1,1.18789169,488.4800
1625947173986000,1,0.69635030,488.4800
1625947173999000,1,0.80000000,488.4800
1625947174014000,1,0.80000000,488.4800
1625947174052000,1,1.28992000,488.4800
1625947174112000,1,2.27000000,488.4800
1625947174194000,1,0.46618246,488.4800
1625947192174000,1,2.00447397,488.2700
1625947218172000,1,3.70716496,487.7900
1625947306798000,0,3.93000000,488.0300
1625947388173000,0,1.28590000,488.3100
1625947443342000,0,4.06000000,488.5400
1625947614145000,1,3.64004342,488.3200
1625947657674000,1,0.78000000,487.6200
1625947657702000,1,0.92585658,487.6200
1625947657728000,1,0.78000000,487.6100
1625947657843000,1,0.77000000,487.6100
1625947755113000,1,0.77616639,487.6300
1625947755240000,1,1.90868227,487.6300
1625947755329000,1,1.03255344,487.5500
1625947757332000,0,2.80000000,487.7500
1625947817390000,1,0.77000000,486.4500
1625947818875000,0,0.24210000,486.8800
1625947884599000,1,0.81000000,484.6700
1625948000633000,0,9.40000000,487.0900
1625948089605000,0,7.39290971,487.6700
1625948102323000,1,0.77000000,487.4000
1625948102398000,1,0.77000000,487.4000
1625948102477000,1,0.76000000,487.4000
1625948103272000,1,0.73283798,487.4100
1625948104427000,1,0.08682766,487.4100
1625948105177000,1,0.76000000,487.4000
1625948105222000,1,1.01060000,487.4000
1625948105450000,1,0.04704000,487.4000
1625948106116000,1,0.76000000,487.4000
1625948106704000,1,0.07015781,487.4000
1625948106862000,1,0.77000000,487.4000
1625948107566000,1,0.77000000,487.4000
1625948108725000,1,0.76000000,487.4000
1625948109362000,1,0.77000000,487.4000
1625948109450000,1,3.93470000,487.4000
1625948112720000,1,0.77000000,487.4000
1625948113724000,1,0.77000000,487.4000
1625948114863000,1,0.78000000,487.4000
1625948117873000,1,0.78000000,487.4000
1625948118499000,1,0.78000000,487.4000
1625948118900000,1,0.23550219,487.4000
1625948118900000,1,0.53449781,487.4000
1625948119725000,1,0.73000000,487.4000
1625948119756000,1,0.77000000,487.4000
1625948119771000,1,8.23850219,487.4000
1625948167517000,1,0.77000000,486.9900
1625948168528000,1,0.75000000,486.9800
1625948275648000,0,1.46000000,488.2800
1625948275723000,0,4.03109180,488.2900
1625948275723000,0,1.54235277,488.3500
1625948286555000,0,0.08110000,488.2200
1625948332921000,1,0.71000000,488.5900
1625948344616000,1,0.82000000,488.5900
1625948350477000,1,0.81000000,488.4500
1625948350647000,1,0.80000000,488.4500
1625948350724000,1,0.80000000,488.4400
1625948350796000,1,1.85612000,488.4500
1625948584621000,0,1.01060000,489.6800
1625948633684000,1,3.09449912,488.8700
1625948633836000,1,2.00000000,488.8800
1625948633849000,1,0.52237357,488.8800
1625948649027000,1,0.81000000,488.4500
1625948649043000,1,0.59000000,488.4500
1625948650609000,1,1.06067603,487.8800
1625948650611000,1,7.12932397,487.8800
1625948650721000,1,2.72037157,487.7600
1625948650785000,1,1.23050000,487.7600
1625948650810000,1,0.07321486,487.7600
1625948651034000,1,0.46832606,487.6200
1625948706729000,1,7.79147852,487.2700
1625948707561000,1,2.43679105,487.2700
1625948719464000,1,0.04973043,487.2700
1625948722115000,1,1.44758366,486.7200
1625948722154000,1,1.84926440,486.7200
1625948722225000,1,2.65061231,486.7400
1625948739426000,1,2.96868793,486.7200
1625948740173000,1,0.29392415,486.7200
1625948740178000,1,0.34838792,486.7200
1625948778063000,0,3.08000000,487.2100
1625948778074000,0,0.00178124,487.2100
1625948788063000,0,0.14860000,487.6100
1625948902225000,1,3.02064799,486.8000
1625948952565000,1,0.45902190,487.0300
1625949040818000,0,2.15000000,487.3000
1625949041427000,0,1.70000000,487.3000
1625949123867000,0,3.07000000,487.6700
1625949123962000,0,0.00839630,487.6700
1625949124110000,0,9.21576835,487.8200
1625949161712000,0,0.13690000,486.9000
1625949289719000,1,0.59582679,487.0600
1625949289794000,1,2.77638425,487.0600
1625949296538000,1,0.25762300,487.0600
1625949296550000,1,0.33820379,487.0600
1625949300090000,1,4.04871438,486.5600
1625949338180000,0,3.08000000,486.8700
1625949343274000,0,3.72465506,487.0700
1625949343413000,0,3.12115052,487.0800
1625949343413000,0,3.10202573,487.2300
1625949343418000,0,3.08135799,487.2700
1625949493541000,1,3.08527424,486.6000
1625949494628000,1,4.95800000,486.4300
1625949495041000,1,3.09000000,486.3600
1625949495080000,1,3.88600000,486.3600
1625949499099000,1,0.86517202,486.3600
1625949516635000,0,3.08426000,486.8400
1625949623885000,1,3.00000003,486.5900
1625949624002000,1,3.08819560,486.5900
1625949624485000,1,1.05880437,486.5900
1625949625267000,1,2.51100000,486.5900
1625949897052000,1,1.03716361,486.5400
1625949897164000,1,0.87999999,486.5500
1625949897165000,1,1.53217408,486.5500
1625949897298000,1,3.08500000,486.4500
1625949897312000,1,0.61557707,486.4500
1625949897312000,1,1.30929216,486.4500
1625949897373000,1,2.84681202,486.4600
1625949897383000,1,1.10795211,486.4600
1625949897427000,1,3.33859000,486.4500
1625949897455000,1,1.71221000,486.4500
1625949897579000,1,1.71880119,486.4500
1625949930884000,0,2.64000000,487.2800
1625949930904000,0,1.43981647,487.2800
1625949966039000,0,6.00000000,487.9200
1625950006871000,1,0.46260646,487.6900
1625950202131000,0,1.40410000,488.3800
1625950203818000,0,5.00000000,488.7100
1625950238598000,0,3.06074000,489.4400
1625950246549000,0,2.80000000,489.7500
1625950246549000,0,3.06531836,489.7700
1625950246549000,0,3.06113072,489.7700
1625950246549000,0,3.44980103,489.8500
1625950246549000,0,2.80000000,489.8600
1625950246549000,0,3.91925746,489.9000
1625950246549000,0,7.79127465,489.9200
1625950246549000,0,5.11458072,489.9300
1625950246549000,0,3.01881011,489.9300
1625950246549000,0,30.51038595,489.9300
1625950246773000,0,3.06530000,489.7700
1625950250280000,0,3.06267000,490.3000
1625950297125000,0,0.00000264,490.3000
1625950311926000,1,1.70058398,489.9700
1625950312137000,1,1.73347528,489.9700
1625950312137000,1,1.63346709,489.9700
1625950312195000,1,3.01465513,489.9600
1625950325923000,0,3.07824000,490.0200
1625950398143000,1,4.29769396,489.8200
1625950452066000,1,0.28817000,489.4200
1625950452250000,1,0.67100027,489.4300
1625950558282000,0,3.06411000,489.9400
1625950559096000,0,0.00000257,489.9400
1625950575631000,0,0.09850000,490.5500
1625950677094000,1,0.35272356,489.6600
1625950677946000,0,3.06459000,489.8400
1625950976512000,1,1.01977554,490.5400
1625950976739000,1,0.20800000,490.5400
1625951017373000,1,5.63500000,490.5300
1625951017376000,1,4.95163210,490.5200
1625951017429000,1,2.08408249,490.5400
1625951017438000,1,16.24936790,490.5200
1625951017551000,1,3.05061000,490.3400
1625951017561000,1,1.84300000,490.3400
1625951017588000,1,3.01700000,490.3400
1625951048118000,1,3.34291754,490.0100
1625951283644000,0,4.06565000,490.1000
1625951498460000,0,0.49830000,490.5000
1625951717743000,0,0.10000000,490.5500
1625951740544000,0,0.09850000,490.5500
1625951744052000,0,0.21660000,490.5500
1625951827953000,0,0.24570000,491.3800
1625951891712000,1,0.30551981,491.3200
1625951909107000,1,1.95000000,491.6600
1625951909490000,1,1.58392623,491.6000
1625951925750000,1,0.65285890,492.0900
1625951937348000,1,0.65279527,492.1000
1625952001134000,1,0.65273163,492.2100
1625952011120000,1,0.65266799,492.2800
1625952027475000,0,0.11760000,492.9100
1625952057954000,1,3.69556316,492.3700
1625952130972000,1,0.65255909,492.4400
1625952482143000,1,0.76449511,492.6800
1625952482322000,1,0.94069265,492.6800
1625952577831000,0,0.20580000,492.8700
1625952580380000,1,0.30831389,492.5300
1625952588569000,0,0.08230000,492.8700
1625952754882000,0,0.58800000,492.8700
1625953195361000,1,1.39659731,492.3600
1625953195417000,1,0.64216498,492.3600
1625953195499000,1,0.21288042,492.3600
1625953311298000,0,3.04843000,492.4100
1625953311468000,0,0.00000408,492.4100
1625953311468000,0,3.03489592,492.4700
1625953316838000,0,2.00000000,492.8700
1625953442498000,0,3.04806000,492.5800
1625953603524000,1,0.65211207,493.1100
1625953617590000,1,1.95000000,493.4500
1625953618267000,1,1.83209178,493.4400
1625953619303000,0,0.79781723,494.0500
1625953662002000,1,0.50000000,493.1000
1625953959067000,0,3.04194000,493.5000
1625954036455000,0,0.16640000,493.5700
1625954167515000,1,0.65175240,493.7700
1625954177054000,1,0.65168882,493.7700
1625954297026000,1,6.50000000,493.5900
1625954297086000,1,6.02900000,493.5900
1625954443511000,0,3.93000000,494.5500
1625954444346000,1,0.40608311,494.2800
1625954444631000,1,0.23607124,494.2800
1625954499167000,0,3.03752000,494.2700
1625954557193000,0,0.00000758,494.2700
1625954557193000,0,3.03697242,494.3000
1625954748218000,0,0.00000775,494.3000
1625954748218000,0,3.05059225,494.4100
1625954782557000,0,9.20287988,494.9400
1625954782557000,0,2.39928423,494.9500
1625954782557000,0,2.39783589,494.9600
1625954782637000,0,0.00129311,494.9600
1625954798881000,0,3.03394000,494.9300
1625954799732000,0,0.00000152,494.9300
1625954799732000,0,3.02999848,494.9300
1625954805940000,0,0.13844570,494.9300
1625954891468000,0,3.03347000,494.8900
1625954999538000,1,3.05629863,494.2000
1625955005945000,0,3.03598000,494.5200
1625955005979000,0,0.00000880,494.5200
1625955039507000,0,3.03459000,494.7100
1625955061685000,0,0.00000048,494.7100
1625955061685000,0,3.03401952,494.8600
1625955091001000,1,3.03958011,494.4800
1625955091550000,1,0.51100000,494.4800
1625955120680000,0,0.00000077,494.8600
1625955120680000,0,0.00000605,494.8900
1625955120680000,0,3.04333318,494.9000
1625955204421000,0,3.03233000,495.0700
1625955204855000,0,0.00000279,495.0700
1625955253936000,0,0.35730000,494.7300
1625955296769000,0,2.67726000,494.7300
1625955363720000,1,0.66296056,495.0000
1625955363903000,1,2.13327072,495.0000
1625955363903000,1,0.69585326,494.9900
1625955363906000,1,0.58169278,494.9900
1625955363922000,1,0.11316932,494.9900
1625955363942000,1,1.71681395,494.9900
1625955364005000,1,10.50247069,494.9900
1625955364019000,1,6.97743970,494.8300
1625955371501000,1,7.51209000,494.8300
1625955371558000,1,8.00000000,494.8300
1625955372290000,1,3.03852414,494.8300
1625955373805000,1,12.00000000,494.8300
1625955378649000,1,2.98000000,494.8300
1625955378673000,1,4.00000000,494.8300
1625955378733000,1,4.50000000,494.8300
1625955378856000,1,2.19294000,494.8300
1625955378973000,1,0.00000616,494.8300
1625955383673000,1,0.42980544,494.0500
1625955383673000,1,1.08890507,494.0400
1625955425754000,0,3.03568000,494.5200
1625955459541000,0,3.03321000,494.9500
1625955516847000,0,3.03325607,494.9300
1625955545527000,0,3.03082000,495.3600
1625955583349000,0,0.09760000,495.0200
1625955594790000,1,1.09759780,494.4500
1625955594822000,1,3.03000000,494.4500
1625955594910000,1,0.41299386,494.3900
1625955598123000,0,0.09760000,494.7500
1625955619097000,0,3.03478000,494.7800
1625955865020000,0,3.01633000,494.1100
1625955907761000,0,6.37229000,494.1900
1625955966056000,1,2.47402968,493.8800
1625955966094000,1,0.27400000,493.8800
1625955966444000,1,1.18500000,493.8600
1625956042883000,1,2.99588716,493.5900
1625956043128000,1,2.98000000,493.5900
1625956143817000,0,5.50000000,493.7700
1625956144034000,0,3.08140000,493.8000
1625956236951000,0,3.03968000,493.9100
1625956274852000,0,3.03731000,494.2900
1625956304382000,1,1.15829851,494.0700
1625956304397000,1,0.52000000,494.0700
1625956378756000,0,3.03797000,494.1700
1625956393428000,0,0.00000443,494.1700
1625956400187000,0,0.00000762,494.2900
1625956400187000,0,3.03427238,494.4500
1625956438580000,0,0.12520729,494.4600
1625956492349000,1,3.04395649,493.9500
1625956501623000,0,3.03823000,494.1500
1625956507129000,0,0.00000264,494.1500
1625956507129000,0,3.07203736,494.2800
1625956618747000,1,3.74400000,494.4600
1625956618747000,1,0.11528774,494.4000
1625956618966000,1,0.60802000,494.3100
1625956618982000,1,0.60000000,494.3100
1625956671626000,0,0.08870000,494.6300
1625956688991000,0,3.03207000,494.7100
1625956947121000,1,4.97678000,494.6200
1625956947203000,1,0.00000181,494.6200
1625956947203000,1,6.65299819,494.6100
1625956947297000,1,0.00000181,494.6100
1625956947297000,1,2.01748661,494.5400
1625956947345000,1,3.06000000,494.5400
1625956947422000,1,3.05999999,494.5400
1625956947427000,1,1.83500000,494.5400
1625956947540000,1,3.01349432,494.5400
1625957037647000,0,0.07990000,495.5100
1625957139155000,0,0.08380000,495.5000
1625957205911000,1,2.49000001,495.0400
1625957215265000,1,0.52000000,495.0400
1625957244478000,1,1.04459505,495.0400
1625957280568000,1,0.38540494,495.0400
1625957280568000,1,1.17999506,495.0400
1625957281921000,1,0.00000494,495.0400
1625957848295000,0,0.13650000,495.3200
1625957855761000,0,2.89438000,495.3200
1625957855856000,0,0.00000805,495.3200
1625957856293000,0,7.92782255,495.4800
1625957986680000,0,1.48020000,496.0000
1625958004264000,1,10.07558000,496.1300
1625958004877000,1,0.00000403,496.1300
1625958017225000,1,1.04460000,495.8300
1625958021430000,1,3.29326000,496.2600
1625958022257000,1,0.00000245,496.2600
1625958022257000,1,4.56675755,496.2600
1625958023802000,1,7.00000000,496.2600
1625958023859000,1,8.50000000,496.2600
1625958023948000,1,1.02450000,496.2600
1625958026055000,0,3.02537747,496.2900
1625958026628000,0,0.19460000,496.4200
1625958045240000,0,2.80000000,496.4800
1625958045240000,0,3.01021126,496.5100
1625958045240000,0,3.02398579,496.5200
1625958045240000,0,3.69953325,496.5900
1625958045240000,0,2.00000000,496.5900
1625958045240000,0,3.71789661,496.6100
1625958045240000,0,5.04345167,496.6200
1625958045240000,0,2.39164275,496.6600
1625958045240000,0,3.01534866,496.6700
1625958045240000,0,6.31007610,496.7200
1625958046137000,0,3.02398579,496.5200
1625958046137000,0,0.09517380,496.5600
1625958046197000,1,5.96676201,496.6000
1625958049224000,1,2.66300000,496.0200
1625958054120000,0,4.90311000,496.5400
1625958057641000,1,2.99478561,496.2000
1625958107155000,0,0.58330000,496.8300
1625958213390000,0,0.18407065,497.0300
1625958214733000,1,0.67714681,497.0200
1625958214831000,1,2.47840000,497.0200
1625958215079000,0,0.81630000,497.0300
1625958216168000,1,3.99900000,497.0200
1625958216826000,1,3.02027004,497.0200
1625958216892000,1,0.53751576,497.0200
1625958216892000,1,3.37793536,497.0200
1625958222684000,0,3.02034000,497.0100
1625958223009000,0,0.00000774,497.0100
1625958242439000,1,0.36241584,497.2500
1625958245639000,1,1.03690000,497.2500
1625958246478000,1,1.67167604,497.2500
1625958251102000,0,3.01912000,497.2400
1625958261347000,0,0.00000535,497.2400
1625958261347000,0,0.59729465,497.4200
1625958267296000,0,2.44847644,497.4200
1625958267296000,0,3.01792356,497.4200
1625958267328000,0,0.00001187,497.4200
1625958282042000,1,0.23700000,497.5400
1625958283733000,0,1.16480000,497.6100
1625958284701000,1,0.20000000,497.5400
1625958286059000,1,0.83300000,497.5400
1625958287705000,1,0.52986309,497.5400
1625958289998000,1,0.67800000,497.5400
1625958292290000,1,0.67800000,497.5400
1625958302209000,0,1.85209000,497.6100
1625958304380000,0,0.00000398,497.6100
1625958304380000,0,1.59593387,497.7200
1625958315690000,0,1.37410000,497.7200
1625958366421000,0,3.01560000,497.8000
1625958369043000,1,2.54133700,497.4500
1625958369985000,1,2.97866300,497.4300
1625958418192000,1,6.00420000,497.4200
1625958418229000,1,1.37980000,497.4200
1625958418229000,1,2.66820000,497.3800
1625958418236000,1,2.41029000,497.3800
1625958418270000,1,0.61963999,497.3800
1625958418313000,1,2.97000000,497.3800
1625958418337000,1,2.98379999,497.3800
1625958418384000,1,0.30909540,497.3800
1625958418387000,1,1.90832439,497.3900
1625958418387000,1,1.06167561,497.3800
1625958418387000,1,1.96929901,497.3800
1625958418817000,1,2.17000002,497.0400
1625958418833000,1,1.03527207,497.0400
1625958418845000,1,0.46705730,497.0400
1625958418863000,1,2.47674978,496.9800
1625958418913000,1,4.53488198,496.9800
1625958418914000,1,0.74306942,496.9800
1625958477516000,0,3.02003000,497.0700
1625958616835000,0,3.01603000,497.7600
1625958695447000,0,0.00000017,497.8000
1625958695447000,0,3.01591983,497.8400
1625958884174000,1,3.06340000,497.0900
1625958884264000,1,1.80520037,497.0900
1625958884285000,1,1.25819963,497.0900
1625959181971000,1,0.38991245,497.3500
1625959181975000,1,3.00000000,497.3500
1625959182018000,1,6.19655970,497.3500
1625959182058000,1,1.71252785,497.3500
1625959182058000,1,0.58100398,497.3500
1625959182125000,1,0.12846419,497.3500
1625959182148000,1,1.23651859,497.3500
1625959182408000,1,1.05701324,497.3500
1625959182408000,1,2.66713307,497.2400
1625959182518000,1,1.05701324,497.2400
1625959182735000,1,1.98378676,497.1400
1625959623134000,0,0.19400000,497.9500
1625959720513000,1,0.11765017,497.6100
1625959720822000,1,0.20099999,497.6100
1625959995656000,1,1.10960742,497.8500
1625959997046000,1,2.38544395,497.8500
1625960006915000,1,3.93393516,497.8500
1625960007001000,1,4.50000000,497.8500
1625960007031000,1,1.71401347,497.8500
1625960007031000,1,0.62524653,497.8500
1625960007041000,1,4.05525720,497.8500
1625960007056000,1,2.33926000,497.8500
1625960007062000,1,1.70323627,497.8500
1625960135098000,0,2.80000000,497.9700
1625960135098000,0,2.98289121,497.9900
1625960135098000,0,4.01506597,498.1400
1625960135098000,0,3.01957241,498.1500
1625960135098000,0,2.48086348,498.1500
1625960135098000,0,3.90267413,498.1700
1625960503039000,0,3.01175000,497.7000
1625960550550000,0,3.03309000,497.7100
1625960593143000,0,0.19400000,497.9200
1625960731796000,0,2.99939000,497.7000
1625960835998000,1,0.67656456,497.4400
1625960851380000,1,4.07000000,497.4400
1625960853503000,0,0.18355218,497.6400
1625960858278000,1,2.37374835,497.4400
1625960858714000,1,0.21315707,497.4400
1625960858743000,1,0.35750176,497.4400
1625960858761000,1,0.59990851,497.4400
1625960858853000,1,0.42797813,497.4400
1625960858883000,1,0.03014162,497.4400
1625960858883000,1,0.19069165,497.3800
1625960858942000,1,0.38717153,497.3800
1625960859004000,1,0.42474998,497.3800
1625960859064000,1,0.86638432,497.3800
1625960859154000,1,0.90016587,497.3800
1625960859155000,1,0.67089905,497.3800
1625960859321000,1,0.44303879,497.3800
1625960859321000,1,0.71038980,497.3800
1625960859360000,1,1.20546791,497.3800
1625960859380000,1,1.58767669,497.3800
1625960859380000,1,0.64529626,497.3800
1625960859522000,1,0.33113929,497.3800
1625960859554000,1,0.25460184,497.3800
1625960859555000,1,0.24696379,497.3800
1625960859607000,1,0.87258005,497.3800
1625960859614000,1,0.34789291,497.3800
1625960860157000,1,0.82279042,497.3800
1625960860165000,1,1.99617446,497.3800
1625960860174000,1,0.74590000,497.3800
1625960986782000,1,0.03402539,497.3800
1625961188388000,1,0.15700000,496.5900
1625961203304000,0,0.18860000,496.6100
1625961212414000,0,0.09970000,496.7100
