timestamp ms,type,amount,price
1623369632211000,0,0.07620652,604.1900
1623369632682000,0,3.61214669,604.2100
1623369700521000,0,1.22156969,600.5000
1623369700521000,0,0.80790851,600.5000
1623369700821000,0,0.52235635,600.5400
1623369700822000,0,1.21754609,600.5400
1623369700833000,0,0.28916640,600.5400
1623369700833000,0,0.46559384,600.5400
1623369700837000,0,1.05970490,600.5400
1623369700843000,0,0.23544643,600.5400
1623369700858000,0,0.53388392,600.5400
1623369700863000,0,1.66075134,600.5400
1623369700878000,0,9.23296103,600.5400
1623369701516000,0,0.16490000,601.7400
1623369728171000,0,2.00000000,598.6100
1623369728171000,0,0.09005258,598.6200
1623369732614000,0,0.70619419,598.9700
1623369746752000,1,0.69533509,597.2600
1623369747278000,1,0.61477073,597.2500
1623369747278000,1,0.61742352,597.2200
1623369747511000,1,0.06200000,596.4800
1623369754946000,1,0.24999999,596.4700
1623369754986000,1,0.00000001,596.4700
1623369760587000,1,2.08000000,595.1700
1623369761737000,0,0.09656250,595.7200
1623369761737000,0,0.09656250,595.9000
1623369761737000,0,2.58957337,595.9700
1623369761737000,0,0.66725987,595.9800
1623369763280000,1,2.08000000,594.7300
1623369765307000,1,2.08000000,594.2100
1623369765465000,1,0.60400000,594.0700
1623369766450000,1,0.05000000,593.7600
1623369766487000,1,0.04562500,593.7600
1623369768191000,0,1.41490000,594.2900
1623369768225000,0,1.11404829,594.2900
1623369768753000,0,0.09375000,594.3800
1623369769095000,0,0.90000000,594.9500
1623369769095000,0,2.04977706,594.9600
1623369769095000,0,4.22432294,594.9600
1623369769111000,0,0.90008698,594.9600
1623369769111000,0,0.09468750,594.9700
1623369769111000,0,13.30785620,594.9900
1623369769699000,0,2.52530000,595.1600
1623369771386000,0,0.00002935,595.1600
1623369771386000,0,2.52532935,595.1600
1623369772098000,0,0.16377709,595.1400
1623369774597000,0,2.52530000,595.1600
1623369776536000,0,0.00002935,595.1600
1623369776536000,0,2.52532935,595.1600
1623369782151000,0,2.52410000,595.1200
1623369789313000,0,0.00005518,595.1200
1623369903202000,1,0.09187499,596.3700
1623369903208000,1,0.00000001,596.3700
1623369904512000,0,0.60578753,596.3800
1623369908529000,0,1.32089219,596.3800
1623369978438000,0,4.73150000,599.0700
1623369994076000,1,0.67834530,599.0300
1623369994076000,1,1.01705470,598.9900
1623370020144000,0,2.50865000,598.4900
1623370064474000,0,0.03931804,600.3800
1623370087354000,0,2.49629000,601.5100
1623370088658000,0,0.00000165,601.5100
1623370124636000,0,8.41782000,602.7400
1623370125077000,0,2.02044228,603.0500
1623370125077000,0,5.05086381,603.0500
1623370139860000,1,1.01079247,604.0000
1623370161186000,0,2.48758000,603.5000
1623370170807000,0,0.00000102,603.5000
1623370171675000,1,0.15348824,603.2000
1623370172141000,1,0.15348824,603.2000
1623370175790000,0,2.48750000,603.5500
1623370184735000,1,0.57467884,603.4300
1623370185196000,1,0.57467884,603.4300
1623370185453000,0,0.00000601,603.5500
1623370211916000,0,2.48560000,603.9100
1623370211959000,0,0.00002898,603.9100
1623370211959000,0,4.14445261,603.9600
1623370212698000,0,0.04128318,604.1200
1623370214917000,1,2.00000000,604.0300
1623370214917000,1,4.90980000,604.0300
1623370219421000,1,2.08000000,604.2500
1623370219421000,1,1.38366534,604.0600
1623370220557000,0,4.83777000,604.9500
1623370275317000,1,1.35000000,605.1900
1623370283761000,0,2.47813000,605.7500
1623370285741000,0,0.00000022,605.7500
1623370285741000,0,0.52067978,606.1000
1623370299245000,0,0.00000615,606.1000
1623370299245000,0,1.04919385,606.8200
1623370311266000,1,0.60393885,606.8200
1623370318717000,0,2.47200000,607.3400
1623370320595000,0,0.00003012,607.3400
1623370321225000,0,3.39197366,607.3800
1623370321591000,1,2.08000000,607.5500
1623370321591000,1,0.31961073,606.7900
1623370374132000,0,2.47542000,606.5400
1623370379256000,0,0.00000364,606.5400
1623370379256000,0,2.47468636,606.5500
1623370401485000,0,2.47773000,605.9300
1623370462039000,0,0.06267728,605.1200
1623370512872000,0,5.11799000,605.5800
1623370576981000,0,0.00000707,606.5500
1623370654978000,0,2.47885500,605.5500
1623370654978000,0,2.00000000,605.7900
1623370654978000,0,2.36053036,605.8000
1623370654978000,0,1.77585391,605.8100
1623370663245000,0,2.47829093,605.6100
1623370663245000,0,4.67367249,605.8700
1623370663245000,0,1.45524572,605.8800
1623370671496000,0,2.47829093,605.6100
1623370671496000,0,2.08000000,605.6100
1623370671496000,0,1.47511539,605.6400
1623370671496000,0,2.46701889,605.6500
1623370671496000,0,0.84088772,605.7700
1623370679772000,0,2.08000000,605.3400
1623370679772000,0,2.47935490,605.3700
1623370679772000,0,1.18004910,605.3700
1623370679772000,0,3.62023419,605.4800
1623370730270000,1,0.65732798,604.1400
1623370730270000,1,0.65720189,604.1300
1623370730495000,1,1.26612071,603.9900
1623370730597000,1,2.08000000,604.0000
1623370730597000,1,2.86799999,603.9900
1623370730715000,1,0.13800242,603.9900
1623370731323000,1,2.59872060,603.6800
1623370731354000,1,0.22936500,603.6800
1623370731356000,1,1.08696955,603.6800
1623370731361000,1,0.22936500,603.6800
1623370731365000,1,0.35907614,603.6800
1623370731374000,1,0.24496043,603.6800
1623370731374000,1,0.60480865,603.6800
1623370731393000,1,1.59000000,603.6800
1623370731433000,1,1.60627939,603.6800
1623370731484000,1,1.05192126,603.6800
1623370836475000,1,4.43172000,602.9800
1623370847512000,1,0.24427000,602.1500
1623370852580000,1,0.00000624,602.1500
1623370854255000,1,0.10520310,601.6900
1623370870631000,1,0.10597343,600.5200
1623370884922000,1,0.07907156,601.0600
1623370884922000,1,1.95815664,601.0400
1623370897882000,1,0.03795494,601.0900
1623370959853000,0,0.57411282,600.8800
1623371062025000,0,0.51625797,600.3000
1623371062025000,0,0.05813101,600.3100
1623371117226000,1,5.60000000,598.7900
1623371118542000,1,0.48780010,598.2700
1623371119003000,1,0.22936500,598.3000
1623371127067000,0,2.08000000,598.8900
1623371127067000,0,0.51625798,598.8900
1623371127067000,0,1.25549877,598.9600
1623371129533000,0,0.20272407,599.0600
1623371264103000,0,1.09693917,597.8600
1623371269376000,1,17.64970000,597.2200
1623371270709000,0,0.60527742,597.5600
1623371271823000,0,2.51262314,597.3800
1623371271823000,0,0.93977131,597.5400
1623371333894000,0,0.40000000,596.9800
1623371333894000,0,0.90311442,596.9900
1623371337653000,0,0.60564646,596.5700
1623371376462000,1,0.40001997,596.2300
1623371381139000,0,2.51567000,596.5400
1623371382241000,0,0.00000826,596.5400
1623371382241000,0,2.51566174,596.5400
1623371401997000,0,2.51863000,595.8300
1623371402125000,0,0.00000477,595.8300
1623371405847000,0,2.51747000,596.1500
1623371406094000,0,0.00000008,596.1500
1623371418381000,0,0.00001652,596.5400
1623371441364000,1,0.15400000,595.6400
1623371539784000,0,2.52507000,594.4500
1623371573075000,1,0.16400000,594.3400
1623371577279000,0,0.08120000,594.6700
1623371597628000,0,2.52518000,594.4400
1623371712993000,1,4.54260000,594.1900
1623371713046000,1,0.00006252,594.1900
1623371713046000,1,0.70746497,594.0400
1623371713046000,1,8.55427581,594.0300
1623371713046000,1,0.71079909,593.9800
1623371713046000,1,0.42739761,593.9400
1623371713284000,1,0.70746497,593.8800
1623371713284000,1,0.71079909,593.8800
1623371743679000,1,0.17700000,593.2600
1623371747526000,1,0.16700000,593.1100
1623371753056000,1,7.51763000,592.6000
1623371755484000,1,0.00000415,592.6000
1623371764221000,0,8.23549329,593.0300
1623371764221000,0,2.53136095,593.0400
1623371804121000,0,2.52902000,593.4000
1623371805390000,0,0.00000035,593.4000
1623371830093000,0,4.86978000,593.6300
1623371830522000,0,2.52786000,593.6800
1623371842766000,0,0.16270000,593.6700
1623371846842000,0,2.36533000,593.6700
1623371864482000,1,0.15300000,593.1600
1623371864482000,1,2.50982607,592.8100
1623371864895000,1,0.98049565,592.7900
1623371864958000,1,0.58763500,592.7900
1623371875231000,0,2.53210000,592.8300
1623371881111000,0,0.00004947,592.8300
1623371949464000,1,2.08000000,592.1300
1623371950319000,0,0.66694454,592.7700
1623371950321000,0,1.41305546,592.7700
1623371951398000,0,2.08000000,593.4500
1623371955588000,0,0.00000947,593.6800
1623371960641000,1,0.11697469,595.1000
1623372016050000,1,0.17300000,595.1600
1623372016050000,1,0.20200000,595.0100
1623372024824000,1,0.16600000,594.8600
1623372042502000,0,0.25970000,595.1300
1623372207831000,1,0.57715000,596.8100
1623372242996000,1,2.08000000,595.4700
1623372243473000,1,0.56530930,595.2600
1623372243473000,1,1.00864524,595.2600
1623372284385000,0,0.08760000,595.2100
1623372289378000,0,0.78100000,595.2100
1623372289490000,0,1.65257683,595.2100
1623372331661000,1,2.51590000,595.7300
1623372480070000,0,0.12960000,596.2600
1623372560042000,1,2.51890228,595.0000
1623372580306000,1,0.39320100,593.7500
1623372600520000,0,2.52404000,594.5400
1623372611318000,1,1.05207783,594.4800
1623372611322000,1,4.43001819,594.4800
1623372611323000,1,1.99999999,594.4800
1623372611346000,1,0.09375000,594.4700
1623372611375000,1,1.98625000,594.4700
1623372659114000,0,2.52590000,594.1200
1623372848779000,0,0.06490000,595.2000
1623373005108000,1,0.15400000,594.0200
1623373015119000,1,4.62170000,592.6500
1623373016464000,1,8.32902000,592.2200
1623373096779000,1,0.09281250,592.5200
1623373120053000,0,0.28050000,592.3900
1623373177241000,0,2.06225000,590.8200
1623373186088000,1,2.08000000,590.3500
1623373186088000,1,1.01971056,590.3300
1623373186088000,1,0.40788422,590.3300
1623373186088000,1,2.08000000,590.3200
1623373186088000,1,2.53840616,590.2900
1623373186088000,1,1.10267488,590.2600
1623373252764000,0,0.09000000,592.7000
1623373252764000,0,10.00000000,592.7200
1623373253409000,0,2.08000000,592.9300
1623373426449000,1,2.07999999,589.4800
1623373426618000,1,0.00000001,589.4800
1623373444663000,0,10.40000000,589.0300
1623373445063000,0,1.97876000,589.0600
1623373496730000,0,4.56147000,590.1700
1623373497284000,0,1.93400000,590.3600
1623373510704000,0,2.10880000,590.6200
1623373536104000,1,0.20500000,590.1700
1623373536104000,1,10.19500000,590.1000
1623373540615000,1,0.18100000,590.0200
1623373541414000,1,0.16000000,589.8700
1623373594675000,0,2.08000000,591.4300
1623373647766000,1,13.53200000,590.4400
1623373709845000,0,2.08000000,589.6200
1623373710614000,0,2.54518679,589.7000
1623373710614000,0,2.08000000,589.7000
1623373711813000,1,0.69286000,589.2400
1623373711873000,1,0.00000239,589.2400
1623373711873000,1,0.69301515,589.2100
1623373711873000,1,1.03948246,589.2000
1623373711874000,1,0.69307992,589.2000
1623373731979000,1,10.40000000,588.1600
1623373754893000,0,0.06570000,588.2900
1623373756371000,0,2.55186949,588.3000
1623373785647000,1,0.03570680,587.9300
1623373793923000,0,0.42000000,587.9700
1623373829049000,0,0.42000000,588.0400
1623373860280000,0,0.42000000,587.7300
1623373892613000,0,0.17000000,587.4300
1623373898939000,1,0.19100000,587.0300
1623373899929000,1,0.21400000,586.8800
1623373911464000,1,0.18300000,586.6700
1623373911555000,1,1.37830000,586.4400
1623373921475000,0,2.55890000,586.5900
1623373924177000,0,0.00004826,586.5900
1623373926826000,0,0.40000000,587.4900
1623373926826000,0,0.02000000,587.5000
1623373962012000,0,5.17780000,588.2000
1623373962184000,0,0.00001959,588.2000
1623374007080000,1,0.25800000,588.1200
1623374009460000,1,0.30400000,587.9700
1623374010208000,1,0.27200000,587.8200
1623374018067000,1,0.27800000,587.6700
1623374093457000,1,0.18100000,589.4500
1623374094325000,0,0.17190000,589.8500
1623374097199000,1,0.16500000,589.3000
1623374105448000,1,0.15100000,589.1500
1623374161137000,0,7.77167074,590.3100
1623374234376000,1,0.66033000,587.9500
1623374259187000,1,0.00000579,587.9500
1623374259325000,1,1.65085000,587.8600
1623374259947000,1,0.00000691,587.8600
1623374271751000,0,2.55330000,587.7500
1623374274526000,0,0.00006621,587.7500
1623374274526000,0,2.55335379,587.7500
1623374276413000,0,0.00001242,587.7500
1623374276413000,0,2.55336621,587.7500
1623374281140000,0,2.55106000,588.3300
1623374281625000,0,2.08000000,588.6200
1623374372314000,1,4.54196940,587.2800
1623374372314000,1,5.85803060,587.2800
1623374448632000,1,0.57598927,588.6400
1623374468141000,0,8.25997900,589.1600
1623374486988000,1,0.15200000,588.5100
1623374543935000,0,2.55205000,588.1500
1623374556429000,1,0.13654945,588.0700
1623374616829000,1,8.41150000,588.5300
1623374677501000,1,1.42293706,587.9000
1623374677501000,1,0.56917294,587.9000
1623374677531000,1,0.00001431,587.9000
1623374701184000,0,2.55185000,588.1200
1623374754656000,0,4.71246000,587.9600
1623374758813000,0,2.08000000,588.0900
1623374767552000,1,0.20400000,587.4900
1623374771043000,1,0.58200000,587.3200
1623374771043000,1,8.94400000,587.2500
1623374771043000,1,0.87400000,587.2400
1623374783433000,1,0.24100000,587.3000
1623374813616000,1,0.23000000,587.2500
1623374855303000,1,0.20400000,587.2500
1623374856409000,1,0.20400000,587.1000
1623374860757000,1,0.20600000,586.9500
1623374861154000,1,0.19000000,586.8000
1623374863465000,1,0.23800000,586.6500
1623374864089000,1,0.18800000,586.5000
1623374866012000,1,0.20600000,586.3500
1623374870870000,0,2.55770000,586.8700
1623374948939000,0,0.49280000,588.7100
1623375040285000,0,0.12330000,587.7200
1623375163792000,0,12.28905199,589.3800
1623375236589000,0,9.29858967,590.1200
1623375236589000,0,8.07384723,590.1400
1623375260967000,1,0.22299999,589.4900
1623375261096000,1,0.00000001,589.4900
1623375261776000,1,0.27500000,589.3400
1623375273800000,1,0.21800000,589.1900
1623375274074000,1,0.29500000,589.0400
1623375401143000,1,6.78846000,589.8100
1623375401187000,1,0.13854000,589.8100
1623375409659000,1,14.06400000,589.4800
1623375409802000,1,8.73465160,589.4900
1623375409802000,1,3.76534840,589.4600
1623375409964000,1,1.56400000,589.4600
1623375410390000,1,7.17065000,589.4600
1623375410601000,1,1.56400160,589.4600
1623375609859000,0,0.26150000,591.1000
1623375689299000,0,2.53956197,590.9900
1623375689299000,0,4.81096492,591.0800
1623375689388000,0,2.53956197,590.9900
1623375777579000,1,0.15600000,590.5800
1623375787206000,0,2.54030000,590.7900
1623375787453000,0,0.00000129,590.7900
1623375875705000,0,2.53980000,590.8200
1623375938271000,0,0.38718716,591.7900
1623376040869000,1,4.84000000,591.3600
1623376040955000,1,7.00000000,591.3400
1623376091672000,0,0.13555000,592.9500
1623376265376000,1,8.00000000,591.6100
1623376266051000,1,0.99400000,591.6100
1623376266834000,1,3.00000000,591.6100
1623376266924000,1,2.75000000,591.6100
1623376272323000,0,4.50000000,591.2900
1623376272388000,0,0.45975596,591.2900
1623376442697000,0,2.53718000,591.4600
1623376635141000,0,2.08000000,591.5000
1623376875721000,1,10.40000000,590.7700
1623376875740000,1,1.07300000,590.7700
1623376875740000,1,4.03100000,590.7700
1623376875994000,1,0.94500000,590.7600
1623376878034000,1,1.00000000,590.6100
1623376878034000,1,1.00300000,590.6100
1623376887676000,1,1.00300000,590.4600
1623376915984000,1,0.71800000,590.3000
1623376922908000,0,2.54203587,590.3700
1623376928972000,1,0.65300000,590.1700
1623376935171000,1,0.67000000,590.0200
1623376941127000,1,0.48800000,589.8700
1623376944137000,0,2.54408000,589.8800
1623376947508000,1,0.62300000,589.7200
1623376947767000,1,0.54700000,589.5700
1623376957353000,0,0.00000016,589.8800
1623376957353000,0,2.54407984,589.8800
1623376957395000,0,0.00000032,589.8800
1623376969028000,1,0.27600000,589.5100
1623376973286000,0,2.54572000,589.6100
1623376974926000,0,0.00000941,589.6100
1623376974926000,0,2.54572941,589.6100
1623376975422000,0,2.54572000,589.6100
1623376975444000,0,0.00000941,589.6100
1623376983533000,0,2.54438955,589.9100
1623376986501000,0,2.54430000,589.9100
1623376996917000,0,2.54653314,589.4300
1623376997250000,0,2.54650000,589.4300
1623377005877000,0,0.49170000,589.4000
1623377064642000,0,2.54840000,588.9800
1623377111547000,0,2.55040000,588.5200
1623377112267000,0,0.00002545,588.5200
1623377203747000,0,0.13950000,588.5900
1623377223957000,1,0.27369559,588.0300
1623377223957000,1,0.27371420,588.0200
1623377224369000,1,1.59085258,587.7500
1623377225487000,1,1.21353430,587.3900
1623377330484000,0,0.13140000,588.1400
1623377399407000,0,2.54832000,588.7600
1623377400121000,0,0.00000255,588.7600
1623377402656000,0,0.00005176,588.9800
1623377402656000,0,0.26303645,588.9900
1623377402659000,0,2.28442396,588.9900
1623377402659000,0,4.24702449,589.1200
1623377469385000,1,8.50000000,588.3600
1623377469460000,1,3.00000000,588.3600
1623377474586000,1,0.97100000,588.3600
1623377474586000,1,3.31500000,588.3600
1623377485984000,0,0.73600394,587.8600
1623377507985000,0,1.90262763,587.3100
1623377509375000,1,2.08000000,586.7300
1623377509375000,1,1.40939896,586.7100
1623377519383000,1,1.62499994,586.3800
1623377524973000,1,1.94999993,586.3500
1623377526974000,1,8.55840655,586.3300
1623377526974000,1,0.13000035,586.2300
1623377565536000,0,10.40000000,586.6300
1623377565719000,0,10.40000000,586.6200
1623377565733000,0,1.99860000,586.6200
1623377566734000,0,2.55883000,586.6600
1623377568308000,0,0.00000030,586.6600
1623377568308000,0,2.55882970,586.6600
1623377572002000,0,0.00000060,586.6600
1623377611519000,0,0.08880000,587.4900
1623377655722000,0,2.55442000,587.5900
1623377794269000,0,2.56009000,586.4300
1623377811892000,0,0.00000361,586.4300
1623377811892000,0,2.55963639,586.4600
1623377843357000,0,0.08450000,585.9400
1623377845710000,0,0.11210000,585.9400
1623377855276000,0,2.36518000,585.9400
1623377881261000,0,0.00000952,585.9400
1623378017756000,0,0.08230000,587.2600
1623378122634000,0,2.55247000,587.9800
1623378126966000,0,8.48215000,588.1700
1623378185249000,0,2.54934000,588.7400
1623378190837000,0,0.00000653,588.7400
1623378190837000,0,2.54934653,588.7400
1623378299457000,0,2.55248000,588.0500
1623378304649000,0,1.05856274,588.7500
1623378304789000,0,0.19394168,588.7500
1623378304802000,0,0.81710899,588.7500
1623378312786000,0,0.25190000,589.5400
1623378371474000,0,0.00008955,589.9100
1623378375364000,1,6.90100000,589.8100
1623378393723000,1,14.01100000,589.4300
1623378424121000,1,0.26601226,588.8900
1623378424121000,1,0.66495841,588.8900
1623378424650000,1,0.26600142,588.7300
1623378497007000,0,1.15000000,588.3300
1623378497026000,0,1.40035082,588.3300
1623378497147000,0,2.55030000,588.3300
1623378497167000,0,0.00005082,588.3300
1623378499375000,0,0.27000000,589.2100
1623378499401000,0,1.81000000,589.2100
1623378541484000,0,0.08200000,589.3400
1623378592793000,0,0.08200000,589.0300
1623378683217000,0,0.08520000,589.6200
1623378846523000,0,2.48741562,591.4300
1623379050414000,0,0.16770000,590.5200
1623379074605000,1,10.40000000,590.0000
1623379091401000,0,2.54203515,590.3300
1623379126122000,1,0.22700000,590.0000
1623379126122000,1,3.73400000,590.0000
1623379157951000,0,2.54229000,590.3700
1623379269490000,0,0.65000000,589.0700
1623379282488000,0,2.54892000,588.8400
1623379291578000,0,0.00000444,588.8400
1623379307673000,0,2.54707000,589.3100
1623379307849000,0,0.00000398,589.3100
1623379338177000,0,0.08390000,589.7700
1623379415762000,0,2.49588526,589.3000
1623379440738000,0,2.49673649,589.0900
1623379444730000,0,0.04993473,589.0900
1623379452154000,0,0.00101908,589.0900
1623379452927000,0,2.54678594,589.3300
1623379452927000,0,4.11018403,589.4200
1623379453864000,0,2.49585022,589.3300
1623379458385000,0,2.03840000,589.5500
1623379479173000,0,0.32800000,589.0500
1623379484731000,0,1.70379820,589.0800
1623379490814000,0,2.03840000,589.3400
1623379596759000,0,1.80703180,589.9000
1623379596795000,0,0.27296820,589.9000
1623379596795000,0,2.54452086,589.9100
1623379664006000,0,5.76529000,590.1300
1623379664087000,0,3.46646000,590.1300
1623379729925000,0,0.00000389,590.3700
1623379897338000,0,2.53827000,591.1600
1623379911049000,0,0.00000227,591.1600
1623379911049000,0,0.73597773,591.1600
1623379911071000,0,1.80229454,591.1600
1623379916377000,0,2.53735000,591.3800
1623379916437000,0,0.00000099,591.3800
1623379929566000,0,0.08160000,592.1600
1623379939073000,0,2.28270000,591.9000
1623379980671000,0,2.28100000,592.2700
1623379981079000,0,0.90100868,592.5700
1623379981097000,0,4.23999622,592.5700
1623379981097000,0,2.05649387,592.5700
1623379981276000,0,13.36500820,592.7100
1623379981786000,0,2.05435050,593.1200
1623379982064000,0,0.09687211,593.1100
1623379999324000,0,2.05378000,593.4500
1623379999418000,0,0.00000994,593.4500
1623379999440000,0,0.52349611,593.5400
1623379999459000,0,3.24873592,593.5400
1623379999477000,0,1.36085091,593.5400
1623379999547000,0,10.40000000,593.6700
1623379999556000,0,2.94725690,593.6700
1623379999877000,0,2.05378000,593.8500
1623379999945000,0,0.00000994,593.8500
1623380000028000,0,2.05396049,594.0200
1623380000028000,0,5.13459951,594.0200
1623380000180000,0,0.00000674,594.0200
1623380000194000,0,13.48900000,594.1800
1623380001399000,1,2.08000000,593.8700
1623380001478000,0,1.22281000,593.6800
1623380001509000,0,0.00000976,593.6800
1623380002089000,1,3.30281976,593.7000
1623380009084000,1,2.08000000,593.1700
1623380261864000,0,2.27409000,593.9400
1623380275265000,0,0.00000325,593.9400
1623380275265000,0,2.27310675,594.2100
1623380275430000,0,0.00000873,594.2100
1623380280747000,0,0.07594774,594.5500
1623380280800000,0,0.00154995,594.5500
1623380297706000,1,0.06199815,594.2400
1623380313867000,0,0.03888524,594.5700
1623380344063000,0,0.04098504,594.5500
1623380344278000,0,0.00083643,594.5500
1623380344279000,0,3.78684312,595.1700
1623380409151000,1,10.40000000,595.5200
1623380409179000,1,10.06660000,595.5200
1623380411977000,0,17.97864745,595.9900
1623380412077000,0,7.83145598,596.0000
1623380412303000,0,2.21100000,595.9900
1623380412513000,0,5.62045598,595.9900
1623380412546000,0,4.70419036,596.0700
1623380412546000,0,5.69580964,596.0800
1623380412869000,0,2.55678526,596.0800
1623380412869000,0,0.09000000,596.0800
1623380412869000,0,2.01518791,596.1000
1623380412869000,0,21.50000000,596.2100
1623380412869000,0,3.35961763,596.2300
1623380412869000,0,0.09187500,596.2400
1623380413289000,0,0.09562500,596.3800
1623380416962000,1,0.36297922,596.3800
1623380417459000,1,2.56854000,596.6000
1623380417868000,0,10.00000000,597.0200
1623380419754000,1,20.00000000,597.0600
1623380419754000,1,13.38300000,597.0300
1623380419754000,1,13.57775000,597.0100
1623380421681000,1,0.87795747,596.9000
1623380421757000,1,2.00000000,596.9000
1623380421757000,1,8.20800471,596.8900
1623380422592000,0,2.07999999,597.1000
1623380424791000,0,2.35756125,597.1000
1623380424801000,0,1.39775544,597.1000
1623380424869000,0,0.09375000,597.1000
1623380424905000,0,6.15093331,597.1000
1623380427727000,0,2.08000000,598.2400
1623380442970000,1,2.08000000,598.4000
1623380442970000,1,0.09375000,598.1500
1623380442991000,0,0.09187500,598.1500
1623380443083000,0,0.89114984,598.1500
1623380443105000,0,0.00000001,598.1500
1623380449827000,1,4.01570285,599.0800
1623380462606000,1,6.12760895,598.3900
1623380462612000,1,3.24570330,598.3900
1623380462710000,1,14.84368775,598.3900
1623380522989000,0,1.71868717,599.4400
1623380542785000,0,1.75146000,600.0200
1623380574864000,1,10.40000000,599.0400
1623380602084000,0,1.50316000,599.1100
1623380630292000,0,2.15600000,599.0800
1623380630295000,0,10.40000000,599.0800
1623380630785000,0,0.00000539,599.1100
1623380663433000,0,1.50316000,599.1400
1623380694740000,0,0.14046250,598.7500
1623380705861000,1,8.50800000,597.8100
1623380741570000,0,10.79812000,597.2900
1623380741613000,0,0.00000037,597.2900
1623380754961000,0,5.71304000,597.5300
1623380805436000,0,1.50460000,598.6600
1623380806596000,0,0.00005451,598.6600
1623380811919000,0,1.50375000,598.9500
1623380813913000,0,0.00000955,599.1400
1623380830265000,1,10.40000000,599.3800
1623380877586000,0,1.50385333,598.9400
1623380919672000,0,1.25260000,599.2000
1623380932470000,0,0.00006843,599.2000
1623380932470000,0,1.25265157,599.2000
1623380942831000,0,0.00001686,599.2000
1623380948803000,0,12.23963000,599.6400
1623380948886000,0,0.16675523,599.6400
1623380948898000,0,22.44563477,599.6400
1623380951830000,0,0.26241626,600.3200
1623380952820000,1,9.73473882,600.6600
1623380952820000,1,11.76526118,600.6500
1623380952822000,1,20.05792882,600.6500
1623380966033000,1,2.08000000,599.4400
1623381013338000,1,2.08000000,599.4100
1623381064269000,1,8.60800000,598.3800
1623381073491000,1,5.50300000,597.7300
1623381086778000,0,1.25485000,598.0700
1623381091249000,0,0.00000233,598.0700
1623381091249000,0,1.25423767,598.3700
1623381121801000,0,1.00335000,598.3800
1623381121876000,0,0.00000803,598.3800
1623381136546000,1,0.48994686,598.4500
1623381231551000,0,0.23708720,598.0500
1623381257639000,0,1.00426000,597.8200
1623381257804000,0,0.00000935,597.8200
1623381307613000,0,1.00458000,597.6300
1623381327502000,0,0.09281000,598.8000
1623381327604000,0,0.00000250,598.8000
1623381377054000,1,2.08000000,598.2800
1623381377299000,1,2.13960000,597.9600
1623381377404000,1,0.23441000,597.9600
1623381377956000,1,0.38200000,597.9500
1623381384268000,0,1.05555800,598.7500
1623381386312000,1,2.08000000,598.6200
1623381388285000,0,2.07999999,598.9200
1623381388337000,0,0.00000001,598.9200
1623381390534000,1,0.09468750,598.8700
1623381390534000,1,2.08000000,598.8500
1623381390534000,1,0.62385483,598.8400
1623381390534000,1,4.20145767,598.8300
1623381391117000,1,2.08000000,598.8300
1623381391526000,0,0.98161173,599.5800
1623381393502000,0,0.26727999,599.6600
1623381393668000,0,0.00000001,599.6600
1623381401410000,1,2.08000000,599.5800
1623381402982000,1,2.08000000,599.2700
1623381464005000,0,0.75185000,598.9800
1623381464030000,0,0.00000489,598.9800
1623381464030000,0,1.25319511,599.1400
1623381465683000,0,0.75185489,598.9800
1623381465683000,0,0.00004701,599.1400
1623381465683000,0,0.50139810,599.1400
1623381482090000,1,1.72294000,598.6700
1623381483756000,1,0.00000607,598.6700
1623381493359000,0,0.75248000,598.4200
1623381493792000,0,0.00000627,598.4200
1623381493946000,0,1.25390000,598.7700
1623381542747000,0,0.75248000,598.4500
1623381586535000,0,0.00000103,598.4500
1623381586535000,0,0.75234897,598.5000
1623381611770000,0,0.00001030,598.5000
1623381618738000,0,0.00001534,598.7700
1623381618738000,0,2.07999466,598.7700
1623381704103000,1,1.15000000,598.1500
1623381704166000,1,10.39300000,598.1500
1623381704166000,1,3.06800000,598.1500
1623381727236000,0,0.75269000,598.1800
1623381807421000,1,0.09656000,598.0200
1623381808196000,1,0.00000250,598.0200
1623381831457000,0,0.06460000,597.9200
1623381841483000,0,0.68859000,597.9200
1623381874479000,0,0.09680000,598.6100
1623382009410000,0,0.75350000,597.6300
1623382062589000,0,0.75343000,597.6200
1623382063056000,0,0.00000009,597.6200
1623382063056000,0,0.00000393,597.6300
1623382063056000,0,1.04182598,597.7600
1623382089944000,1,0.84365000,597.7600
1623382099856000,1,0.00000354,597.7600
1623382148396000,0,0.75318000,597.7500
1623382148938000,0,0.00000434,597.7500
1623382149227000,0,1.01770000,598.1700
1623382149315000,0,0.00115309,598.1700
1623382149377000,0,0.83521200,598.2900
1623382149393000,0,0.18257875,598.2900
1623382149535000,0,6.61520000,598.4100
1623382149572000,0,0.00006409,598.4100
1623382149825000,0,1.01883607,598.9700
1623382149825000,0,0.23906393,598.9700
1623382150086000,0,0.65099999,598.9500
1623382150117000,0,1.38562683,598.9500
1623382164639000,0,0.56913190,599.7500
1623382164639000,0,0.56919810,599.7500
1623382164737000,0,0.00000783,599.7500
1623382164760000,0,10.40000000,599.8600
1623382164810000,0,3.69910000,599.8800
1623382164839000,0,0.00008453,599.8800
1623382166449000,0,0.57469955,600.6500
1623382170971000,1,0.63449000,600.4000
1623382171108000,1,0.00000670,600.4000
1623382171182000,1,1.01620000,600.2000
1623382171245000,1,1.58620000,600.1400
1623382193252000,1,0.59163594,599.5800
1623382193277000,1,4.07203799,599.6000
1623382193280000,1,2.37400643,599.6000
1623382193285000,1,1.13020000,599.6000
1623382193497000,1,0.59170498,599.3700
1623382193497000,1,3.25529502,599.2700
1623382193607000,1,0.59163594,599.4200
1623382193644000,1,0.59172374,599.2700
1623382194098000,1,1.61463992,598.5600
1623382194132000,1,0.46536008,598.5600
1623382306488000,0,0.49185925,598.1200
1623382381054000,1,0.48126126,596.9400
1623382381161000,1,0.48132723,596.9500
1623382381275000,1,1.20308869,596.8800
1623382381275000,1,0.62767636,596.7600
1623382381277000,1,2.50066590,596.7600
1623382398135000,0,0.50280000,596.9700
1623382400237000,0,0.00000020,596.9700
1623382400237000,0,0.50279980,596.9700
1623382430120000,0,0.50298000,596.7700
1623382430124000,0,0.00000110,596.7700
1623382512039000,0,0.00000040,596.9700
1623382599589000,1,3.09455000,597.5900
1623382601752000,1,6.00000000,597.5900
1623382602048000,1,2.43365492,597.5900
1623382602166000,1,4.87879508,597.5900
1623382602166000,1,0.62120492,597.5900
1623382602240000,1,3.50000000,597.5900
1623382602695000,1,0.23979000,597.5900
1623382624786000,1,0.00000508,597.5900
1623382689005000,1,0.48955000,597.0900
1623382689025000,1,0.00000228,597.0900
1623382689238000,1,1.22395446,596.8500
1623382689238000,1,0.69884100,596.8500
1623382689377000,1,1.28273134,596.8500
1623382689377000,1,1.20084764,596.8500
1623382699313000,1,0.11284000,596.4500
1623382699332000,1,4.66530774,596.4500
1623382731098000,0,0.50320000,596.4600
1623382731267000,0,0.00000675,596.4600
1623382744632000,0,4.00000000,596.8900
1623383045548000,0,0.83777768,597.4100
1623383133657000,0,5.00000000,597.5500
1623383189533000,0,0.50221000,597.7000
1623383200891000,0,0.00000951,597.7000
1623383200891000,0,0.25108049,597.7300
1623383343627000,0,0.25143000,596.8100
1623383407188000,0,2.04014095,597.2400
1623383407432000,0,4.00000000,597.3500
1623383471171000,0,0.00001206,597.7300
1623383494615000,0,1.16670000,597.9700
1623383874799000,0,0.08070000,598.2300
1623383875401000,0,1.99930000,598.2300
1623383875401000,0,0.25088243,598.2500
1623383875497000,1,0.25088243,598.3000
1623383875599000,1,2.08671000,598.3000
1623383877026000,1,0.00000131,598.3000
1623383883172000,0,0.41350000,598.5700
1623383887387000,0,10.40000000,598.6200
1623383950594000,0,0.76930000,598.9700
1623384008088000,0,0.25055000,598.9400
1623384028907000,0,0.00000726,598.9400
1623384038539000,0,0.25045000,599.2000
1623384039572000,0,0.24535277,599.4500
1623384133902000,0,2.03840000,600.1500
1623384134601000,0,2.02960705,600.2900
1623384142991000,0,0.01172856,600.6500
1623384143292000,1,2.82375558,600.3200
1623384143292000,1,4.47714442,600.3100
1623384236406000,0,0.25021000,599.7500
1623384244973000,0,0.00000132,599.7500
1623384244973000,0,0.07249868,599.9200
1623384256160000,0,4.40514430,600.4600
1623384283336000,0,0.24496003,600.5000
1623384283336000,0,0.00499918,600.5000
1623384314774000,1,1.49231367,600.0900
1623384401595000,1,0.22195000,599.7700
1623384463230000,0,0.25012000,600.0100
1623384464404000,0,0.00000787,600.0100
1623384464404000,0,0.25011213,600.0100
1623384720972000,0,1.42650000,600.1900
1623384781325000,0,0.24994180,600.4800
1623384781325000,0,2.47715820,600.4800
1623384781764000,0,0.06440000,600.4800
1623384997020000,1,0.17900000,599.5000
1623384997020000,1,0.18100000,599.3500
1623385132264000,0,2.49149000,599.6400
1623385151408000,1,0.17900000,599.3200
1623385151408000,1,0.19500000,599.1700
1623385151408000,1,10.02600000,599.1700
1623385151708000,1,0.75851502,599.0400
1623385151708000,1,1.89619498,599.0400
1623385151711000,1,0.00000793,599.0400
1623385151711000,1,0.23400000,599.0200
1623385151794000,1,4.93059440,598.9400
1623385151794000,1,0.22600000,598.8700
1623385152153000,1,0.22800000,598.7200
1623385152390000,1,1.22234107,598.7600
1623385152402000,1,0.18430227,598.7600
1623385152408000,1,0.21400000,598.7600
1623385152408000,1,0.21400000,598.7600
1623385152417000,1,1.01520000,598.7600
1623385152753000,1,0.17900000,598.5700
1623385168972000,0,0.25068000,599.0000
1623385169050000,0,0.00000022,599.0000
1623385197115000,0,0.79910000,599.6200
1623385213623000,1,1.95744691,598.5900
1623385214362000,1,0.18700000,598.2300
1623385450893000,0,0.35520000,598.3000
1623385671835000,1,0.28200000,597.8200
1623385679165000,1,0.28600000,597.6700
1623385842707000,0,9.38430000,598.5800
1623385842786000,0,0.19970000,598.5800
1623385842786000,0,4.72000000,598.5800
1623385929941000,0,0.06450000,599.1700
1623385937320000,1,0.26800000,598.5800
1623386044111000,0,2.51172000,599.2300
1623386099434000,0,0.24750000,600.0400
1623386103209000,1,0.21500000,599.2400
1623386128362000,1,0.18300000,599.4200
1623386228566000,1,0.17800000,599.7800
1623386233456000,1,0.16900000,599.6300
1623386287045000,0,2.46570000,601.3800
1623386363503000,0,2.47404000,601.1400
1623386380420000,0,0.00000929,601.1400
1623386380420000,0,0.00006709,601.3800
1623386380420000,0,0.16062362,601.5100
1623386414857000,0,0.48140000,601.7000
1623386491378000,0,5.29200000,601.2700
1623386501057000,0,0.88340000,601.4500
1623386503238000,0,7.50000000,601.4500
1623386503410000,0,2.36060000,601.4500
1623386781233000,1,4.17464351,600.6200
1623387052552000,0,0.21595280,600.7500
1623387197543000,0,1.01520000,601.1500
1623387566317000,0,3.93568000,601.6900
1623387571150000,0,0.08032000,601.6900
1623387571150000,0,11.20077360,601.7700
1623387577340000,0,0.22562187,601.7700
1623387629500000,0,0.00460453,601.7700
1623387656157000,1,0.16532750,601.2900
1623387673525000,0,8.38763633,601.7500
1623387685418000,0,1.21800000,602.0300
1623387685480000,0,3.35016621,602.0300
1623387685611000,0,2.00000000,602.2400
1623387685629000,0,10.40000000,602.2300
1623387714846000,1,1.00470000,602.8000
1623387726259000,0,0.49250000,603.3000
1623387732765000,1,10.40000000,602.7800
1623387790201000,1,4.55510000,602.5100
1623387868234000,0,0.30430000,603.1000
1623387876555000,1,3.00000000,603.0000
1623387892745000,1,2.08000000,602.3400
1623387892745000,1,3.68821966,602.3100
1623387892746000,1,0.84662472,602.3100
1623387892766000,1,5.81086465,602.1600
1623387927787000,0,0.26425530,603.3100
1623387927875000,0,1.15000000,603.3100
1623387927882000,0,0.60565851,603.3100
1623387928001000,0,2.02020000,603.3200
1623387928073000,0,0.00004782,603.3200
1623387928538000,0,12.86488452,603.5400
1623387928615000,0,0.26250084,603.5400
1623388056087000,0,0.07200000,603.6600
1623388208824000,0,0.14410000,603.3200
1623388257249000,0,0.16020000,603.1000
1623388257515000,1,0.61113354,602.6000
1623388425248000,0,2.08000000,603.1800
1623388493693000,0,6.27600000,603.2500
1623388500046000,0,8.13180000,603.2900
1623388500076000,0,4.61220000,603.2900
1623388614300000,0,4.89539446,604.5400
1623388658083000,1,2.76197924,603.4800
1623388668080000,1,0.40400000,603.2000
1623388728181000,1,1.98470478,602.6600
1623388905084000,0,0.48100000,602.5100
1623389222913000,1,0.05000000,600.7500
1623389288850000,0,0.30282926,602.3700
1623389288850000,0,0.69717074,602.3800
1623389327632000,0,0.12040000,601.8200
1623389556455000,1,4.87698820,599.6400
1623389592582000,1,7.87890992,599.1200
1623389617065000,0,7.93562000,599.9600
1623389711536000,1,0.60045496,599.5200
1623389712168000,1,0.60045496,599.4500
1623389732362000,0,0.16520000,599.3800
1623389755756000,0,4.92195000,599.2900
1623389811508000,0,2.37900000,600.0200
1623389811695000,0,8.95100000,600.0400
1623389929853000,0,23.83156088,600.9300
1623389929853000,0,1.88530199,601.0600
1623389973651000,0,8.01008902,601.9000
1623389986534000,0,4.70774000,602.2300
1623390070518000,1,8.02600000,602.6000
1623390070563000,1,0.00008323,602.6000
1623390084757000,1,4.70635994,602.1700
1623390086004000,1,1.18711098,601.8400
1623390150318000,1,0.08500000,602.3900
1623390192293000,0,0.08330000,602.9000
1623390206030000,1,0.06034064,602.1300
1623390278974000,0,2.08000000,602.7100
1623390278974000,0,2.49062613,602.7400
1623390278974000,0,0.09656250,602.9200
1623390279045000,1,56.50000000,602.9200
1623390279045000,1,0.09375000,602.9200
1623390279046000,1,1.15000000,602.9200
1623390279112000,1,10.13523665,602.9200
1623390363951000,1,1.92701000,601.9200
1623390363962000,1,3.81999999,601.9200
1623390363965000,1,0.90799999,601.9200
1623390363983000,1,0.84000000,601.9400
1623390364036000,1,1.24000000,601.9400
1623390395708000,0,0.80170000,602.4500
1623390603412000,0,0.87060000,602.4600
1623390837790000,0,0.15141463,601.4300
1623390837790000,0,0.81228537,601.4400
1623391146266000,1,1.57449673,599.6400
1623391147728000,1,4.91567100,599.2900
1623391148208000,1,0.24489473,599.3000
1623391148208000,1,0.74668839,599.3000
1623391148487000,1,0.11864632,599.3000
1623391148705000,1,1.16004951,599.3000
1623391178558000,1,0.58972376,599.3000
1623391233169000,0,0.24720000,600.7500
1623391235962000,0,4.00000000,600.7800
1623391236052000,0,0.80230000,600.7800
1623391275433000,1,0.79407210,599.7900
1623391275519000,1,0.02503893,599.7900
1623391275519000,1,1.95884485,599.7900
1623391275541000,1,0.08897577,599.7900
1623391275541000,1,5.32447001,599.7900
1623391275541000,1,1.98388378,599.7900
1623391296044000,1,2.08000000,599.7000
1623391296147000,1,4.70140000,599.7100
1623391296367000,1,0.76672320,599.6200
1623391296367000,1,4.70141215,599.6100
1623391296367000,1,3.39056465,599.6000
1623391296392000,1,5.05943270,599.6000
1623391352086000,0,0.07042000,598.2100
1623391362160000,0,4.89310000,598.0800
1623391381640000,1,1.33350000,597.3400
1623391381648000,1,0.00009252,597.3400
1623391393125000,0,2.08000000,597.5900
1623391393125000,0,1.77802886,597.6100
1623391396181000,0,0.25758709,597.8400
1623391400165000,0,2.03908905,597.9900
1623391400165000,0,2.96091095,597.9900
1623391430805000,1,6.00000000,597.4400
1623391436546000,0,0.12920000,598.0500
1623391458969000,0,7.09966000,597.9800
1623391459751000,0,2.08000000,597.9600
1623391569406000,0,1.28300000,598.7700
1623391598248000,0,0.83671000,600.8100
1623391681275000,1,0.57532373,602.0900
1623391681809000,0,0.57532000,601.7900
1623391681809000,0,0.00000373,601.7900
1623391703786000,0,0.50000000,603.0000
1623391712305000,1,1.19608759,602.8000
1623391712669000,0,7.77920000,603.4400
1623391719339000,1,0.09000000,603.4400
1623391722923000,0,0.09652000,603.9600
1623391723007000,0,0.00000012,603.9600
1623391723007000,0,0.49999988,604.0000
1623391723788000,0,0.03911396,603.9900
1623391723798000,0,0.00079812,603.9900
1623391723798000,0,0.00000012,604.0000
1623391735431000,0,8.02315000,606.2000
1623391886860000,0,7.35900000,603.5700
1623392049654000,0,4.70500000,603.8500
1623392104619000,1,13.27500000,602.2800
1623392104619000,1,2.08000000,602.1400
1623392104619000,1,3.07679740,602.1100
1623392104734000,1,0.87203160,602.1800
1623392104752000,1,1.20796840,602.1800
1623392104767000,1,1.52513994,602.1100
1623392105149000,1,0.40327371,602.1600
1623392105170000,1,0.50506805,602.1600
1623392105244000,1,1.31161547,602.1600
1623392105245000,1,1.31161547,602.1600
1623392105339000,1,1.52513000,602.1600
1623392160484000,1,0.80305340,601.7200
1623392194868000,1,0.24470245,600.0100
1623392201565000,1,8.47575000,599.1000
1623392240466000,0,4.75798313,599.6400
1623392256586000,1,0.65186312,599.3000
1623392400634000,1,4.52035125,599.1300
1623392400857000,1,2.08000000,599.1300
1623392412185000,1,5.02924500,598.3800
1623392413500000,1,0.24937355,597.9500
1623392413550000,1,0.90135334,597.9500
1623392427497000,0,3.28059921,598.3400
1623392536935000,0,8.35690000,598.8500
1623392587433000,0,0.57552730,597.8100
1623392587960000,0,0.09187500,597.7000
1623392587960000,0,0.48365230,597.7500
1623392648579000,0,1.26420000,598.6600
1623392789175000,1,3.07312289,597.9400
1623392789185000,1,2.17525893,597.9400
1623393397807000,0,0.17804540,599.5100
1623393575917000,1,2.40272623,597.9400
1623393636218000,0,0.16686180,597.8600
1623393743276000,0,5.68400000,598.4800
1623393744011000,0,4.74340524,598.4900
1623393772778000,1,0.28933365,598.0600
1623393772842000,1,0.34738549,598.0600
1623393772842000,1,1.14861451,598.0500
1623393773080000,1,0.63671914,597.9900
1623393773441000,1,1.59185375,597.8600
1623393773441000,1,0.82625871,597.8400
1623393773489000,1,0.69718128,597.8400
1623393774009000,1,0.63708754,597.5700
1623393774009000,1,1.59272246,597.5700
1623393813157000,1,2.09227911,596.8400
1623393837348000,1,0.57998000,595.9700
1623393837470000,1,0.00000006,595.9700
1623393838104000,1,2.08000000,595.5600
1623393838104000,1,2.57606700,595.5400
1623393838130000,1,0.73878388,595.5400
1623393838229000,1,0.58186142,595.5400
1623393838282000,1,0.34486739,595.5400
1623393838510000,1,0.06000000,595.3400
1623393838526000,1,1.40845139,595.3400
1623393838749000,1,0.66069808,595.2300
1623393838957000,1,0.06400000,594.6900
1623393936159000,0,0.05494875,598.1500
1623394156483000,0,5.11445000,596.0100
1623394157009000,0,0.00000876,596.0100
1623394157009000,0,2.04586124,596.0600
1623394231141000,0,1.72293000,595.7900
1623394231184000,0,0.00000464,595.7900
1623394231276000,0,4.20759046,595.8700
1623394231311000,0,0.09955400,595.8700
1623394231451000,0,10.40000000,596.0000
1623394231597000,0,0.79781830,596.0000
1623394404590000,1,4.84384576,595.9100
1623394404590000,1,0.16394627,595.8900
1623394463530000,0,4.87416000,596.2800
1623394551297000,0,0.16749777,595.5900
1623394558473000,0,0.16749777,595.5900
1623394598082000,0,0.16746403,595.7100
1623394630274000,0,0.60660149,595.0900
1623394639567000,0,0.60666216,595.0500
1623394660301000,0,0.60672283,594.8900
1623394670742000,0,0.60678351,594.6400
1623394681099000,0,2.08000000,594.2400
1623394681099000,0,0.09281250,594.2600
1623394681099000,0,1.28817237,594.2900
1623394733634000,0,0.60719032,593.9300
1623394807383000,0,2.08000000,595.6100
1623394864587000,1,4.25439445,595.2500
1623394864681000,1,0.65445992,595.2500
1623394864693000,1,1.63618407,595.2500
1623394996990000,0,0.24660794,596.5000
1623395077525000,1,0.08906250,593.4300
1623395082780000,0,0.85154784,593.7500
1623395082780000,0,2.12881718,593.7500
1623395083550000,0,2.08000000,593.8600
1623395084936000,1,0.25295000,593.7500
1623395104774000,0,0.25270000,594.0200
1623395107232000,0,0.00000462,594.0200
1623395115313000,0,0.16785852,594.3100
1623395117718000,1,0.00000527,593.7500
1623395127636000,0,0.40690000,593.5800
1623395166995000,0,0.16798006,593.8800
1623395221091000,0,1.98587255,593.7700
1623395221130000,0,0.02812745,593.7700
1623395334076000,0,0.25285000,593.4700
1623395670633000,0,0.24710169,595.0100
1623395878799000,0,0.16400000,596.5300
1623395879246000,0,0.19100000,596.6800
1623395895150000,0,0.04417879,596.7600
1623395896506000,0,0.17200000,596.8300
1623395896594000,0,0.19100000,596.9800
1623395896780000,0,0.18500000,597.1300
1623396020040000,0,2.03840000,597.5900
1623396034003000,0,0.16704621,597.2000
1623396352204000,0,8.51834441,596.7000
1623396352204000,0,4.50400461,596.7200
1623396360705000,0,0.17230000,597.1500
1623396368434000,0,2.03840000,597.1300
1623396368538000,0,0.04160000,597.1300
1623396433779000,1,2.31791606,597.0900
1623396607425000,0,0.81610262,597.4700
1623396647600000,0,0.25111000,597.8000
1623396678223000,0,0.25097000,598.0500
1623396680300000,0,0.00000516,598.0500
1623396680300000,0,0.25085484,598.2900
1623396680302000,0,0.00001203,598.2900
1623396680302000,0,0.41846013,598.4800
1623396680302000,0,0.00001204,598.4800
1623396680514000,0,0.24445010,598.6400
1623396680516000,0,0.36883892,598.6400
1623396680575000,0,1.53316694,598.6700
1623396680762000,0,3.98610000,598.8400
1623396680779000,0,0.00009208,598.8400
1623396681302000,1,2.08000000,598.7200
1623396681302000,1,1.46507943,598.6600
1623396731479000,0,1.35000000,600.8300
1623396809440000,1,0.29201962,601.9700
1623396900789000,1,2.60000000,601.5600
1623396900914000,1,1.52555615,601.5600
1623396901930000,1,0.59266412,601.3100
1623397033525000,0,0.29896800,601.1600
1623397041168000,0,0.09640000,601.1500
1623397142954000,0,0.50622977,599.5700
1623397142954000,0,1.26555331,599.5700
1623397142955000,0,6.17118639,599.7000
1623397142956000,0,6.17118639,599.7000
1623397143041000,0,3.29039625,599.5900
1623397143103000,0,9.38100000,599.6900
1623397143427000,0,0.50622977,599.8800
1623397143427000,0,1.26555331,599.8800
1623397143427000,0,3.29039625,599.8800
1623397145011000,0,0.30200000,601.2000
1623397145024000,0,1.88692187,601.2000
1623397145027000,0,1.51245910,601.2000
1623397163212000,1,13.30700000,600.2400
1623397182667000,0,0.14480000,600.0500
1623397184608000,0,0.35549000,600.0500
1623397184642000,0,0.00000767,600.0500
1623397241887000,1,0.23673916,600.1800
1623397241927000,1,0.17715355,600.1800
1623397241927000,1,0.25244488,600.1800
1623397255680000,0,0.24974169,601.0900
1623397298436000,1,0.69500000,600.6200
1623397298436000,1,0.29789101,600.5800
1623397329970000,1,2.08000000,600.3600
1623397329970000,1,1.14729100,600.3400
1623397330014000,1,0.53317867,600.3400
1623397330144000,1,1.21679964,600.3400
1623397330176000,1,1.25898069,600.3400
1623397330699000,1,0.66302698,600.1000
1623397330699000,1,0.21260855,600.1000
1623397330807000,1,0.42565405,600.1000
1623397330812000,1,0.02432743,600.1000
1623397330883000,1,0.40015586,599.9600
1623397334450000,0,0.24518650,599.9500
1623397334765000,1,0.44134673,599.6100
1623397334786000,1,1.63865327,599.6100
1623397339528000,0,2.08000000,599.9300
1623397415113000,0,2.08000000,600.2000
1623397424309000,0,2.03840000,601.0500
1623397506656000,0,8.27402422,602.0800
1623397618634000,0,0.16555612,600.7400
1623397618701000,0,0.13716811,600.7400
1623397618809000,0,2.37209091,600.7400
1623397618833000,0,7.55918486,600.7400
1623397627395000,0,3.59500000,601.5500
1623397647470000,1,0.65839084,601.7100
1623397647470000,1,1.64600105,601.7100
1623397647470000,1,0.65841708,601.6100
1623397647608000,1,4.28067763,601.6200
1623397651461000,1,2.07999999,601.0700
1623397651492000,1,0.00000001,601.0700
1623397702895000,0,0.24999562,600.3200
1623397737615000,1,4.79313227,598.8700
1623397737911000,1,2.08000000,598.8900
1623397737911000,1,12.78448996,598.7700
1623397737911000,1,8.39021291,598.7600
1623397743334000,1,2.08000000,598.5600
1623397765205000,0,0.30000000,598.9000
1623397767251000,0,0.30000000,598.8900
1623397786298000,1,0.11379743,598.3000
1623397813950000,0,8.61873000,598.7800
1623397814238000,0,0.00000765,598.7800
1623397814238000,0,4.58082235,598.8300
1623397862668000,1,1.33304364,598.7500
1623397862848000,1,0.40002308,598.7500
1623397862867000,1,0.13319438,598.7500
1623397971930000,1,0.99301200,599.3500
1623398057678000,0,2.52502001,599.5200
1623398057678000,0,0.25036734,599.5300
1623398057717000,0,10.40000000,599.5000
1623398085063000,0,0.05900000,600.4500
1623398085553000,0,0.00000413,600.4500
1623398122006000,1,2.08000000,600.3500
1623398183000000,0,13.43156088,600.9200
1623398183000000,0,0.32392277,600.9300
1623398214159000,1,8.52288062,600.1200
1623398219245000,1,2.08000000,599.7400
1623398334023000,0,2.08000000,601.4000
1623398355334000,0,4.50000000,601.7700
1623398389645000,0,0.04700000,601.9700
1623398394303000,1,0.05156262,601.8400
1623398398923000,1,4.17200000,601.4200
1623398401731000,1,5.81511000,601.9600
1623398401763000,1,0.00000233,601.9600
1623398402299000,0,2.08000000,601.9300
1623398402404000,1,9.41283000,601.9600
1623398419529000,1,0.00000107,601.9600
1623398467601000,0,0.00020330,601.9700
1623398468538000,0,0.81123002,602.6700
1623398468554000,0,1.26876998,602.6700
1623398469252000,0,1.39720863,602.7700
1623398474347000,1,2.48894562,602.2800
1623398474360000,1,2.00000000,602.2100
1623398474629000,1,0.78385775,602.1900
1623398474629000,1,1.12214225,602.1800
1623398474636000,1,0.83789321,602.1800
1623398474964000,1,5.09578000,602.0300
1623398475717000,1,1.91857000,602.3100
1623398475764000,1,0.00000231,602.3100
1623398476287000,1,12.13323000,602.3000
1623398476305000,1,0.00000917,602.3000
1623398476931000,1,7.49172000,602.3000
1623398476936000,1,0.00000342,602.3000
1623398499759000,0,2.08000000,604.1000
1623398500343000,0,2.08000000,604.4300
1623398500906000,0,2.08000000,604.4000
1623398503139000,1,2.08000000,604.1200
1623398503139000,1,2.48236575,604.0500
1623398503139000,1,0.73875790,603.7600
1623398503139000,1,0.09093750,603.6700
1623398503139000,1,0.73868416,603.5800
1623398503139000,1,0.09093750,603.5200
1623398503139000,1,2.04431719,603.5200
1623398509404000,0,7.78620000,604.8400
1623398509406000,0,31.23020000,604.8400
1623398509438000,1,3.65771000,604.7300
1623398509728000,1,0.00000608,604.7300
1623398509815000,0,2.08000000,604.5700
1623398510405000,1,2.08000000,604.3900
1623398517098000,1,11.31471243,605.0000
1623398517131000,1,2.08000000,604.3400
1623398518587000,1,2.08000000,604.0300
1623398518997000,1,0.34346000,604.3100
1623398520361000,1,0.00000904,604.3100
1623398520361000,1,2.07999096,603.6700
1623398521579000,1,1.24132000,603.9100
1623398525675000,1,0.00000477,603.9100
1623398526365000,1,2.07558000,603.1800
1623398526623000,1,0.11076000,603.5300
1623398526753000,1,0.00000959,603.5300
1623398526753000,1,0.00000558,603.1800
1623398526930000,1,0.69224685,602.8400
1623398527345000,1,2.08000000,602.8700
1623398529408000,1,0.16514000,603.0100
1623398549636000,1,0.00000372,603.0100
1623398551337000,1,1.14553763,602.5500
1623398557788000,0,2.08000000,602.0800
1623398561888000,1,0.07903000,601.9200
1623398565716000,1,0.00000891,601.9200
1623398569691000,0,2.08000000,601.8800
1623398580372000,1,2.08000000,602.0200
1623398580419000,1,0.05979762,601.9900
1623398580477000,0,0.09187500,602.5400
1623398580477000,0,1.05362500,602.6300
1623398580697000,1,0.66275000,601.8700
1623398582241000,1,0.74816698,601.9700
1623398582296000,1,0.55506724,601.9700
1623398583937000,0,0.74825000,601.6900
1623398598285000,0,0.09000000,603.3800
1623398612225000,1,1.15050000,603.4100
1623398664100000,1,0.60504106,604.4600
1623398667903000,1,1.15362357,604.7100
1623398667994000,0,2.90400000,605.1800
1623398669704000,0,2.08000000,605.7800
1623398670314000,1,0.05417000,606.1200
1623398671274000,1,0.19511048,606.1500
1623398675974000,1,2.08000000,606.5200
1623398676531000,1,2.08000000,606.1900
1623398676698000,1,2.08000000,606.2300
1623398677005000,1,0.00000356,606.1200
1623398677005000,1,13.17699644,605.9600
1623398678075000,1,1.05490000,606.3600
1623398678076000,1,0.00000883,606.3600
1623398683545000,1,0.23240712,605.5000
1623398704058000,0,0.72856392,605.7900
1623398706827000,0,0.74283000,606.1900
1623398724847000,0,0.49560000,605.8100
1623398757027000,0,0.00000616,606.1900
1623398757027000,0,0.48509551,606.6000
1623398806555000,0,0.07160000,606.9400
1623398928839000,1,17.01020000,606.8800
1623398928862000,1,0.00000263,606.8800
1623398928862000,1,0.70814625,606.8600
1623398928862000,1,4.50945007,606.8300
1623398928862000,1,1.77086459,606.8100
1623398937566000,0,2.08000000,607.3000
1623399001660000,1,2.47130000,606.5500
1623399100428000,0,4.59884351,606.9400
1623399127127000,1,0.64524788,606.4600
1623399199756000,0,0.08150000,607.1200
1623399235402000,1,2.47000000,606.8600
1623399273000000,1,0.59210538,606.0000
1623399273000000,1,0.88799462,605.9200
1623399273054000,1,0.59211405,605.9200
1623399273295000,1,0.59210000,605.9200
1623399273406000,1,0.00000538,605.9200
1623399307649000,1,0.35025200,606.2700
1623399385465000,0,2.06828663,606.1500
1623399409556000,1,4.65835000,605.4700
1623399477278000,1,0.26354000,604.6100
1623399477290000,1,0.00000428,604.6100
1623399507202000,1,0.05200000,604.2600
1623399582933000,0,3.11368000,604.6100
1623399586899000,0,2.08000000,604.8100
1623399653934000,0,0.74543000,604.0700
1623399662657000,0,1.09600000,604.0000
1623399662701000,0,14.90400000,604.0000
1623399930617000,0,0.07337011,605.7000
1623399948662000,0,0.07334195,605.5800
1623399972813000,0,0.04588000,605.9700
1623399974052000,0,0.00000141,605.9700
1623400086649000,0,1.00000000,607.0000
1623400206956000,0,0.07000000,607.7000
1623400306236000,0,9.10900000,605.5500
1623400353380000,1,2.47741987,605.0300
1623400572506000,1,1.76156310,604.1400
1623400572506000,1,0.70470648,604.1400
1623400572506000,1,4.58128931,603.9300
1623400572686000,1,1.87599999,603.5900
1623400572876000,1,1.76156310,603.5900
1623400573056000,1,2.08000000,603.2100
1623400573056000,1,8.29683731,603.1800
1623400573056000,1,4.74200426,603.1800
1623400573056000,1,9.80000000,603.1600
1623400573453000,1,0.20000000,603.0000
1623400573495000,1,1.58886000,603.0000
1623400573501000,1,11.27879894,603.0000
1623400573531000,1,1.98786000,603.0000
1623400573535000,1,3.16457536,603.0000
1623400573573000,1,1.77990570,603.0000
1623400573713000,1,1.76156310,602.6400
1623400573713000,1,0.70470648,602.6400
1623400573713000,1,13.93858257,602.6300
1623400573739000,1,3.14120653,602.6300
1623400573758000,1,0.23986968,602.6300
1623400575684000,0,10.40000000,603.5400
1623400582184000,0,0.20026554,604.1900
1623400589765000,0,0.16021243,604.2500
1623400631012000,1,1.78135362,603.7800
1623400632465000,1,1.68324864,603.9800
1623400641454000,0,8.34068000,604.6900
1623400709993000,1,0.06565354,603.3400
1623400723291000,0,0.57303973,602.9100
1623400723749000,0,0.57303973,602.8700
1623400806994000,0,2.08000000,601.7100
1623400806994000,0,1.76290771,601.7500
1623400807520000,0,3.44260135,601.7100
1623400834437000,1,2.49110000,601.6500
1623400896694000,0,0.08030000,601.7100
1623400981533000,1,2.49217124,601.4900
1623400981602000,1,2.00000000,601.5100
1623400981637000,1,5.91620000,601.5100
1623401105188000,1,0.50000000,600.0000
1623401141288000,0,4.81499000,600.3600
1623401169608000,0,2.91255610,601.8800
1623401169608000,0,1.16505390,601.8800
1623401169660000,0,0.00000828,601.8800
1623401169792000,1,0.09375000,601.8800
1623401169809000,0,1.62527668,601.8300
1623401169981000,0,1.16506218,602.0300
1623401169981000,0,2.91255610,602.0300
1623401169981000,0,3.49493172,602.0500
1623401170026000,0,2.48121000,602.0500
1623401170045000,0,1.50484757,602.0500
1623401184944000,1,0.71673000,601.8800
1623401185223000,1,1.93612000,601.8000
1623401185302000,1,0.00000764,601.8000
1623401185302000,1,0.71673196,601.8000
1623401249830000,0,2.49497000,601.4300
1623401258593000,0,2.49328575,601.9000
1623401299606000,1,5.19122544,600.9000
1623401327022000,0,0.51096443,600.7800
1623401343059000,0,1.56903000,600.7800
1623401575880000,0,0.24110000,601.1200
1623401750086000,0,0.20080000,601.3200
1623401986038000,0,2.08000000,601.2800
1623401986038000,0,1.92000000,601.3100
1623402040587000,0,0.70316357,603.0000
1623402055955000,1,2.38505601,602.2100
1623402063300000,0,0.19361313,602.8000
1623402069305000,0,0.33096126,602.8500
1623402093306000,1,0.63952452,601.9500
1623402093306000,1,0.63925490,601.8400
1623402157471000,0,4.61413781,601.2400
1623402194690000,0,5.33800000,601.9400
1623402196050000,0,10.83900000,602.2700
1623402232923000,0,0.09472000,604.3500
1623402233092000,0,0.09471642,604.7400
1623402242895000,0,0.09472286,604.9100
1623402259609000,1,0.62380000,604.7800
1623402297942000,1,0.61072000,603.9500
1623402365794000,0,0.04200000,604.7800
1623402372522000,1,0.60702081,604.6000
1623402372522000,1,1.51747919,604.6000
1623402404003000,0,2.03840000,605.0500
1623402404100000,0,2.48086787,605.0800
1623402404100000,0,23.83156088,605.1300
1623402404100000,0,8.18997359,605.1400
1623402417453000,0,0.07426272,605.3000
1623402512647000,0,2.48131000,604.8200
1623402563358000,0,2.03840058,604.8000
1623402636149000,0,0.00000059,604.8200
1623402636149000,0,0.14797999,604.9200
1623402664330000,0,0.00302001,604.9200
1623402664974000,0,2.08000000,605.0400
1623402665442000,0,0.17000000,605.0700
1623402665594000,0,0.16660000,605.0700
1623402783846000,0,2.48080000,604.8600
1623402814106000,0,2.47921122,605.3200
1623402882943000,0,0.05970723,605.3700
1623402885551000,0,0.04898430,605.5600
1623402934687000,1,8.17699000,606.1400
1623402934717000,1,4.51157026,606.1300
1623403007370000,0,12.01800000,607.2000
1623403007633000,0,0.03840369,607.2300
1623403008015000,1,2.08000000,607.1100
1623403008015000,1,0.50241884,607.0900
1623403008491000,1,1.44607187,607.1100
1623403034835000,1,10.40000000,607.1700
1623403067358000,0,7.26696718,607.7500
1623403067769000,0,1.85046835,607.7800
1623403067800000,0,0.56805721,607.7800
1623403067864000,0,0.77547444,607.7800
1623403120268000,0,8.27891136,608.3400
1623403120268000,0,4.71329746,608.3500
1623403154869000,1,0.59179998,608.0100
1623403154869000,1,1.37322755,607.9600
1623403155040000,1,0.10620086,607.9600
1623403155424000,1,2.10498619,607.7700
1623403196531000,1,7.91101000,607.0400
1623403204724000,1,4.70220000,606.6400
1623403359834000,0,0.07170000,606.0000
1623403481597000,1,0.52657439,605.9600
1623403588697000,0,6.39938000,607.7200
1623403625884000,0,0.50000000,608.0000
1623403654294000,0,2.08000000,608.3200
1623403655573000,0,0.04200000,608.3500
1623403822524000,0,2.45968141,610.4400
1623403822524000,0,2.31341859,610.5000
1623403824012000,0,4.46760000,610.7100
1623403867217000,0,2.46250000,609.4700
1623403894615000,0,0.15860000,608.9100
1623403906958000,0,2.46520000,608.7300
1623403929454000,0,0.00008379,608.7300
1623403929454000,0,2.46527621,608.7300
1623404153792000,0,0.06350000,608.7000
1623404400706000,0,0.58278644,607.9300
1623404400706000,0,1.45690861,607.9300
1623404400718000,0,0.00000001,607.9300
1623404401006000,0,0.77040000,608.1900
1623404401133000,0,3.01794866,608.1900
1623404401757000,0,0.31206650,608.6700
1623404401770000,0,0.22908922,608.6700
1623404402142000,0,0.58264436,608.6800
1623404402142000,0,1.41736442,608.6900
1623404402233000,0,3.12745913,608.6900
1623404402276000,0,0.60717645,608.6900
1623404403437000,1,1.15000000,608.6900
1623404403518000,1,4.00200000,608.6900
1623404526293000,1,2.46820000,607.2400
1623404547659000,0,4.58100000,607.1800
1623404746171000,0,0.10360000,606.0600
1623404750183000,0,2.47679000,605.9500
1623404750203000,0,0.00000471,605.9500
1623404764916000,1,2.08000000,606.1300
1623404821551000,1,0.60223000,605.4000
1623404822206000,1,0.00000253,605.4000
1623405090496000,1,0.08663000,604.4000
1623405146079000,0,1.38390000,604.7300
1623405146157000,0,5.55310000,604.7300
1623405146157000,0,4.43500000,604.7300
1623405373888000,1,0.00000891,604.4000
1623405440865000,0,2.46874379,604.6800
1623405519979000,1,0.55879000,604.6800
1623405561347000,1,0.00000136,604.6800
1623405578638000,1,2.95215182,604.2500
1623405698151000,0,0.13690291,605.8900
1623405698151000,0,0.34139709,605.9000
1623405840481000,1,7.75749818,605.1700
1623405840481000,1,2.64250182,605.1500
1623405840498000,1,2.22150000,605.1500
1623405860051000,0,0.13559907,606.8900
1623405861688000,0,10.00000000,607.3200
1623405872463000,0,0.10847000,608.5300
1623405872643000,0,0.00000925,608.5300
1623405876678000,0,0.06942672,609.3200
1623405876678000,0,0.09000000,609.3300
1623405876678000,0,0.00001015,609.4700
1623405876678000,0,4.65651166,609.5300
1623405889356000,0,0.05554000,609.5800
1623405890769000,0,0.00000138,609.5800
1623405904069000,0,0.03700000,610.3300
1623405908766000,0,0.05400000,610.3200
1623405909368000,0,0.00037501,610.3200
1623405909648000,0,0.00007387,610.3300
1623405962178000,0,2.08000000,610.7000
1623405962178000,0,0.37849000,610.7300
1623406070646000,0,0.15870000,608.5700
1623406138580000,0,0.09530000,608.0100
1623406342061000,1,0.44599966,605.8200
1623406342061000,1,1.11499916,605.8200
1623406370540000,0,8.25629738,606.2900
1623406597929000,1,1.29325465,604.4400
1623406861975000,0,0.04263001,607.4000
1623407096768000,0,0.20640000,608.3500
1623407145059000,1,2.08000000,608.6300
1623407145059000,1,1.42780364,608.6000
1623407145059000,1,0.57112037,608.6000
1623407145059000,1,5.92107599,608.5200
1623407156271000,1,0.16700000,608.5600
1623407212716000,0,9.80000000,608.3500
1623407223008000,1,0.53587730,607.9800
1623407223009000,1,1.33953910,607.9700
1623407223123000,1,0.18071731,607.8300
1623407223139000,1,0.72559034,607.8300
1623407223185000,1,2.57722446,607.8300
1623407223371000,1,0.49268522,607.4300
1623407223420000,1,2.46199999,607.4300
1623407223446000,1,1.94532183,607.4300
1623407298919000,0,0.21100000,606.9500
1623407308088000,0,0.23300000,607.1000
1623407316897000,1,2.47016000,606.9900
1623407316920000,1,0.00000963,606.9900
1623407319803000,1,2.47010000,606.9900
1623407322665000,1,0.00006963,606.9900
1623407322665000,1,2.47015037,606.9900
1623407322677000,1,0.00001926,606.9900
1623407360595000,1,2.47040000,606.9700
1623407540189000,0,9.00319952,607.6400
1623407542248000,0,1.05900000,607.6400
1623407542319000,0,0.79933000,607.6400
1623407548880000,0,0.20000000,608.3500
1623407635102000,0,0.17480000,607.8600
1623407641851000,1,0.28025011,607.2200
1623407641858000,1,1.16604283,607.2200
1623407647301000,0,2.42269505,606.9500
1623407647326000,0,0.04944276,606.9500
1623407715435000,0,0.15680000,607.2600
1623407739958000,0,0.00320000,607.2600
1623407741215000,0,0.16400000,607.4100
1623407777262000,0,0.17000000,607.5600
1623407923638000,0,0.06360000,607.7700
1623408244955000,0,0.05274759,609.4400
1623408277791000,0,0.05559596,609.7500
1623408289592000,0,0.04469914,609.8600
1623408297912000,0,0.03667155,610.2900
1623408532585000,1,7.80477314,607.6700
1623408532610000,1,0.15928108,607.6700
1623408551098000,1,2.46854471,607.3400
1623408551098000,1,4.67367958,607.2600
1623408662464000,0,2.47084908,607.4500
1623408852883000,0,0.11180186,607.7600
1623409031297000,0,2.42391820,606.7400
1623409034468000,0,0.04847837,606.7400
1623409034544000,0,0.00098935,606.7400
1623409036249000,0,2.08000000,606.7100
1623409036249000,0,2.38231820,606.7400
1623409037252000,0,2.03840000,606.7100
1623409038121000,0,0.09106772,606.7400
1623409041285000,0,4.75130644,606.8700
1623409041285000,0,8.10407453,606.9100
1623409041285000,0,2.16639111,606.9900
1623409201513000,0,0.04200000,606.9900
1623409204345000,0,1.68529232,607.1700
1623409325085000,1,4.63913642,606.2100
1623409325085000,1,5.76086358,606.2100
1623409334012000,0,2.47492628,606.6400
1623409334012000,0,0.78605458,606.7900
1623409368608000,0,0.67695163,606.4400
1623409375158000,0,1.04263799,606.4400
1623409379679000,0,8.54618175,606.6200
1623409379679000,0,4.62529401,606.6300
1623409380155000,0,1.04233212,606.6600
1623409380592000,0,1.40315250,606.6600
1623409482228000,0,0.07960000,606.4200
1623409497300000,0,0.07093849,606.4200
1623409629990000,1,1.15000000,605.6900
1623409630273000,1,7.26100000,605.6900
1623409676418000,1,5.37700000,605.4900
1623409688186000,0,0.57193861,605.4900
1623409809874000,1,0.18650000,603.8800
1623409809918000,1,4.30698891,603.9600
1623409809943000,1,0.36213343,603.8800
1623409809943000,1,0.54862072,603.8400
1623409809964000,1,3.56628092,603.7000
1623409809964000,1,1.59182781,603.6900
1623409810156000,1,2.08000000,603.7300
1623409810156000,1,1.59182000,603.7000
1623409817534000,0,3.26416114,604.0300
1623409820114000,0,0.17179785,604.0000
1623409823774000,0,0.64544652,604.1500
1623409823774000,0,0.00003348,604.1600
1623409823999000,0,4.19519000,604.3300
1623409827870000,0,3.48000000,604.4000
1623409841990000,1,2.08000000,604.6100
1623409923874000,1,1.22127093,604.3300
1623409927624000,1,4.26296053,603.9200
1623409927648000,1,2.51831311,603.9200
1623409927650000,1,0.56209246,603.9200
1623409927807000,1,0.53042933,603.6900
1623409927807000,1,1.96957067,603.5600
1623409927807000,1,1.29542933,603.5600
1623409927807000,1,1.08957067,603.5500
1623409927807000,1,0.23577438,603.5500
1623409927910000,1,2.08000000,603.5900
1623409927931000,0,0.57265984,603.8300
1623409927955000,1,1.18500000,603.5900
1623409928223000,1,2.08000000,603.4000
1623409928378000,1,0.50000000,603.0000
1623409929680000,0,5.00000000,603.3500
1623409980825000,0,0.39500000,603.8300
1623409980837000,0,0.00078257,603.8300
1623410115774000,0,1.18500000,604.7100
1623410372873000,0,0.20940662,602.9700
1623410372873000,0,1.53299338,602.9800
1623410422644000,1,7.95030000,603.3200
1623410701019000,0,1.74265000,602.9500
1623410714778000,0,0.00000850,602.9500
1623410932901000,0,0.06410000,603.4600
1623410968828000,0,0.57570000,604.0300
1623411050394000,1,2.10704155,604.3100
1623411050453000,1,2.73560000,604.3100
1623411106277000,0,1.24367000,603.3900
1623411150760000,1,10.40000000,603.3100
1623411150784000,1,0.20272546,603.3100
1623411151584000,1,1.36100000,603.2800
1623411152053000,1,2.10700000,603.2800
1623411172228000,1,13.04700000,603.1200
1623411192099000,1,0.39500000,602.8300
1623411661410000,0,1.80000000,604.2000
1623412808373000,0,8.29180000,605.4200
1623412966814000,0,2.08000000,604.3400
1623412966814000,0,0.42000000,604.3700
1623412981275000,1,4.13993000,603.5700
1623412981488000,1,0.00000691,603.5700
1623413051040000,0,2.49013000,602.7300
1623413053929000,0,2.48900000,602.9900
1623413132251000,1,0.50000000,601.5000
1623413175390000,1,0.52555000,601.0000
1623413203685000,0,0.16070000,601.1800
1623413450132000,0,0.19903922,601.0000
1623413450132000,0,0.19907903,601.0000
1623413591456000,0,0.80210000,602.1900
1623413736372000,0,0.16101423,600.4600
1623413736372000,0,1.35571747,600.4700
1623413843419000,0,0.10280739,601.3900
1623413843419000,0,1.41392431,601.4000
1623414070568000,0,0.60436495,599.5800
1623414082304000,0,0.60442539,599.2400
1623414097526000,0,0.60448584,598.5100
1623414098966000,0,3.44787939,598.4400
1623414102705000,0,10.40000000,598.4000
1623414106938000,0,2.08000000,598.3900
1623414117541000,1,8.58010000,597.9600
1623414120349000,0,1.91719844,598.1600
1623414167315000,0,0.48390000,598.9300
1623414173745000,0,7.96909096,598.9500
1623414173745000,0,2.43090904,598.9600
1623414484411000,1,1.04977191,599.6600
1623414506726000,1,10.40000000,599.6700
1623414506840000,1,2.85000000,599.6400
1623414544575000,0,2.50178000,599.9600
1623414544667000,0,0.00000112,599.9600
1623414778013000,1,0.21519681,600.2000
1623414778106000,1,6.86480319,600.2000
1623414778106000,1,2.48699681,600.2000
1623414780858000,1,0.00000319,600.2000
1623414960938000,1,0.95635896,601.2400
1623415010243000,1,4.57787137,601.9300
1623415010243000,1,8.43922863,601.9300
1623415082685000,0,18.46648000,601.8800
1623415362476000,1,4.50000000,599.8400
1623415610617000,0,4.56500000,600.2800
1623415611038000,0,7.14000000,600.3600
1623415750568000,0,1.40000000,601.9000
1623415750737000,0,0.13827956,601.9800
1623415750737000,0,2.49318046,602.1000
1623415781502000,0,0.16430000,602.4200
1623415899249000,0,0.25191910,601.1400
1623415899249000,0,0.10076764,601.1400
1623415908611000,0,0.80230000,601.6800
1623416080862000,0,0.72340000,600.9500
1623416242614000,0,2.44831062,600.8100
1623416244116000,0,7.80500000,600.9000
1623416315726000,0,1.15000000,601.4500
1623416315929000,0,3.84000000,601.4500
1623416316854000,0,8.64001177,601.6900
1623416346388000,1,7.99946000,601.2800
1623416745035000,0,0.06812184,602.0100
1623416745035000,0,0.17029780,602.0100
1623416745318000,0,0.56378090,602.0200
1623416760465000,0,0.44281697,602.0900
1623416896242000,0,0.05146077,603.1400
1623416896242000,0,0.05145616,603.1700
1623416896242000,0,0.33449499,603.1800
1623416978781000,1,2.08000000,602.6000
1623416978865000,0,7.92000000,602.6000
1623417018606000,0,1.28529000,603.0200
1623417025309000,0,0.48040000,603.2200
1623417051317000,0,0.96040000,603.4900
1623417083963000,0,0.09371250,603.7400
1623417147757000,0,2.08000000,603.7300
1623417209307000,0,0.00191250,603.7400
1623417209307000,0,0.29838750,604.0100
1623417209746000,0,0.16000000,604.3400
1623417406024000,0,0.07990000,604.2400
1623417474113000,0,0.07990000,604.5800
1623417486870000,0,12.72814000,604.5800
1623417486955000,0,2.90386000,604.5800
1623417611264000,0,2.48652000,603.6100
1623417758803000,0,3.60962000,602.8600
1623417758857000,0,10.40000000,602.8600
1623417758892000,0,3.50000000,602.8600
1623417759009000,0,1.92938000,602.8600
1623417781772000,0,4.07062000,603.6100
1623417781876000,0,1.09638000,603.6100
1623417783818000,0,2.48576000,603.9200
1623417784100000,0,0.00000011,603.9200
1623417786134000,0,8.10265402,604.4400
1623417786134000,0,4.39734598,604.4400
1623417811080000,1,0.57399912,604.8000
1623417822519000,1,3.58214000,604.3800
1623417822600000,1,1.16417000,604.3800
1623417831116000,1,8.35456000,604.0500
1623417888473000,0,2.51873000,605.6200
1623417888556000,0,2.27677000,605.6200
1623417897335000,1,3.50000000,604.9500
1623417925613000,1,0.48255369,605.6500
1623417966128000,1,0.97700000,605.9300
1623418046066000,0,2.47252000,607.1900
1623418135941000,0,2.47391295,606.6600
1623418135941000,0,0.00000001,606.6600
1623418192133000,1,0.60313526,608.4700
1623418197427000,1,2.08000000,608.8200
1623418197427000,1,1.35787099,608.7200
1623418223148000,1,14.19229000,609.6500
1623418258216000,1,2.08000000,609.5300
1623418441149000,1,0.60224563,610.0900
1623418450320000,1,0.60220246,610.2800
1623418455306000,0,0.13862201,611.0300
1623418461106000,1,2.08000000,610.5400
1623418461106000,1,1.35255407,610.5100
1623418481436000,0,9.08022116,611.3100
1623418500779000,1,0.59022134,610.8000
1623418565296000,1,0.45173774,609.9600
1623418688602000,1,0.15100000,608.3800
1623418716400000,1,2.08000000,608.0300
1623418716400000,1,2.08000000,607.9900
1623418716400000,1,4.50336795,607.9500
1623418716400000,1,0.41685321,607.9100
1623418751856000,0,0.09600000,608.9500
1623418778241000,0,0.14700000,609.3100
1623418801023000,1,2.46120000,609.0300
1623418837990000,0,0.00300000,609.3100
1623418859183000,0,0.50000000,610.0000
1623418859183000,0,9.90000000,610.0600
1623418917230000,0,4.00000000,609.3200
1623418917310000,0,3.13522000,609.3200
1623418921589000,0,4.42750747,609.7000
1623419047154000,0,2.08000000,609.1900
1623419320958000,1,2.08000000,607.5100
1623419320958000,1,1.76427434,607.4400
1623419404608000,0,0.10330000,607.9400
1623419580118000,0,0.05796723,609.2500
1623419658741000,1,2.08000000,609.1900
1623419733346000,1,2.46254000,608.7800
1623419745996000,1,0.00000795,608.7800
1623419749923000,0,10.40000000,608.6000
1623419750021000,0,7.38254000,608.6000
1623419750083000,0,12.21746000,608.6000
1623419764270000,1,0.04065232,607.9600
1623419764339000,1,0.10163380,607.8200
1623419839804000,1,0.07080378,607.2400
1623419885312000,0,0.05000000,607.8200
1623420083166000,1,2.46184000,608.9300
1623420102316000,1,2.08000000,608.9400
1623420121762000,0,0.11552082,608.8600
1623420132756000,1,2.08000000,609.4100
1623420171358000,1,2.08000000,607.8500
1623420171394000,1,0.07576439,607.7400
1623420171394000,1,0.32647814,607.7300
1623420171891000,1,0.07576439,607.3600
1623420171891000,1,0.19698289,607.3600
1623420172234000,1,0.07576439,607.0100
1623420172234000,1,0.19698289,607.0100
1623420172234000,1,0.22969672,607.0000
1623420172302000,1,0.27274728,607.0000
1623420172350000,1,1.45990000,606.4500
1623420172679000,1,2.08000000,606.4800
1623420209500000,0,0.24355194,606.4800
1623420213256000,1,0.15923796,605.8400
1623420213256000,1,2.31436204,605.7600
1623420213288000,1,8.94400000,605.7400
1623420257060000,0,0.22270000,607.2300
1623420290523000,0,0.07960000,607.0000
1623420294541000,1,10.40000000,606.2500
1623420367225000,0,0.10330000,607.5900
1623420455636000,1,2.46976000,606.9900
1623420563774000,1,2.47767000,604.8500
1623420666619000,0,0.09570000,605.8000
1623420680499000,1,2.47679000,605.1800
1623420695754000,0,0.31910000,605.3700
1623420779411000,1,2.47296000,606.1600
1623420918139000,0,0.11960000,606.0100
1623420972130000,0,0.37425201,604.9400
1623420972130000,0,0.93558670,604.9700
1623420997328000,1,13.22500000,604.4800
1623420997328000,1,2.47998376,604.4100
1623421016310000,0,0.57237966,604.5700
1623421072528000,0,1.17125321,604.4400
1623421075019000,0,0.06164488,604.5700
1623421101710000,1,8.58353695,604.2000
1623421101710000,1,1.81646305,604.2000
1623421145891000,0,1.45990000,604.3400
1623421158496000,0,0.34475476,604.3200
1623421158496000,0,0.22773651,604.3300
1623421221561000,0,1.97599992,603.7200
1623421259780000,0,0.11990000,604.0600
1623421286013000,1,2.48146000,604.1800
1623421322177000,0,2.08000000,604.2600
1623421322177000,0,0.31050633,604.2900
1623421322177000,0,8.35748343,604.3000
1623421322177000,0,2.08000000,604.3000
1623421322177000,0,19.94806381,604.3600
1623421322177000,0,0.22394643,604.3700
1623421349961000,1,0.00000308,604.1800
1623421464519000,0,0.19980000,604.2000
1623421511841000,1,0.32369608,603.4700
1623421511867000,1,0.67142025,603.4700
1623421592537000,0,0.57277258,603.0200
1623421595080000,0,5.00000000,603.0500
1623421602217000,0,4.85322000,603.0400
1623421602302000,0,5.50000000,603.0400
1623421602380000,0,7.50000000,603.0400
1623421670476000,1,2.48180000,603.9100
1623421677689000,1,0.00005668,603.9100
1623421690711000,1,3.33156000,603.4600
1623421690957000,1,20.50000088,603.4500
1623421690957000,1,2.49999912,603.4300
1623421691042000,1,10.71600000,603.4300
1623421693256000,1,7.35100088,603.4300
1623421693256000,1,13.14899912,603.4300
1623421700880000,1,0.00000088,603.4300
1623421892584000,1,0.16000000,603.1600
1623421892908000,1,0.17200000,603.0100
1623421936845000,1,7.85477000,602.4800
1623421940760000,0,0.14589546,602.6000
1623421996012000,1,2.08000000,602.7900
1623421996101000,0,5.92000000,602.6700
1623422034972000,0,8.45102823,603.1000
1623422034972000,0,4.90239083,603.1100
1623422037424000,0,0.09656250,603.6400
1623422037617000,0,0.09000000,603.7900
1623422040561000,0,2.08000000,603.9700
1623422040770000,0,10.40000000,604.0000
1623422040785000,0,2.81000000,604.0000
1623422040855000,0,3.20000000,604.0000
1623422040959000,0,7.59000000,604.0000
1623422041061000,0,24.00000000,604.2800
1623422061558000,1,10.40000000,603.8700
1623422094655000,0,2.43343576,604.6100
1623422111385000,1,4.52976718,603.7200
1623422111385000,1,0.63598436,603.7200
1623422111385000,1,5.23424846,603.7100
1623422123643000,0,0.07400000,603.7200
1623422161006000,0,2.43869681,603.1800
1623422162460000,0,0.04134902,603.4000
1623422249403000,1,2.08000000,603.1000
1623422295038000,0,4.53542000,603.5800
1623422299117000,0,0.45411180,603.7500
1623422489995000,1,1.36893699,602.8100
1623422490009000,1,2.83479797,602.8100
1623422493807000,0,2.48872250,603.0800
1623422494116000,0,2.48872250,603.0800
1623422520940000,1,0.87626504,602.8100
1623422520940000,1,3.34195319,602.7700
1623422524606000,1,1.67983748,602.7700
1623422524673000,1,1.15000000,602.7700
1623422525582000,1,4.14220000,602.7700
1623422618403000,1,6.43300000,602.6000
1623422618403000,1,1.71000000,602.6000
1623422619141000,1,5.96552765,602.1000
1623422619348000,1,0.32900000,602.1000
1623422619399000,1,1.97202752,602.1000
1623422661265000,1,4.10706326,601.9900
1623422661830000,1,0.10000000,601.1800
1623422662314000,1,2.08000000,601.2100
1623422663403000,1,0.24718150,600.9700
1623422663478000,1,1.00500000,600.9700
1623422663509000,1,0.82781850,600.9700
1623422701212000,0,3.31211000,601.3000
1623422701972000,0,0.07441218,601.3700
1623422701972000,0,0.18603044,601.5800
1623422702684000,0,0.18601000,601.7400
1623422702833000,0,1.89399000,601.7400
1623422718713000,1,0.15199999,601.4200
1623422718720000,1,0.00000001,601.4200
1623422749926000,0,5.50000000,601.8700
1623422750016000,0,2.33096000,601.8700
1623423169546000,1,2.54436023,601.0300
1623423169557000,1,1.56615767,601.0200
1623423169874000,1,7.41884233,601.0200
1623423212048000,1,3.00000000,600.5500
1623423215320000,1,0.15600000,600.5500
1623423295349000,0,0.50000000,600.8000
1623423335180000,0,0.60398557,600.5700
1623423475659000,0,2.49898000,600.6000
1623423625606000,1,0.47509815,600.0000
1623423626229000,0,0.60412268,600.2500
1623423626321000,0,1.00000000,600.2500
1623423636076000,1,1.52490000,600.0000
1623423636285000,1,0.00000185,600.0000
1623423640255000,1,0.28896149,598.9600
1623423640459000,1,0.26356620,598.9400
1623423640476000,1,0.38200000,598.9400
1623423642074000,0,2.50480000,599.2800
1623423646732000,0,0.00000431,599.2800
1623423646732000,0,2.50480431,599.2800
1623423658249000,0,2.45100000,599.2700
1623423750933000,1,1.45658000,598.8300
1623423762690000,1,9.26400000,598.4700
1623423771767000,1,3.25500000,598.2600
1623423855036000,0,0.60492295,598.1600
1623423857492000,0,2.08000000,598.1000
1623423857492000,0,0.07605869,598.1200
1623423857492000,0,1.29431390,598.1300
1623423865979000,0,0.48550000,596.8700
1623423933444000,0,0.48260000,597.0000
1623424021702000,0,0.12231729,596.9300
1623424025108000,0,20.80000000,596.9800
1623424042818000,0,0.48450000,598.1100
1623424133733000,0,3.36140000,596.7400
1623424134931000,0,0.00000319,596.7400
1623424134931000,0,0.16189681,597.1500
1623424185415000,1,4.49310852,596.0400
1623424185415000,1,5.90689148,596.0400
1623424248414000,0,0.46900000,597.3700
1623424304392000,0,0.16180000,597.0500
1623424324477000,0,3.00000000,597.4100
1623424324566000,0,1.69250000,597.4100
1623424376571000,0,0.08090000,597.2200
1623424440099000,0,3.50000000,596.8000
1623424440191000,0,3.50000000,596.8000
1623424526996000,1,0.15400000,596.7300
1623424526996000,1,2.53514883,596.7100
1623424570274000,1,3.00000000,596.5800
1623424637221000,1,0.22319011,595.0000
1623424637227000,1,0.27680989,595.0000
1623424668958000,1,4.23394000,594.1200
1623424669051000,1,4.00000000,594.1200
1623424669136000,1,3.46806000,594.1200
1623424677618000,1,4.11100000,593.7600
1623424677981000,1,2.50223149,593.3900
1623424679710000,0,4.48059780,593.3200
1623424679710000,0,0.11511631,593.3300
1623424679956000,0,0.92428589,593.3400
1623424701571000,0,2.08000000,594.8000
1623424862604000,0,2.52087000,595.4000
1623425046508000,0,0.71600429,592.8100
1623425046532000,0,1.78998416,592.8200
1623425057984000,0,8.55090000,593.6800
1623425060005000,1,0.16200000,593.3000
1623425165029000,0,0.10590000,592.9500
1623425165601000,0,0.52950000,592.9500
1623425195374000,0,2.52760000,593.9400
1623425217666000,1,0.25500000,593.3800
1623425218261000,1,0.23500000,593.2300
1623425255507000,1,0.20200000,593.3100
1623425348451000,0,2.53086000,593.0300
1623425352990000,0,2.52970000,593.3100
1623425353805000,0,0.00000340,593.3100
1623425353805000,0,2.52969660,593.3100
1623425356465000,0,1.13870000,594.1200
1623425472322000,0,2.52794000,593.7600
1623425547788000,1,0.21400000,594.3200
1623425572141000,0,2.52514000,594.4100
1623425613598000,1,2.83800000,594.2400
1623425623462000,0,0.00000347,594.4100
1623425623462000,0,2.52473653,594.4500
1623425689652000,1,4.29966000,594.6100
1623425689653000,1,3.85900000,594.6100
1623425689696000,1,0.17900000,594.5900
1623425737906000,1,2.64310044,594.3500
1623425739839000,1,5.00000000,594.3500
1623425740490000,1,10.40000000,594.1900
1623425740661000,1,0.27800000,594.1900
1623425780999000,1,2.08000000,592.6900
1623425812767000,0,2.53270000,592.5700
1623425941232000,0,0.58597725,593.1700
1623425941232000,0,0.58581114,593.1700
1623425941380000,0,2.00000000,593.3600
1623425941621000,0,1.46689327,593.3600
1623425941755000,0,0.58597724,593.4000
1623425941799000,0,0.00000001,593.4000
1623425941842000,0,0.58597724,593.3600
1623425941844000,0,0.00079217,593.3600
1623425981914000,1,0.16100000,593.2600
1623426114177000,1,0.63794165,592.8500
1623426114177000,1,1.60242116,592.8000
1623426114215000,1,1.49000000,592.7300
1623426114231000,1,2.65669066,592.7300
1623426114502000,1,0.17359762,592.4400
1623426114622000,1,1.90640238,592.4400
1623426122139000,1,2.08000000,591.3300
1623426136716000,1,2.08000000,590.3100
1623426136904000,1,0.26700000,590.2900
1623426136981000,1,0.34104079,590.2900
1623426136981000,1,1.53226624,590.2000
1623426138369000,1,10.00000000,590.0000
1623426162643000,0,2.54166000,590.7600
1623426251191000,1,2.08000000,591.7500
1623426251639000,1,0.83887724,591.7300
1623426427521000,0,0.08470000,593.4200
1623426497508000,1,8.50000000,592.7100
1623426497585000,1,1.06300000,592.7100
1623426497585000,1,6.11400000,592.7100
1623426528716000,1,0.51957955,591.9300
1623426528778000,1,0.85139490,591.9300
1623426572798000,0,2.53904000,591.1300
1623426598673000,0,2.08000000,591.1100
1623426602274000,0,0.10790000,591.1100
1623426666355000,0,0.00000163,591.1300
1623426666355000,0,0.15199837,591.3700
1623426682305000,0,2.08000000,591.5500
1623426686287000,0,2.08000000,591.9900
1623426723249000,1,0.16000000,590.6400
1623426817832000,0,3.82692000,592.6400
1623426817912000,0,3.00000000,592.6400
1623426900860000,1,2.08000000,591.1100
1623426903346000,1,0.28516872,590.2000
1623426928609000,0,0.06860000,592.1200
1623426981467000,0,2.08000000,592.9100
1623426997419000,1,0.17000000,592.6000
1623426998485000,1,0.15700000,592.4500
1623427072266000,1,0.40480000,592.7800
1623427182495000,1,6.17300000,591.7200
1623427182568000,1,1.76964000,591.7200
1623427183149000,1,1.68999000,591.3700
1623427183236000,1,0.39001000,591.3700
1623427183628000,1,0.67611000,591.2600
1623427190308000,0,2.53721000,591.5800
1623427204364000,1,2.53540000,591.1900
1623427204609000,1,8.94400000,591.1000
1623427216342000,1,3.01146000,590.3100
1623427216477000,1,2.50000000,590.3100
1623427227765000,0,0.09400000,590.7600
1623427236814000,0,2.08000000,590.6300
1623427237108000,0,0.04000000,591.1100
1623427245495000,0,2.08000000,591.6300
1623427248610000,0,2.08000000,592.0500
1623427300076000,0,2.08000000,592.4800
1623427300435000,0,2.08000000,592.7200
1623427394550000,1,1.71439097,593.6100
1623427394801000,1,1.04560902,593.6100
1623427394943000,1,0.00000001,593.6100
1623427395218000,1,1.38185101,593.4400
1623427395369000,1,2.80800000,593.4400
1623427395401000,1,1.41504191,593.4400
1623427395418000,1,4.78010708,593.4400
1623427396894000,1,2.08000000,592.7800
1623427398203000,1,2.08000000,592.3200
1623427501669000,0,0.27601165,593.2400
1623427501669000,0,0.09069998,593.2700
1623427501689000,0,0.59932915,593.2700
1623427501870000,0,0.34117991,593.2800
1623427501920000,0,1.45284901,593.2800
1623427504059000,1,2.08000000,593.3000
1623427504482000,1,0.09375000,593.2400
1623427504900000,1,2.08000000,593.2600
1623427505228000,0,4.81853754,593.7200
1623427505228000,0,15.98146246,593.7400
1623427511009000,1,2.08000000,592.6400
1623427614056000,0,2.08000000,593.7900
1623427614429000,0,0.14387470,593.7500
1623427614429000,0,1.11664499,593.7600
1623427614508000,0,0.96335501,593.7600
1623427686641000,1,0.04220000,593.7600
1623427706144000,0,0.08140000,593.1800
1623427718952000,0,0.13745000,593.0700
1623427720017000,0,0.04220000,593.2000
1623427720406000,0,2.48799000,593.2000
1623427848385000,0,2.53259000,592.5700
1623427877213000,0,0.00000868,593.2000
1623427911699000,0,0.16300000,592.5900
1623427951072000,0,0.14670000,592.3700
1623427972790000,0,2.48273717,592.4200
1623427984128000,0,2.53252000,592.6500
1623428016877000,1,4.97620000,592.3000
1623428234995000,0,4.71143000,591.2900
1623428235423000,0,7.14842000,591.3000
1623428296084000,1,3.00000000,590.9200
1623428323989000,0,0.16340000,591.0500
1623428360800000,0,2.08000000,590.8100
1623428500550000,0,2.54464000,589.9700
1623428623221000,0,0.16370000,589.9500
1623428705166000,1,2.27450000,589.0200
1623428705188000,1,2.34326557,589.0200
1623428710936000,0,0.41682914,589.1200
1623428722502000,0,2.55100000,588.3800
1623428764262000,0,2.55045000,588.4300
1623428802222000,1,7.22609000,587.1800
1623428806281000,1,0.09656250,586.2400
1623428842394000,0,0.11000000,587.7700
1623428842517000,0,0.00080000,587.7700
1623428845536000,0,0.08860000,588.3000
1623428848173000,0,0.00000139,588.4300
1623428848173000,0,0.41999861,588.4300
1623428859007000,0,0.05670000,588.2100
1623428860689000,0,2.08000000,588.5000
1623428924859000,0,0.55879000,588.5000
1623428982286000,1,0.15300000,587.9000
1623428984922000,1,0.18100000,587.7500
1623428985786000,1,0.19300000,587.6000
1623428990257000,0,0.00000136,588.5000
1623428990257000,0,0.09099864,588.5200
1623428990896000,0,0.00087636,588.5200
1623428991355000,0,0.09600000,588.6500
1623428991768000,0,0.00056250,588.6500
1623428992310000,0,0.09375000,588.7800
1623428996311000,1,2.07999999,589.1600
1623428996355000,1,0.00000001,589.1600
1623429089769000,1,2.08000000,586.6800
1623429483501000,1,0.15200000,586.7900
1623429538821000,0,0.22230000,586.5900
1623429560577000,1,0.27894992,584.1600
1623429560603000,1,0.45471872,584.1600
1623429560620000,1,0.78500085,584.1600
1623429560663000,1,0.56133051,584.1600
1623429561465000,1,1.74738472,583.9600
1623429561515000,1,0.27991193,583.9600
1623429561534000,0,0.20560000,584.4200
1623429564256000,0,0.06423324,584.4000
1623429564256000,0,0.06423324,584.4100
1623429565716000,0,2.08000000,584.6900
1623429650710000,0,0.25420000,584.2400
1623429743714000,0,2.08000000,584.1100
1623429797106000,1,0.50848649,584.0200
1623429876902000,0,2.56689000,584.8000
1623429881866000,0,0.05200000,585.0700
1623429904694000,1,21.00000000,584.8200
1623429904809000,1,0.34897336,584.8200
1623429904940000,1,10.40000000,584.8200
1623429905031000,1,10.40000000,584.8200
1623429905061000,1,0.63860380,584.8200
1623429905110000,1,8.47851284,584.8200
1623429918496000,1,2.08000000,584.4400
1623429918496000,1,2.00000000,584.4300
1623429918496000,1,9.36258734,584.4200
1623429918496000,1,0.46956878,584.4100
1623429918496000,1,1.08784388,584.4000
1623430083353000,0,2.08000000,585.1100
1623430100579000,0,0.73069984,586.3200
1623430100604000,0,0.29776032,586.3200
1623430147626000,1,2.55984965,585.5800
1623430147942000,1,0.36423941,585.2900
1623430147942000,1,0.38317254,585.2900
1623430147997000,1,2.14588200,585.2200
1623430148031000,1,0.22258814,585.2200
1623430148294000,0,8.07740000,585.5400
1623430148365000,0,2.00000000,585.5300
1623430148365000,0,5.99749319,585.5500
1623430148365000,0,0.17010681,585.5600
1623430156040000,0,2.08000000,585.5100
1623430633878000,0,0.07750000,585.8000
1623430803484000,0,0.08260000,584.0600
1623430808735000,1,1.33147638,583.2300
1623430812514000,0,0.80100000,582.5800
1623430812586000,0,6.23351408,582.5800
1623430831196000,0,2.70969000,582.7800
1623430831237000,0,0.00000336,582.7800
1623430831404000,1,0.09375000,582.7800
1623430831504000,0,5.54461000,582.7800
1623430832747000,0,0.00000104,582.7800
1623430864714000,0,0.57940000,583.5700
1623430921799000,0,0.50970000,584.4300
1623430922262000,0,0.00000137,584.4300
1623430951349000,0,2.76508000,584.6000
1623430951361000,0,0.00000259,584.6000
1623430976087000,0,1.00000000,585.2600
1623430981351000,0,6.95322000,584.6500
1623430981375000,0,0.00000357,584.6500
1623430981655000,0,12.28747000,584.6500
1623430981668000,0,0.00000868,584.6500
1623430983386000,0,4.45985000,584.6500
1623430983406000,0,0.00000213,584.6500
1623431009933000,0,4.01500000,584.7900
1623431023204000,0,8.15200000,585.2600
1623431023612000,1,0.09468750,585.1100
1623431023612000,1,2.08000000,585.0000
1623431023612000,1,0.09281250,584.9800
1623431023622000,0,1.44263203,584.9000
1623431042044000,1,2.08000000,585.2600
1623431042044000,1,3.47403305,585.2500
1623431071353000,0,6.32304000,585.2500
1623431071364000,0,0.00000029,585.2500
1623431105166000,0,0.08496431,587.0700
1623431224870000,0,2.56161000,585.8700
1623431284422000,1,10.00000000,586.0000
1623431482564000,0,0.14840000,585.8300
1623431521436000,0,2.30440000,586.1000
1623431638782000,0,2.00000000,586.8100
1623431653415000,0,0.08230000,586.8700
1623431894825000,0,9.63800000,587.8100
1623431917501000,0,0.06570000,588.0100
1623431918619000,0,3.32030000,588.0100
1623431929225000,0,7.97200000,588.2100
1623431956336000,0,0.05722109,588.2200
1623431979018000,1,8.61523927,587.8300
1623431987290000,1,4.93014884,587.6300
1623431987290000,1,2.55094232,587.6200
1623431987290000,1,0.69244448,587.5400
1623431987290000,1,0.43367350,587.5400
1623431995545000,1,2.08000000,588.0300
1623431995545000,1,2.72706142,588.0200
1623431995545000,1,4.53425151,588.0100
1623432003781000,1,2.08000000,587.9200
1623432003781000,1,2.54946362,587.9000
1623432003781000,1,4.73017457,587.7700
1623432074221000,1,0.67646000,587.9000
1623432074815000,1,1.69119000,587.6400
1623432075274000,1,0.67680465,587.6400
1623432279440000,0,2.08000000,588.5700
1623432279440000,0,4.50015924,588.5900
1623432326459000,0,2.08000000,587.3000
1623432342343000,1,1.00000000,587.3000
1623432601528000,1,0.59240495,585.6400
1623432601528000,1,1.48101858,585.6400
1623432601899000,1,3.85182833,585.4600
1623432798664000,0,9.19300000,586.2200
1623432833507000,0,4.52800000,586.4400
1623432834296000,0,0.07000000,587.3200
1623432834391000,0,0.17597601,587.3200
1623432834391000,0,0.61497147,587.3200
1623432836144000,1,0.09187500,587.5700
1623432837508000,1,0.09375000,587.5300
1623432842455000,1,2.08000000,586.8000
1623433023017000,1,2.55611000,586.4900
1623433329130000,0,2.55630000,587.1100
1623433333511000,0,0.00008710,587.1100
1623433333511000,0,2.55631290,587.1100
1623433345607000,1,0.63829000,586.6100
1623433356634000,0,0.15640000,586.8700
1623433393761000,0,9.39500000,586.9000
1623433395283000,0,2.49700000,586.9000
1623433449063000,0,0.00007420,587.1100
1623433816128000,1,0.10233363,586.9000
1623433951865000,1,2.00000000,586.3800
1623433968388000,1,0.65707000,586.1600
1623433968526000,1,0.65709098,586.1600
1623433968602000,1,0.34200000,586.1300
1623433968610000,1,0.31507076,586.1300
1623433968690000,1,0.65710212,586.1000
1623434018551000,1,0.09375000,586.3400
1623434018591000,1,0.54024632,586.3400
1623434018591000,1,1.58490126,586.3400
1623434018821000,1,1.21500000,586.2000
1623434292321000,1,0.29200000,585.6800
1623434363230000,0,0.03828076,586.0300
1623434425755000,1,0.20300000,585.5900
1623434427802000,1,0.18500000,585.4400
1623434435104000,1,0.20900000,585.3300
1623434437501000,1,0.20300000,585.1800
1623434446937000,1,0.22900000,585.0300
1623434448354000,1,0.17000000,584.8800
1623434448641000,1,0.22500000,584.7300
1623434459302000,1,0.22900000,584.5800
1623434471796000,1,1.34547000,583.5700
1623434483097000,0,1.81901000,584.2900
1623434483129000,0,0.00000946,584.2900
1623434487373000,0,4.47200000,584.4900
1623434487496000,0,0.00001197,584.4900
1623434627049000,0,0.08250000,585.1700
1623434627595000,0,6.27320000,585.1700
1623434633379000,0,7.59900000,585.1800
1623434829575000,1,0.41248000,583.7600
1623434829738000,1,0.00000998,583.7600
1623434829830000,1,0.41239537,583.6900
1623434829905000,1,0.41248998,583.7000
1623434830082000,1,2.68060000,583.5700
1623434924715000,0,0.16560000,583.2300
1623434926422000,0,2.40725832,583.2300
1623434926422000,0,6.61994168,583.2300
1623434926454000,0,0.00005832,583.2300
1623434926626000,0,9.50000000,583.4200
1623434926699000,0,0.85400000,583.4200
1623434999871000,0,1.58839540,584.6500
1623434999871000,0,3.97088949,584.6500
1623435000335000,0,1.58839540,584.9200
1623435000421000,0,3.97088949,585.0700
1623435001048000,0,2.08000000,585.4400
1623435005779000,1,6.60552000,585.1700
1623435011410000,0,2.56381229,585.7100
1623435185342000,0,1.00000000,585.1900
1623435232443000,1,4.58000000,584.5000
1623435232466000,1,5.42000000,584.5000
1623435252754000,1,4.76326082,583.6800
1623435323242000,0,2.57186670,583.5600
1623435325697000,0,0.79363084,584.3100
1623435325697000,0,1.98405916,584.3100
1623435398059000,0,2.56810000,584.7300
1623435416276000,0,4.76971488,585.2100
1623435416276000,0,8.67217938,585.2300
1623435416276000,0,0.01084760,585.2400
1623435431710000,0,2.50296687,585.2400
1623435435196000,0,1.00482663,585.4700
1623435435200000,0,1.55828555,585.4700
1623435469500000,0,0.36280000,585.7900
1623435489493000,1,4.50000000,585.4800
1623435489733000,1,3.58146000,585.4800
1623435520138000,0,6.30800000,585.7100
1623435564060000,0,6.00000000,585.9800
1623435564167000,0,3.86600000,585.9800
1623435788265000,0,0.63908734,585.2900
1623435865202000,0,0.20120000,585.7900
1623435875762000,1,1.34683000,585.3200
1623436065889000,0,0.27240000,585.1200
1623436141428000,0,0.82922690,584.0400
1623436141525000,0,2.76654620,584.0400
1623436141682000,0,0.82922690,584.0400
1623436200627000,1,4.97330000,583.5700
1623436235628000,1,2.08000000,582.1700
1623436235726000,1,0.03600670,582.1400
1623436242667000,0,10.40000000,582.4400
1623436362699000,0,0.80000000,582.4100
1623436375385000,0,2.57481791,582.8600
1623436375385000,0,1.82977324,582.8600
1623436383797000,0,4.55287000,582.9500
1623436418225000,0,2.59124779,583.8200
1623436420919000,0,6.03973000,583.8300
1623436421071000,0,6.00000000,583.8300
1623436421151000,0,4.96927000,583.8300
1623436438304000,0,3.42479007,583.8900
1623436438361000,0,3.03073000,583.8900
1623436438469000,0,3.50000000,583.8900
1623436438493000,0,1.26634267,583.8900
1623436438509000,0,4.17550824,583.8900
1623436438555000,0,0.61605859,583.8900
1623436438589000,0,3.42020762,583.8900
1623436438590000,0,1.99000000,583.8900
1623436438673000,0,4.00000000,583.8900
1623436438676000,0,1.17936281,583.8900
1623436438676000,0,0.29363719,584.0400
1623436438719000,0,0.70636281,584.0400
1623436438751000,0,2.54340000,584.1400
1623436463189000,1,1.00000000,584.1400
1623436501592000,1,2.50000000,584.9300
1623436518287000,0,1.09630527,585.4300
1623436578008000,0,0.58941484,585.6800
1623436578008000,0,1.04317388,585.6800
1623436578010000,0,0.06787309,585.6800
1623436578023000,0,0.36253979,585.6800
1623436578242000,0,3.00000000,585.7800
1623436578319000,0,0.83115715,585.7800
1623436618353000,1,3.50000000,586.5400
1623436618424000,1,0.70124986,586.5200
1623436618567000,1,0.49538834,586.4100
1623436618613000,1,0.20583524,586.4100
1623436618812000,1,3.42630663,586.3800
1623436800689000,1,0.62834000,586.0800
1623436800795000,1,0.00000623,586.0800
1623436800795000,1,1.57086377,586.0200
1623436801285000,1,0.62834623,586.0000
1623436913709000,0,0.82620000,584.6000
1623436983921000,0,0.33090000,584.4600
1623437044585000,1,2.08000000,582.7200
1623437264288000,0,0.09100000,584.1700
1623437264396000,0,0.34500000,584.2500
1623437411373000,1,2.56040000,585.3900
1623437411423000,1,0.00000301,585.3900
1623437411961000,1,2.53350000,585.2500
1623437476567000,0,0.05000000,586.0000
1623437711187000,0,1.33000000,587.4000
1623437712003000,0,0.09562500,587.5200
1623437713258000,0,0.09281250,587.7400
1623437715329000,1,2.07999999,588.3000
1623437721232000,1,1.24060000,587.4600
1623437721237000,1,8.75940000,587.4600
1623437722521000,0,2.08000000,587.6200
1623437765784000,1,4.67639000,587.3400
1623437765931000,1,3.71395000,587.3500
1623437954939000,0,0.04161522,588.8300
1623438002886000,1,2.08000000,588.6700
1623438028125000,1,0.44098169,588.6100
1623438028125000,1,1.10238831,588.6000
1623438033007000,0,16.00492203,588.6000
1623438060924000,1,7.00000000,588.2200
1623438060945000,1,1.82100094,588.2200
1623438060946000,1,2.08000000,588.2200
1623438060954000,1,1.75817049,588.2200
1623438156532000,0,0.74731000,587.4500
1623438158945000,0,0.00000780,587.4500
1623438196915000,1,4.72586000,587.0800
1623438197125000,1,0.00000102,587.0800
1623438197125000,1,4.49999898,587.0700
1623438331423000,0,2.50545941,587.1000
1623438331676000,0,0.05113182,587.1000
1623438613332000,1,2.08000000,586.3400
1623438613737000,1,0.41411000,586.1900
1623438613905000,1,0.00000384,586.1900
1623438862433000,0,0.16480000,586.0400
1623438917221000,0,0.90560000,586.9300
1623438919830000,0,0.62883000,586.9300
1623438999643000,0,1.29477431,585.9900
1623440032797000,0,0.65780000,587.3800
1623440200921000,1,2.08000000,586.3600
1623440200921000,1,0.07587272,586.3400
1623440228445000,0,0.06750000,586.2900
1623440400873000,1,0.50702608,585.3500
1623440427192000,1,0.50485892,584.9100
1623440427192000,1,0.50469505,584.9100
1623440427192000,1,0.03905905,584.9100
1623440427472000,1,0.50233386,584.8500
1623440427472000,1,0.50469505,584.8500
1623440427472000,1,12.40000000,584.8400
1623440485949000,1,2.08000000,585.4300
1623440627353000,1,0.32868456,585.7300
1623440627385000,1,2.23122800,585.7300
1623440657943000,0,0.16510000,585.1200
1623440756551000,0,2.08000000,584.9000
1623440756551000,0,0.42143000,584.9200
1623441138303000,0,0.09930000,583.7500
1623441245909000,0,0.06610000,584.4400
1623441418923000,0,0.09910000,584.8500
1623441455567000,0,0.08433416,584.5400
1623441605227000,1,0.16000000,584.3300
1623441606536000,1,0.16700000,584.1800
1623441645202000,0,2.57170000,583.6300
1623441677511000,1,0.23200000,583.3300
1623441720986000,0,4.34540767,583.7100
1623441728550000,0,8.07499908,583.8700
1623441776035000,0,1.53701095,584.2600
1623441801559000,0,0.16540000,584.2000
1623441934123000,0,0.08260000,584.5800
1623442021238000,1,0.22000000,584.3000
1623442157610000,0,2.56412000,585.4100
1623442157657000,0,0.00000978,585.4100
1623442214529000,0,0.08250000,585.3900
1623442215411000,0,2.48140000,585.3900
1623442249894000,0,0.00001289,585.3900
1623442259493000,1,1.99000000,585.1600
1623442334014000,0,2.51170007,585.6100
1623442499100000,1,0.35400000,587.1300
1623442499109000,1,0.00013076,587.1300
1623442558723000,0,0.08210000,588.8000
1623442637066000,1,0.21000000,588.2400
1623442643945000,1,0.17200000,588.0900
1623442645459000,1,0.50000000,588.0000
1623442645772000,1,0.18400000,587.9400
1623442646916000,1,0.23100000,587.7900
1623442659596000,1,0.04800000,588.0000
1623442680898000,1,1.64159096,586.9800
1623442680945000,1,3.99753510,587.0000
1623442680994000,1,1.70838923,586.9600
1623442680994000,1,0.37161077,586.9600
1623442681014000,1,0.31175034,586.9600
1623442725969000,1,0.66200000,586.5600
1623442903902000,1,1.98515774,585.3900
1623442903927000,1,0.09484226,585.3900
1623442903927000,1,7.23059424,585.3700
1623442903927000,1,4.61054424,585.3600
1623442903927000,1,0.81257482,585.3500
1623442965452000,1,0.08910684,584.8100
1623442976803000,1,1.00000000,584.8000
1623443063233000,0,0.16520000,584.7100
1623443068923000,0,2.08000000,584.7600
1623443068923000,0,23.66636088,584.8600
1623443068923000,0,2.00000000,584.8600
1623443068923000,0,4.66059483,584.8700
1623443068923000,0,10.36139972,585.0400
1623443069803000,1,13.67400000,584.5200
1623443069803000,1,2.08000000,584.5000
1623443070313000,1,4.94947109,584.4400
1623443070313000,1,8.24049579,584.4300
1623443070405000,1,2.56566146,584.4600
1623443329745000,0,0.16460000,586.9900
1623443524960000,0,0.63400000,588.3500
1623443565972000,1,0.16909838,588.0100
1623443975132000,0,0.08230000,586.5900
1623443995646000,1,0.19200000,586.2800
1623444005706000,0,2.55960000,586.3900
1623444097691000,0,2.55764000,586.6800
1623444098591000,0,0.00000208,586.6800
1623444099576000,0,0.09880000,587.1800
1623444277136000,1,1.72972886,585.0000
1623444301286000,1,1.84065749,585.0100
1623444305917000,1,5.18849756,585.2200
1623444366422000,0,0.49450000,586.1000
1623444578889000,1,0.15400000,585.5600
1623444666322000,1,1.84186422,585.7200
1623444668275000,1,1.76715836,585.7600
1623444729525000,1,0.65515601,584.7400
1623444729582000,1,1.63820000,584.7100
1623444729685000,1,0.00003700,584.7100
1623444824156000,1,1.76457476,584.8300
1623444881113000,0,0.20660000,584.5500
1623444886172000,1,10.40000000,583.9800
1623444907162000,0,1.88642000,584.6800
1623444907274000,0,0.00000436,584.6800
1623444982798000,1,0.16400000,584.0100
1623444989764000,1,0.16200000,583.8600
1623445009056000,0,0.07280000,583.6600
1623445141537000,0,0.49000000,582.9800
1623445141950000,0,0.50000000,583.0000
