timestamp ms,type,amount,price
1625961673748000,1,3.01604497,497.7500
1625961673780000,1,4.10025526,497.7500
1625961673814000,1,0.37374129,497.7500
1625961673821000,1,2.48595848,497.7500
1625961673927000,1,0.92302991,497.5700
1625961674306000,1,11.09000000,497.5700
1625961677312000,1,2.02754000,497.5700
1625961677691000,1,1.14617837,497.5700
1625961677794000,1,0.29667666,497.5700
1625961678149000,1,0.12057506,497.5700
1625961874639000,0,0.22310000,497.8100
1625961878041000,1,1.20790000,496.7800
1625961878159000,1,1.00700000,496.7800
1625961878496000,1,1.62374975,496.7800
1625962035558000,0,0.52460000,497.2100
1625962045426000,0,3.04862000,497.2400
1625962285266000,0,0.10050000,500.0200
1625962359237000,0,0.09650000,500.2500
1625962408299000,0,1.51000000,500.2400
1625962605544000,0,3.02754490,501.0000
1625962621943000,1,4.44900000,500.4700
1625962718489000,1,6.00000000,500.3100
1625962718549000,1,4.00000000,500.3100
1625962718605000,1,6.73600000,500.3100
1625962798142000,1,1.13035052,499.2300
1625962798143000,1,6.86764948,499.2300
1625963161591000,0,4.00000000,496.9800
1625963198628000,0,5.40311000,497.2400
1625963222590000,0,0.19420000,497.4200
1625963247888000,0,0.12620000,497.4000
1625963399757000,0,3.85179000,497.1900
1625963461375000,0,3.02061000,497.0200
1625963587400000,0,3.01924000,497.2300
1625963717221000,0,3.02010000,497.0800
1625963779728000,0,0.00000058,497.0800
1625963950501000,0,0.33180000,497.6200
1625964163510000,1,3.02117800,497.4500
1625964163555000,1,0.89470000,497.4600
1625964163662000,1,0.73500000,497.4500
1625964163688000,1,2.14176324,497.4500
1625964163719000,1,0.23860943,497.4600
1625964173399000,1,0.47163000,497.4500
1625964179777000,1,10.51242000,497.4500
1625964179802000,1,0.00000876,497.4500
1625964179802000,1,15.98678586,497.3600
1625964179826000,1,3.01730000,497.3600
1625964179852000,1,4.89423000,497.3600
1625964179860000,1,0.44728000,497.3600
1625964179875000,1,2.06040414,497.3600
1625964220103000,0,3.01769000,497.4400
1625964264393000,0,0.08540000,497.9100
1625964648376000,0,0.10250000,499.4800
1625964778692000,0,8.06554655,499.8800
1625964778692000,0,2.46866416,499.9200
1625964834945000,1,0.53946364,498.8200
1625964834979000,1,0.22028342,498.8200
1625964929787000,0,3.00734000,499.2000
1625965075673000,1,2.99735166,498.9500
1625965076133000,1,4.52503000,498.9800
1625965076346000,1,3.04047557,498.9600
1625965076705000,1,0.80679500,498.9600
1625965076705000,1,8.72364834,498.9500
1625965076705000,1,4.11800000,498.9500
1625965076708000,1,0.33998015,498.8500
1625965076743000,1,3.01047059,498.8500
1625965077304000,1,1.16000000,498.6400
1625965281449000,0,0.07740000,499.4300
1625965573149000,1,4.66737287,498.0900
1625965573269000,1,2.47032596,498.0900
1625965869116000,0,7.00000000,498.8300
1625965891561000,0,1.93650000,498.8500
1625965981898000,0,0.07360000,499.0800
1625966117404000,1,0.40500000,498.6300
1625966261536000,1,0.32944600,499.0000
1625966261544000,1,0.43111798,499.0000
1625966324178000,1,0.75724207,498.5100
1625966370782000,1,2.80000000,498.1000
1625966370782000,1,7.00000000,498.0300
1625966370782000,1,0.73421071,498.0300
1625966647287000,1,0.19638000,499.5200
1625966884643000,0,2.99745000,500.8000
1625967174226000,0,0.07150000,500.0600
1625967403106000,0,0.05294000,500.5600
1625967403119000,0,0.00000071,500.5600
1625967613444000,1,2.80000000,501.7600
1625967694662000,1,0.11617999,500.3600
1625967694750000,1,0.00000001,500.3600
1625968109707000,1,0.16899999,499.5100
1625968109708000,1,0.00000001,499.5100
1625968111114000,1,0.18499999,499.3900
1625968111115000,1,0.00000001,499.3900
1625968121236000,1,0.15200000,499.2700
1625968468700000,1,0.10261000,499.8800
1625968531920000,0,0.19310000,500.3700
1625968692863000,0,0.27040000,500.0800
1625968715653000,1,1.20963188,499.5500
1625968715722000,1,1.23806998,499.5700
1625968843363000,0,0.13325207,500.2300
1625968907169000,1,0.13325207,499.8400
1625968924783000,0,0.38420000,500.3600
1625969079500000,0,0.13179130,500.3000
1625969182770000,1,0.13179130,500.0000
1625969589244000,1,0.09542000,499.9500
1625969861541000,0,0.08730000,498.1200
1625969997160000,0,0.47300000,498.3300
1625970166761000,1,0.68100000,497.9800
1625970167165000,1,0.61600000,497.8600
1625970167853000,1,0.56705129,497.7400
1625970167881000,1,0.19794871,497.7400
1625970224710000,1,0.12925031,497.3900
1625970224732000,1,0.23774969,497.3900
1625970224732000,1,0.39800000,497.2700
1625970226115000,1,0.45700000,497.1500
1625970233603000,1,0.40200000,497.0300
1625970233603000,1,0.43400000,496.9100
1625970233603000,1,3.89102926,496.8900
1625970233603000,1,2.28367252,496.8800
1625970342007000,0,6.46000000,497.3700
1625970402702000,0,3.80518000,497.5300
1625970554284000,0,0.35210000,497.7500
1625970816131000,0,0.58180000,498.1100
1625970882600000,1,0.25100000,497.8500
1625970883218000,1,0.23300000,497.7300
1625970901409000,1,0.22500000,497.6100
1625970909825000,1,0.11861000,497.5500
1625971321999000,0,3.01602984,497.7300
1625971321999000,0,2.79999016,497.7300
1625971356966000,0,0.49470000,497.9600
1625971621248000,0,1.29388000,498.2700
1625972052893000,0,0.07750000,498.5300
1625972137059000,1,0.09408999,498.1500
1625972137082000,1,0.00000001,498.1500
1625972244935000,0,0.62178431,496.6700
1625972281316000,1,2.05259162,496.4700
1625972375729000,0,0.07770000,497.5300
1625972427925000,1,1.51879560,497.2800
1625972616112000,1,3.81806517,497.7500
1625972616112000,1,7.31624996,497.6900
1625972616112000,1,0.53549340,497.5000
1625972616112000,1,9.40311002,497.5000
1625972616311000,1,0.23437500,497.4100
1625972616378000,1,1.10436926,497.4100
1625972616378000,1,0.53546974,497.3100
1625972616378000,1,2.97321481,497.2900
1625972616900000,1,0.53618299,496.8200
1625972616900000,1,1.28204944,496.8200
1625972616900000,1,0.61647148,496.8200
1625972622714000,0,0.64818423,496.4200
1625972625401000,0,0.64824745,496.4200
1625972643213000,0,11.40356000,496.4200
1625972643615000,0,2.39124382,496.7700
1625972643615000,0,6.73115618,496.7700
1625972643670000,0,9.40310000,496.7300
1625972679707000,0,0.61906065,496.3100
1625972732720000,0,0.45819636,495.8100
1625972736124000,0,0.09740000,495.8100
1625972759447000,0,0.19480000,495.8900
1625972891518000,0,0.23907894,495.5100
1625973066941000,0,0.09750000,495.3200
1625973618803000,0,0.16570000,495.4700
1625973967421000,0,0.29240000,495.5300
1625974129881000,1,0.21604999,494.4600
1625974129889000,1,0.00000001,494.4600
1625974214851000,0,8.06160000,494.6000
1625974217402000,0,2.80010000,494.6600
1625974591918000,0,0.39090000,494.2700
1625974638274000,0,0.07820000,494.4300
1625975029634000,0,2.80000000,493.9900
1625975147366000,1,0.35729146,493.4000
1625975148396000,1,0.68614736,493.2100
1625975148622000,1,0.30415475,493.2000
1625975148624000,1,1.15657301,493.2000
1625975148723000,1,0.45220752,493.1900
1625975148763000,1,0.33396889,493.2000
1625975148986000,1,0.50734448,493.2000
1625975149001000,1,1.83488165,493.2000
1625975172898000,1,2.91449366,492.6600
1625975172931000,1,2.63795230,492.6500
1625975172951000,1,0.88825230,492.6500
1625975173023000,1,0.76000000,492.6700
1625975173146000,1,0.26745837,492.6800
1625975193984000,1,0.63807783,492.4700
1625975193984000,1,2.42554872,492.4600
1625975409690000,1,0.35068870,493.3800
1625975468626000,0,0.34220000,493.9700
1625975720471000,1,0.10478000,492.6800
1625975802700000,1,0.33240333,492.3400
1625975802954000,1,0.83100832,492.2400
1625975803140000,1,1.53000000,492.1400
1625975803680000,1,2.49312145,492.0300
1625975803839000,1,1.26993815,492.0300
1625975915307000,1,0.31971148,491.6900
1625975958445000,0,3.97000000,492.7800
1625975958840000,0,11.29900000,492.8600
1625975959263000,0,9.40311000,492.8100
1625977246923000,1,0.10525000,491.9000
1625977606961000,0,3.98356983,491.7400
1625977606961000,0,14.30100000,491.7400
1625977606961000,0,9.14299017,491.7400
1625977607141000,0,0.00000983,491.7400
1625978148540000,1,0.20860000,491.8600
1625978218501000,1,1.47974862,491.7200
1625978386674000,0,0.44760000,492.0700
1625978431141000,0,0.10790000,492.4100
1625978651783000,0,0.17260000,492.6500
1625978831567000,0,1.58044000,492.3000
1625978831696000,0,0.00000864,492.3000
1625978831696000,0,13.12900000,492.3100
1625978831696000,0,4.61199136,492.3100
1625978831915000,0,0.00000864,492.3100
1625979328713000,0,0.07820000,494.3500
1625979382258000,0,0.82053669,494.1400
1625979406746000,1,0.09316000,493.8200
1625979455592000,0,0.44630000,493.5100
1625979487073000,1,0.29298683,493.2400
1625979487073000,1,0.52754986,493.2300
1625979863693000,0,0.10180000,493.6300
1625980012689000,0,17.00000000,493.2800
1625980012702000,0,8.20700000,493.2800
1625980014143000,0,0.30000000,493.2800
1625980015190000,0,8.55000000,493.2800
1625980047642000,1,0.25677000,493.1600
1625980126824000,0,0.00600000,493.2800
1625980749559000,1,0.10580720,494.3800
1625981421532000,0,10.95150000,494.7600
1625981421694000,0,4.82350000,494.7600
1625981421948000,0,0.52086629,494.7800
1625981422105000,0,1.72153042,494.7800
1625981422203000,0,1.27274464,494.7800
1625981422279000,0,1.78078263,494.7800
1625981422296000,0,4.50000000,494.7800
1625981422308000,0,0.52386704,494.7800
1625981422338000,0,0.28447928,494.7800
1625981422355000,0,0.35923716,494.7800
1625981422404000,0,0.30293591,494.7800
1625981422409000,0,1.29726501,494.7800
1625981422533000,0,1.18353632,494.7800
1625981422570000,0,0.26616414,494.7800
1625981422968000,0,4.06661000,494.7800
1625981423055000,0,3.50000000,494.7800
1625981423362000,0,0.50655940,494.7800
1625981423589000,0,0.55992545,494.7800
1625981423589000,0,1.05065908,494.7800
1625981423614000,0,0.69894520,494.7800
1625981423742000,0,0.27789203,494.7800
1625981461034000,1,0.17499000,494.3000
1625981632291000,0,0.10150000,494.9300
1625981821681000,0,2.35960256,494.6900
1625981821683000,0,2.18417712,494.6900
1625981827526000,0,3.67499000,494.6900
1625981827548000,0,5.59723032,494.6900
1625981827548000,0,3.67200000,494.6900
1625981898094000,0,2.80000000,494.6900
1625981898094000,0,3.03440997,494.7100
1625981898094000,0,1.65471656,494.7100
1625981898094000,0,2.39847073,494.7900
1625981898094000,0,2.00000000,494.8000
1625981898094000,0,0.61240274,494.8100
1625982330049000,1,0.17052552,494.9900
1625982330099000,1,0.42631381,494.8900
1625982465195000,0,2.90150000,495.2000
1625982465316000,0,3.50000000,495.2000
1625982473854000,0,3.04670460,495.2000
1625983035057000,0,0.12919000,494.7800
1625983035057000,0,4.37081000,494.7800
1625983035955000,0,0.29683905,494.7800
1625983035996000,0,0.46018379,494.7800
1625983036218000,0,0.48678765,494.7800
1625983038343000,0,0.07220000,494.7800
1625983040935000,0,0.34437161,494.7800
1625983130586000,0,0.09860000,494.5000
1625983224414000,0,3.50000000,494.7800
1625983224487000,0,0.38319768,494.7800
1625983224520000,0,4.50000000,494.7800
1625983224808000,0,0.64561022,494.7800
1625983224808000,0,0.75436970,494.7800
1625983224831000,0,4.07285958,494.7800
1625983224878000,0,2.59077072,494.7800
1625983585328000,1,0.29500000,494.8900
1625983591704000,1,0.35400000,494.7700
1625983739386000,1,3.00000000,494.8000
1625983739456000,1,4.00000000,494.8000
1625983931315000,1,3.00000000,494.9700
1625983989147000,0,0.09460000,495.2200
1625984180250000,1,0.20000000,494.7200
1625984206140000,1,0.19300000,494.5100
1625984272690000,1,0.19400000,494.3300
1625984277340000,1,0.20000000,494.2100
1625984280915000,1,0.16200000,494.0800
1625984303289000,1,0.17100000,493.9600
1625984568921000,0,1.95530000,494.0300
1625984641197000,1,0.16100000,493.4500
1625984703132000,0,0.09780000,493.7600
1625984750722000,1,0.16200000,493.2700
1625984901419000,0,17.22000000,493.5900
1625984903439000,0,15.10800000,493.5900
1625984903439000,0,15.92200000,493.5900
1625984962084000,0,0.00100000,493.5900
1625984962084000,0,0.17900000,493.7100
1625985297568000,1,0.15500000,492.3900
1625985434143000,0,0.23437500,491.8500
1625985439014000,0,3.30000000,491.8500
1625985451695000,0,0.00362500,491.8500
1625985451695000,0,8.34637500,491.9400
1625985461173000,0,1.72000000,491.9400
1625985465871000,0,0.00562500,491.9400
1625985500052000,0,0.06034000,492.2900
1625985774200000,0,0.07850000,492.0000
1625985802549000,0,0.18650000,491.9900
1625986281659000,1,0.28500000,490.9300
1625986285582000,1,0.36800000,490.8100
1625986430232000,1,0.21500000,490.6800
1625986506483000,1,0.15300000,490.5200
1625986651719000,0,0.09840000,490.7600
1625986768133000,0,3.45000000,490.7900
1625986775407000,0,0.05000000,490.7900
1625986775577000,0,6.53100000,490.7900
1625986777286000,0,0.11810000,490.8100
1625986787738000,0,0.02096000,490.8100
1625986787738000,0,15.68904000,490.8100
1625986801500000,1,7.50000000,490.5200
1625986801557000,0,2.51510000,490.5300
1625986803409000,1,0.64100000,490.5200
1625986819617000,0,0.23437500,490.4300
1625986820434000,0,40.66014561,490.4300
1625986820713000,0,0.23437500,490.4300
1625986821010000,0,3.66634400,490.4300
1625986825611000,1,3.68177000,490.3900
1625986825671000,1,4.45723000,490.3900
1625986832376000,1,0.23000000,490.2700
1625986832376000,1,6.71047690,490.1700
1625986834217000,1,0.23500000,490.1500
1625986834217000,1,6.70547690,490.1500
1625986834636000,0,3.21939825,490.2800
1625986855193000,0,5.70000000,490.2800
1625986932307000,0,3.80129723,490.2400
1625986932307000,0,1.90399277,490.2400
1625986932348000,0,0.00000723,490.2400
1625986932478000,0,0.46286115,490.4600
1625986932483000,0,3.03000000,490.4600
1625986932524000,0,0.37413885,490.4600
1625986933856000,0,0.66759077,490.4800
1625986933910000,0,0.25042186,490.4800
1625986934743000,0,0.45000000,490.4800
1625986936257000,0,0.00536353,490.4800
1625986937917000,0,2.76000000,490.6400
1625986962027000,0,0.00542095,490.6400
1625986976249000,0,3.43000000,490.8600
1625987001812000,0,0.00552094,490.8600
1625987005621000,0,4.05705440,491.0800
1625987019218000,0,4.89137421,491.2300
1625987033729000,0,0.24691161,491.8500
1625987076547000,0,3.28000000,491.1800
1625987078184000,0,0.00009071,491.1800
1625987096406000,0,0.15710000,491.9300
1625987096482000,1,2.80000000,491.4000
1625987096482000,1,4.14047690,491.3800
1625987153627000,0,0.15700000,492.1900
1625987159505000,0,2.04329149,492.2000
1625987254069000,1,0.16200000,491.5500
1625987373620000,0,0.30860000,491.4400
1625987413868000,0,0.10623850,490.2900
1625987557014000,1,3.89923000,489.6500
1625987831533000,0,4.09529453,489.8200
1625987831744000,0,0.64484000,489.8200
1625987831766000,0,0.45673153,489.8200
1625987831858000,0,6.43000000,489.8200
1625987832051000,0,3.97313394,489.8200
1625987832051000,0,0.17614000,489.8400
1625987876748000,0,0.46802844,490.4300
1625987878011000,0,2.01084997,490.4300
1625987878265000,0,3.00000000,490.4300
1625987878422000,0,0.00212159,490.4300
1625988041028000,0,4.04536456,491.3000
1625988181349000,0,0.10800000,492.0600
1625988278273000,1,0.15900000,491.3100
1625988458287000,0,8.15600004,491.2200
1625988475217000,0,3.05300000,491.2200
1625988477906000,0,0.24599996,491.2200
1625988477906000,0,5.64200000,491.2200
1625988686493000,1,3.04888000,491.5900
1625988701793000,1,3.01869000,491.0900
1625988702363000,1,3.91315000,491.0700
1625989021770000,0,0.18348000,492.0600
1625989021770000,0,0.03428281,492.0600
1625989021809000,0,0.59566200,492.0600
1625989021980000,0,2.47788576,492.0600
1625989021995000,0,2.39649839,492.0600
1625989022115000,0,0.63951627,492.0600
1625989022250000,0,1.88861875,492.0600
1625989022325000,0,1.99717191,492.0600
1625989022343000,0,0.49419220,492.0600
1625989022520000,0,1.99717191,492.0600
1625989096295000,0,0.09810000,492.4800
1625989175379000,0,2.11124471,492.5000
1625989175977000,0,0.85235921,492.5000
1625989176099000,0,0.36439608,492.5000
1625989431127000,1,0.49226012,491.9600
1625989431667000,1,0.42446911,491.9600
1625989467133000,0,1.14747986,492.6500
1625989706426000,0,3.02029953,492.3200
1625989834742000,0,1.59070000,492.3200
1625989836070000,0,0.00000047,492.3200
1625990293171000,0,0.07270000,491.8300
1625990396670000,0,0.19254000,492.0300
1625990845973000,0,0.18000000,491.0600
1625990962226000,0,2.59466422,491.0800
1625990966905000,0,0.25652095,491.0800
1625990968534000,0,1.46558013,491.0800
1625990968584000,0,2.11071570,491.0800
1625990968767000,0,0.24583538,491.0800
1625990968806000,0,1.93066379,491.0800
1625990968832000,0,0.48909656,491.0800
1625990968868000,0,0.76491352,491.0800
1625990968895000,0,0.63257911,491.0800
1625990969045000,0,0.56339056,491.0800
1625991016701000,0,0.07870000,491.0800
1625991147470000,0,0.18447000,491.3500
1625991147470000,0,1.84941122,491.3500
1625991175564000,0,4.50000000,491.3500
1625991175580000,0,13.55000000,491.3500
1625991175698000,0,1.02640000,491.3500
1625991175729000,0,3.45818878,491.3500
1625991175729000,0,3.54181122,491.3500
1625991175766000,0,3.06316262,491.3500
1625991175787000,0,1.96202616,491.3500
1625991226245000,0,1.00000000,491.0700
1625991600297000,1,1.02640000,492.6400
1625991611313000,0,6.99367855,493.1100
1625991695657000,0,0.19570000,493.6800
1625991776523000,0,0.93137377,493.6200
1625991776527000,0,2.47552312,493.6200
1625991776528000,0,2.10539101,493.6200
1625991776550000,0,0.52000000,493.6200
1625991781729000,0,1.45090065,493.6200
1625991790009000,0,1.15381145,493.6200
1625991790009000,0,1.34618855,493.6200
1625991790035000,0,0.81918200,493.6200
1625991790045000,0,1.63836401,493.6200
1625991790083000,0,1.63836401,493.6200
1625991799128000,0,0.07990143,493.6200
1625992035861000,1,0.47567369,494.6600
1625992036264000,1,0.47567369,494.6600
1625992281556000,1,7.35282000,495.0400
1625992629386000,0,3.29000000,494.2300
1625992631081000,0,0.82000000,494.2300
1625992631380000,0,3.60000000,494.2300
1625992631415000,0,0.23520000,494.2300
1625992632008000,0,0.33000610,494.2300
1625992632404000,0,5.59479000,494.2300
1625992636334000,0,0.00000390,494.2300
1625992636334000,0,8.85999610,494.2300
1625992668827000,0,0.00700390,494.2300
1625992845446000,0,0.35110000,495.1300
1625993007523000,1,0.65072819,495.2500
1625993038453000,0,2.03779983,495.6400
1625993038494000,1,0.65066473,495.3300
1625993038570000,0,0.20200000,495.6400
1625993047701000,1,0.65060127,495.4200
1625993162017000,1,0.58000000,495.8300
1625993275548000,0,2.80000000,495.5000
1625993275548000,0,9.64500000,495.5300
1625993275548000,0,4.75000000,495.5300
1625993275548000,0,2.80000000,495.5300
1625993275607000,1,8.00500000,495.5300
1625993872894000,0,0.61080000,495.0000
1625993903293000,0,3.73962066,495.0000
1625993903446000,0,1.01987276,495.0000
1625993903571000,0,0.62970658,495.0000
1625993903851000,0,0.62273398,495.2500
1625993986903000,0,0.07810000,495.0500
1625994113819000,1,0.27500000,495.2000
1625994115809000,1,0.13500000,495.2000
1625994117894000,1,0.14600000,495.0200
1625994118860000,1,0.17800000,495.0200
1625994120819000,1,0.12300000,494.8800
1625994121811000,1,0.15200000,495.0300
1625994122355000,0,0.30000000,495.3700
1625994126816000,1,0.45900000,495.2200
1625994128814000,1,0.16800000,495.2200
1625994130812000,1,0.11500000,495.2200
1625994131813000,1,0.17600000,495.2200
1625994133071000,1,3.50000000,495.2200
1625994133815000,1,0.10300000,495.2200
1625994135841000,1,0.13400000,495.2200
1625994136748000,1,4.00000000,495.2200
1625994136816000,1,0.22200000,495.2200
1625994136883000,1,4.50000000,495.2200
1625994138811000,1,0.18300000,495.0500
1625994140819000,1,0.18400000,495.0300
1625994402269000,1,9.40311000,494.4500
1625994402710000,1,3.07192220,494.4400
1625994445093000,0,5.52833000,494.6300
1625994446313000,0,1.51860000,494.6300
1625995104202000,1,0.15100000,494.6000
1625995136425000,0,0.44900000,494.9700
1625995136436000,0,1.12000000,494.9700
1625995136450000,0,1.23100000,494.9700
1625995136450000,0,1.79407315,494.9700
1625995136473000,0,0.58457834,494.9900
1625995372251000,0,1.82000000,495.2600
1625995378981000,0,18.45300000,495.2600
1625995378981000,0,0.13700000,495.2600
1625995383169000,0,9.84000000,495.2600
1625995383319000,0,0.00800000,495.2600
1625995707776000,1,0.06138643,496.0900
1625996249479000,1,0.23500000,495.8000
1625996396678000,0,0.06300000,496.1000
1625996397420000,0,0.23900000,496.2600
1625996497647000,1,0.17100000,495.7100
1625996776981000,0,0.17100000,494.7600
1625996777742000,0,0.62799000,494.7600
1625996849877000,0,0.00000500,494.7600
1625997772635000,0,1.44000000,495.2900
1625998241602000,0,0.07800000,495.3200
1625998666671000,0,0.48670000,496.2400
1625998827591000,0,2.80000000,496.4900
1625998827591000,0,1.31409289,496.5000
1625998827591000,0,3.90576531,496.5400
1625998827591000,0,3.02324248,496.5500
1625998827591000,0,7.98603039,496.6400
1625998827591000,0,0.09421958,496.6400
1625998827591000,0,2.39156230,496.7500
1625998827591000,0,3.98508705,496.7700
1625998872803000,1,2.80000000,496.0100
1625998872803000,1,3.93787051,495.9600
1625998872803000,1,8.84100317,495.8800
1625998872803000,1,7.72558074,495.8700
1625998872803000,1,2.19554558,495.8700
1625999155686000,1,0.20000000,495.8700
1625999663498000,0,0.12301499,494.4900
1626000390685000,0,3.03723639,494.2500
1626000621122000,0,2.80000000,494.3700
1626000621122000,0,4.05812368,494.3900
1626000621122000,0,7.76187632,494.4000
1626000625688000,0,1.71000000,494.3800
1626000637118000,0,1.09000000,494.3800
1626000639536000,0,2.80000000,494.3900
1626000641541000,0,2.80000000,494.3900
1626000673534000,0,2.98000000,494.4100
1626001043134000,0,0.07620000,494.4500
1626001058655000,0,0.09770000,494.5600
1626001080593000,0,2.93000000,494.5600
1626001090631000,0,3.03523275,494.6500
1626001157876000,1,7.78715618,494.1500
1626001185573000,0,2.80000000,494.3100
1626001189123000,0,2.80000000,494.4500
1626001189123000,0,7.86000000,494.4700
1626001202512000,0,3.03566513,494.5000
1626001204537000,0,2.80000000,494.7000
1626001213133000,0,3.03517283,494.7000
1626001213133000,0,3.02482717,494.7100
1626001215186000,0,3.02000000,494.7000
1626001224360000,0,3.03000000,494.9200
1626001275931000,0,0.07800000,495.2400
1626001319466000,1,3.71000000,494.5100
1626001319566000,1,0.00548761,494.5100
1626001404975000,1,0.31000000,494.0600
1626001405167000,1,0.72000000,494.0600
1626001454467000,1,6.44000000,494.0600
1626001673953000,0,3.83000000,494.2400
1626001674307000,0,0.00033929,494.2400
1626002048315000,1,3.85389000,493.6000
1626002182896000,0,4.01373779,494.1000
1626002184156000,0,2.95481572,494.1100
1626002185322000,0,2.80000000,494.0900
1626002185322000,0,0.06000000,494.1100
1626002195534000,0,0.00030236,494.1100
1626002195534000,0,3.02969764,494.1600
1626002410345000,0,3.00000000,493.9900
1626002684653000,0,3.01000000,494.2500
1626002748329000,0,7.76319450,494.8400
1626002748329000,0,3.05780550,494.8400
1626002748430000,0,0.00015261,494.8400
1626002748430000,0,3.03285312,494.9300
1626002748430000,0,8.07179427,494.9300
1626002849350000,0,0.97660000,494.5900
1626002935110000,1,2.45917641,494.2900
1626003033450000,0,3.03000000,494.6200
1626003159253000,1,3.95000000,494.2400
1626003223373000,1,1.03000000,494.0100
1626003223423000,1,1.03000000,494.0100
1626003524829000,0,0.39100000,494.0900
1626003609187000,0,2.80000000,493.6900
1626003610714000,0,0.29971943,493.7700
1626003625766000,0,2.80000000,493.7500
1626003626934000,0,2.68558630,493.7700
1626003627462000,0,0.05371172,493.7700
1626003628737000,0,0.00109616,493.7700
1626003628737000,0,3.03890384,493.7700
1626003641025000,0,2.80000000,493.7500
1626003641025000,0,0.00120977,493.7700
1626003641025000,0,3.03879023,493.7700
1626003666096000,0,2.80000000,493.7500
1626003673720000,0,0.00132338,493.7700
1626004062694000,0,0.05100000,493.5400
1626004089854000,0,2.80000000,493.5900
1626004097474000,0,2.80000000,493.5900
1626004101954000,0,3.70413031,493.6100
1626004101954000,0,3.06586969,493.6200
1626004104890000,0,3.06000000,493.6100
1626004126086000,0,0.00268506,493.6200
1626004140291000,0,2.80000000,493.6300
1626004142365000,0,1.63000000,493.6500
1626004142365000,0,3.03000000,493.6600
1626004249660000,0,0.53709362,493.7100
1626004249667000,0,1.07420120,493.7100
1626004249681000,0,1.07420120,493.7100
1626004260862000,0,3.05000000,493.7200
1626004668837000,0,0.38680000,494.4800
1626004808555000,0,9.40311002,494.7600
1626004808555000,0,6.26688998,494.7700
1626004866098000,1,1.56000000,494.5200
1626004866100000,1,7.84311002,494.5200
1626004916552000,1,4.09000000,494.2400
1626004916619000,1,0.00296554,494.2400
1626004923837000,1,1.50000000,494.1400
1626004923844000,1,6.03307132,494.1400
1626005008527000,0,1.00000000,494.1200
1626005226240000,0,3.87000000,494.0300
1626005228248000,0,3.04000000,494.0500
1626005248236000,0,3.03000000,493.9000
1626005334154000,1,0.08188382,493.5000
1626005436817000,0,3.00461593,493.9400
1626005437486000,0,2.99799627,494.0800
1626005437486000,0,0.67410788,494.0800
1626005570630000,0,0.36074235,493.9400
1626005594669000,0,3.05000000,493.7900
1626005631067000,1,4.02597894,493.4600
1626005631737000,1,3.46116544,493.3500
1626006011710000,1,0.05100000,493.3500
1626006165673000,0,0.73264887,493.2300
1626006229886000,0,3.04000000,493.0600
1626006247101000,0,3.31000000,493.1500
1626006359716000,0,1.94572365,493.2900
1626006377236000,0,1.06000000,493.3700
1626006434109000,0,0.47760000,493.5600
1626006842972000,0,0.64410000,494.9300
1626007047851000,0,7.84000000,494.7500
1626007384912000,0,1.00000000,494.7500
1626007426728000,1,3.80115000,494.7200
1626007489590000,1,2.57147651,494.2600
1626007533661000,0,3.03000000,494.3800
1626007588360000,1,1.05835501,493.6700
1626007588483000,1,2.98049499,493.6700
1626007620881000,0,3.04000000,493.7000
1626007623724000,0,0.00085259,493.7000
1626007623724000,0,3.03914741,493.8900
1626007625909000,0,0.00041316,493.8900
1626007762053000,0,0.19891000,493.7100
1626007797163000,0,2.84000000,493.7100
1626007802669000,0,0.00175602,493.7100
1626007929691000,0,3.04000000,493.7100
1626007939737000,0,0.00059538,493.7100
1626007939737000,0,3.04059538,493.7100
1626007939737000,0,2.99880924,493.8100
1626007962225000,0,2.97978347,493.7100
1626007962247000,0,0.06081191,493.7100
1626008062570000,0,3.03944293,493.8700
1626008070389000,0,7.65436203,494.2200
1626008070389000,0,3.03563797,494.2500
1626008104063000,0,0.00177711,494.2500
1626008104063000,0,3.02822289,494.2500
1626008174085000,0,0.09770000,494.2000
1626008257934000,0,3.03000000,494.3600
1626008331041000,0,0.21480000,494.7900
1626008406617000,0,2.00000000,494.5200
1626008825266000,1,7.89941000,493.0500
1626009507749000,0,2.75000000,493.2100
1626009764478000,0,0.08800000,493.9900
1626010029750000,0,1.33000000,495.1300
1626010116859000,0,0.23410000,495.3200
1626010338575000,0,0.36000000,494.8000
1626010390269000,0,0.08200000,494.8400
1626010427877000,0,3.62000000,495.0300
1626010427964000,0,3.03251387,495.0600
1626010428102000,0,5.78311002,495.0200
1626010469306000,1,3.98317000,494.5500
1626011216960000,0,0.08980000,494.9200
1626011231683000,0,3.67631123,494.9200
1626011481119000,0,1.09000000,496.7900
1626011481276000,0,2.83988329,496.7900
1626011481276000,0,7.96779265,496.8000
1626011481317000,0,3.92000000,496.7900
1626011483674000,1,2.80000000,496.4900
1626011483674000,1,0.91705746,496.4700
1626011543592000,0,0.09720000,496.7800
1626011609924000,1,0.62346079,496.7200
1626011619080000,1,0.64968486,496.8500
1626011689068000,1,0.64947536,497.2700
1626011714698000,1,0.46877465,497.6800
1626011733921000,1,0.16281097,497.9300
1626011797925000,1,0.20805695,498.1400
1626011834690000,0,6.79296743,499.6000
1626011845842000,1,3.20000000,499.0400
1626011845981000,1,3.74586241,499.0300
1626012120770000,0,0.57960000,500.0500
1626012260278000,0,0.35170000,499.9400
1626012382356000,1,4.21316328,498.5600
1626012540713000,1,2.34164000,498.3600
1626012546401000,0,3.01000000,498.5900
1626012546426000,0,0.00087072,498.5900
1626012548391000,0,2.98000000,498.7500
1626012562236000,0,2.04217230,498.8100
1626012562600000,0,0.25300000,498.9200
1626012563073000,0,0.23200000,499.0400
1626012563908000,0,0.19000000,499.1600
1626012590320000,1,0.65000000,498.6700
1626012720731000,0,3.01000000,498.3500
1626012720780000,0,0.00243347,498.3500
1626012721735000,0,3.01000000,498.3500
1626012723841000,0,0.00243347,498.3500
1626012723841000,0,3.00756653,498.3500
1626012728448000,0,0.00486694,498.3500
1626012728448000,0,2.97893468,498.4500
1626012728448000,0,0.16619838,498.4500
1626012732481000,0,3.01420431,498.4400
1626012732481000,0,0.00579569,498.4500
1626012735055000,0,3.01179680,498.4400
1626012735055000,0,0.00100593,498.4500
1626012735055000,0,3.00719727,498.5300
1626012748240000,0,3.04000000,498.5200
1626012837540000,0,3.01000000,498.4100
1626012840814000,0,0.00172008,498.4100
1626012840814000,0,0.17827992,498.4900
1626012842853000,0,0.00072008,498.4900
1626012842853000,0,3.03927992,498.5600
1626012872051000,0,3.01000000,498.5600
1626012878387000,0,2.96000000,498.8500
1626012936208000,0,0.09690000,498.5100
1626012955751000,1,0.05300000,498.0600
1626012961888000,1,0.00020644,498.0600
1626012969009000,0,3.04258351,498.0800
1626012985849000,1,0.05774280,497.5100
1626012985849000,1,1.07476546,497.5000
1626013021771000,0,3.01000000,497.2600
1626013023764000,0,3.05819094,497.5000
1626013023764000,0,3.01180906,497.5300
1626013046489000,1,0.04717801,496.7900
1626013046707000,1,0.56100061,496.7400
1626013071567000,0,2.97000000,497.2300
1626013077544000,0,0.00719364,497.2300
1626013077544000,0,0.18280636,497.2900
1626013147923000,0,0.19430000,497.1900
1626013150400000,0,2.76842880,497.1900
1626013152110000,0,0.05649855,497.1900
1626013152110000,0,3.00350145,497.2000
1626013203657000,1,1.96165473,496.5700
1626013233226000,1,0.08164911,495.9700
1626013233226000,1,0.04787074,495.9300
1626013233282000,1,2.44900000,495.8800
1626013233292000,1,0.00000613,495.8800
1626013233292000,1,0.11967540,495.8700
1626013233429000,1,0.31112469,495.7400
1626013374538000,0,3.01000000,496.1700
1626013377348000,0,0.16900000,496.1600
1626013377348000,0,0.00100000,496.1700
1626013379401000,0,0.00339022,496.1700
1626013379401000,0,2.99660978,496.2300
1626013414113000,0,1.09000000,496.3100
1626013441028000,0,0.19460000,496.3100
1626013462326000,0,3.03124936,496.3300
1626013464594000,0,3.04000000,496.6200
1626013571294000,0,1.20000000,496.4500
1626013576221000,0,4.06000000,496.6000
1626013602979000,0,3.02267782,496.6300
1626013666466000,0,1.45890000,496.5500
1626013689514000,0,3.02399156,496.4500
1626013689514000,0,3.03600844,496.4600
1626013692933000,0,3.03000000,496.4500
1626013710007000,0,0.00139638,496.4600
1626013710007000,0,9.39860362,496.6100
1626013711034000,0,3.05418520,496.6300
1626013711034000,0,2.90125095,496.6400
1626013712480000,0,2.99000000,496.7700
1626013765126000,1,1.85656177,496.0500
1626013765130000,1,0.11967170,496.0500
1626013801270000,0,3.02000000,496.6700
1626013991696000,0,3.02000000,496.9800
1626013993739000,0,0.00051425,496.9800
1626013993739000,0,3.01948575,496.9800
1626013995894000,0,0.00102850,496.9800
1626013995894000,0,3.01897150,496.9800
1626013998056000,0,0.00154275,496.9800
1626013998056000,0,3.01845725,496.9800
1626014008624000,0,0.00205700,496.9800
1626014008624000,0,2.98794300,497.0600
1626014121767000,0,3.03000000,496.7700
1626014180183000,0,0.05907489,497.2400
1626014180183000,0,0.14092511,497.2500
1626014296276000,0,0.04430617,497.4900
1626014296276000,0,3.04184840,497.5100
1626014296276000,0,3.01384543,497.5200
1626014377809000,0,0.14180000,497.2100
1626014418386000,0,2.87000000,497.2100
1626014482857000,0,3.01808003,497.4000
1626014484892000,0,3.01808003,497.4000
1626014484892000,0,3.02191997,497.4300
1626014821751000,0,3.01000000,497.5300
1626014884810000,0,3.01000000,497.7400
1626014969877000,0,0.12030000,497.7200
1626015130521000,0,2.97000000,497.9400
1626015190312000,0,3.01000000,497.9700
1626015193481000,0,3.03000000,498.1300
1626015309317000,0,2.99000000,498.1600
1626015424495000,0,3.01000000,498.3600
1626015424883000,0,0.00227785,498.3600
1626015454185000,0,0.06970000,498.7600
1626015515780000,0,3.01101088,498.6200
1626015583051000,0,1.75000000,499.1400
1626015603551000,0,3.00000000,499.1500
1626015615847000,0,2.94724375,499.1600
1626015615918000,0,0.06014783,499.1600
1626015783798000,0,0.12600000,498.5300
1626015841177000,0,3.01000000,498.3200
1626016011365000,0,3.01000000,498.4800
1626016027149000,0,0.00152882,498.4800
1626016027149000,0,3.00847118,498.6700
1626016035750000,0,0.00192093,498.6700
1626016035750000,0,3.00807907,498.6700
1626016093100000,0,0.00231304,498.6700
1626016093100000,0,3.00922625,498.8500
1626016093100000,0,3.04846071,498.8700
1626016145322000,0,2.96000000,498.8700
1626016337093000,0,3.03873994,498.7100
1626016399802000,0,2.96000000,498.8600
1626016450466000,0,0.91000000,498.7800
1626016501044000,0,3.00000000,498.9700
1626016501209000,0,0.00867256,498.9700
1626016512789000,0,3.00867256,498.9700
1626016512789000,0,3.00132744,499.0100
1626016538711000,0,3.00000000,498.9700
1626016578236000,0,3.01340626,499.0200
1626016586443000,0,2.80000000,499.1200
1626016673849000,0,2.97000000,499.4700
1626016691580000,0,3.00000000,499.9300
1626016993595000,0,3.00000000,499.3000
1626017283391000,0,0.42000000,498.8000
1626017292672000,0,3.00850144,498.9800
1626017292672000,0,3.01149856,499.0000
1626017298006000,0,3.00000000,498.9800
1626017708426000,0,0.33900000,498.6100
1626018176322000,0,0.06980000,498.1800
1626018194967000,0,0.24937570,498.4200
1626018417644000,0,0.58080000,499.0000
1626018454816000,1,4.04000000,498.4200
1626018542784000,0,0.12800000,498.1000
1626018564351000,0,0.11630000,498.2200
1626019201163000,0,1.00000000,500.0000
1626019240217000,0,0.24140000,500.1300
1626019249216000,1,7.67041020,499.4600
1626019299682000,1,0.59564955,498.4400
1626019453422000,0,0.07760000,497.9300
1626019474183000,0,3.20210000,497.7700
1626019543629000,0,2.38573000,497.9400
1626019583738000,0,7.80000000,498.2100
1626019648106000,1,8.06000000,497.8300
1626019663331000,0,0.09110000,498.3600
1626019705264000,0,0.10650000,498.9600
1626019860298000,0,0.11348690,498.6100
1626019902603000,1,3.95447596,498.0400
1626019998283000,0,0.10400000,498.3300
1626020007119000,0,0.33000000,498.3300
1626020007527000,0,0.00600000,498.3300
1626020014971000,0,0.48200000,498.4500
1626020015234000,0,0.52500000,498.5700
1626020015396000,0,0.40065717,498.6900
1626020015431000,0,0.12434283,498.6900
1626020015861000,0,0.46610902,498.8100
1626020016019000,0,0.10089098,498.8100
1626020103287000,0,0.29300000,498.9200
1626020103431000,0,0.31200000,499.0400
1626020122747000,0,0.30000000,499.1600
1626020122784000,0,0.00900000,499.1600
1626020124945000,0,0.34000000,499.2800
1626020129298000,0,0.00200000,499.2800
1626020134061000,0,0.37000000,499.4000
1626020134091000,0,0.00800000,499.4000
1626020143478000,0,0.27000000,499.5200
1626020143509000,0,0.00300000,499.5200
1626020146050000,0,0.36000000,499.6400
1626020154026000,0,0.00500000,499.6400
1626020154216000,0,0.36000000,499.7600
1626020157524000,0,0.00200000,499.7600
1626020209294000,1,7.51000000,499.0900
1626020257742000,1,2.80000000,498.8100
1626020359241000,0,0.18000000,498.4900
1626020359277000,0,0.00100000,498.4900
1626020437651000,0,0.20000000,498.6100
1626020437712000,0,0.00200000,498.6100
1626020566398000,0,0.18000000,498.7000
1626020566443000,0,0.00800000,498.7000
1626020777770000,0,0.16000000,499.0700
1626020792243000,0,1.69000000,499.2800
1626020852294000,0,7.62000000,499.7600
1626020852350000,0,0.00164589,499.7600
1626020920975000,1,0.20000000,499.7600
1626020974077000,1,4.43000000,499.5500
1626021103348000,0,0.07730000,499.8700
1626021212803000,0,0.07730000,499.9100
1626021258681000,0,0.05188292,500.5500
1626021345308000,0,3.70019000,499.5900
1626021345444000,0,7.98590000,499.7100
1626021345718000,0,3.93662705,499.7500
1626021345718000,0,4.04337295,499.7600
1626021399407000,0,0.08500000,499.7300
1626021400310000,1,2.74400000,499.2700
1626021419652000,1,3.00131517,499.3900
1626021437221000,1,2.80000000,499.2400
1626021444626000,1,4.05056077,499.1900
1626021469431000,1,3.72422790,498.2400
1626021509022000,1,3.62000000,497.8800
1626021537692000,1,2.80000000,497.4800
1626021550654000,1,7.57000000,497.6100
1626021597591000,0,1.09090000,497.5400
1626021725177000,0,0.24046205,497.6700
1626021775184000,0,2.66700000,497.7400
1626021775196000,0,5.13000000,497.7400
1626021775200000,0,0.19681666,497.7400
1626021829913000,0,3.05540000,498.0900
1626021863658000,1,3.81939821,497.4300
1626021863658000,1,3.01060179,497.4200
1626021873601000,1,3.01060000,497.4300
1626021873601000,1,0.00215141,497.4200
1626021873601000,1,3.00724859,497.4200
1626021916302000,0,0.59665595,497.9200
1626021916302000,0,2.38537667,497.9300
1626021916302000,0,2.19891381,497.9400
1626021916372000,0,1.67205480,497.9400
1626021924231000,1,3.01000000,497.5200
1626021927097000,1,0.00254302,497.5200
1626021948125000,0,0.09549263,497.5500
1626021948125000,0,0.29270737,497.5600
1626022009273000,1,4.02000000,496.9200
1626022012759000,1,0.26000000,496.8500
1626022015283000,1,0.40482170,496.7900
1626022015283000,1,5.11517830,496.7800
1626022041317000,0,2.80000000,497.4400
1626022114092000,0,7.51000000,497.5800
1626022128345000,0,3.79802000,497.8400
1626022150426000,0,0.15510000,498.2400
1626022194435000,0,0.23270000,498.1900
1626022595909000,1,7.65000000,497.7900
1626022597926000,1,7.48451431,497.7800
1626022635487000,1,2.80000000,497.2100
1626022824171000,0,0.09940000,497.9500
1626022840704000,1,2.80000000,497.4200
1626022869438000,1,0.71000000,497.2800
1626022992401000,0,0.10940000,497.5400
1626023158390000,0,2.80000000,497.4100
1626023158390000,0,1.08460000,497.4700
1626023207530000,0,0.21201375,497.3000
1626023412950000,0,0.50000000,497.2200
1626023448301000,1,0.10058636,496.6900
1626023448301000,1,0.99031364,496.6600
1626023670517000,0,0.20264434,496.4400
1626023697510000,0,0.65334606,496.4100
1626023821216000,1,3.86000000,495.8800
1626023844999000,0,0.38920000,496.4100
1626023911903000,0,0.64840797,496.2100
1626023946527000,0,0.64847120,496.0900
1626024428106000,1,0.04015573,496.0500
1626024442903000,0,0.75910000,496.3200
1626024531365000,0,3.83000000,496.3300
1626024693988000,0,0.09970000,496.2700
1626025006368000,0,0.13450000,495.6100
1626025033714000,0,0.64860835,495.4300
1626025033721000,0,0.36733774,495.4300
1626025033960000,0,0.64860835,495.4300
1626025107905000,0,0.64877066,495.2300
1626025108119000,0,0.64877066,495.2300
1626025280123000,0,1.85320000,495.2200
1626025310081000,1,0.05000000,494.7600
1626025364738000,0,0.64889717,495.0300
1626025430862000,0,0.11700000,495.2600
1626025577312000,0,1.10020000,495.0700
1626025714377000,0,2.03000000,495.1700
1626025714397000,0,5.50337882,495.1700
1626025813531000,0,0.11513931,495.1400
1626025813899000,1,3.59928122,494.7300
1626025813899000,1,3.81071878,494.7200
1626025820332000,1,7.60000000,494.5700
1626025822909000,0,0.64896046,494.9400
1626025931947000,0,0.07880000,495.2700
1626026033787000,0,3.03000000,495.2800
1626026033805000,0,3.03000000,495.2800
1626026033929000,0,3.34000000,495.2700
1626026045517000,1,2.82805429,495.0500
1626026063668000,1,6.57000000,495.0200
1626026109308000,0,0.08780000,495.3400
1626026323611000,1,0.04080467,494.8500
1626026560087000,0,0.08790000,494.7700
1626026735850000,1,47.76000000,494.3200
1626027371880000,0,0.11720000,494.4900
1626027421290000,0,9.40116431,494.4100
1626027421290000,0,7.59883569,494.4200
1626027421538000,0,4.00000000,494.4300
1626027421559000,0,0.00642906,494.4300
1626027546247000,0,0.09770000,494.5500
1626027729160000,0,0.04623516,494.5500
1626027746582000,0,0.53090000,494.9100
1626027907420000,0,0.20300000,494.8100
1626028049251000,1,2.88000000,494.3400
1626028118068000,1,2.80000000,494.7500
1626028118068000,1,8.70912000,494.7400
1626028249131000,0,0.35680000,495.5200
1626028411572000,0,0.58500000,495.3800
1626028425747000,0,0.19500000,495.3800
1626028553310000,1,3.02000000,495.0400
1626028994163000,0,0.07210000,496.0100
1626029207516000,0,0.20470000,495.6000
1626029421071000,0,0.19880000,495.5500
1626029671385000,0,0.15590000,495.7800
1626029675241000,0,3.58000000,495.7800
1626030012348000,1,2.80000000,495.5600
1626030012348000,1,3.82827559,495.5400
1626030012348000,1,2.79172441,495.5300
1626030056953000,0,0.19480000,495.9000
1626030115528000,1,3.07000000,495.3100
1626030716561000,0,0.07790000,496.0800
1626031004940000,0,0.14610000,495.7800
1626031006478000,0,0.07790000,495.8300
1626031217209000,0,3.81473332,495.8300
1626031217209000,0,4.34876668,495.9500
1626031421445000,0,0.80850000,495.8300
1626031451718000,0,0.13640000,495.8300
1626031553953000,0,1.30490000,496.0000
1626032238852000,1,7.81288677,495.5600
1626032320695000,0,0.23370000,496.0200
1626033164432000,0,0.46880000,494.5700
1626033326538000,0,6.12361000,495.2600
1626033644997000,0,0.27720294,495.0300
1626033739367000,0,2.80000000,494.8500
1626033739703000,0,3.03322959,494.9400
1626033854232000,1,3.79857234,494.9300
1626033899165000,1,3.02849429,494.9300
1626033899165000,1,0.42150571,494.9300
1626033906467000,1,0.00962269,494.9300
1626033906467000,1,3.02037731,494.9300
1626034198332000,0,6.02960000,495.9100
1626034213966000,1,2.80000000,496.0400
1626034836304000,1,3.01000000,495.1500
1626034955267000,1,2.98000000,495.1700
1626034989168000,0,0.63950000,495.6600
1626035013420000,1,0.00836762,495.1700
1626035013420000,1,0.43170471,495.1700
1626035013940000,1,0.40249590,495.1700
1626035199665000,1,3.00000000,495.3600
1626035330504000,1,0.14000000,494.8600
1626036934630000,1,0.25049505,493.9200
1626037120570000,1,2.80000000,493.4600
1626037516978000,1,1.56000000,492.5400
1626037917709000,1,0.05100000,493.0400
1626038062486000,0,1.02545639,493.9100
1626038149536000,0,3.79000000,494.4400
1626038158621000,0,7.72000000,494.5500
1626038451887000,0,2.02485147,496.5500
1626038586354000,0,0.12000000,496.7700
1626038603210000,0,0.07299458,496.9800
1626038603290000,0,0.00000001,496.9800
1626038626194000,1,0.81000000,496.6600
1626038644252000,1,0.71000000,496.6600
1626038750378000,0,1.03580000,497.0300
1626038775888000,1,8.04400000,496.4500
1626038835550000,0,0.05755975,497.1900
1626039010143000,0,0.05011835,497.5000
1626039010172000,0,0.00102282,497.5000
1626039038844000,0,0.05011461,497.9000
1626039151544000,0,3.00630796,499.4000
1626039173454000,1,6.90721442,498.3200
1626039173458000,1,1.37780000,498.3200
1626039173850000,1,0.38740800,498.1600
1626039173879000,1,0.73068760,498.1600
1626039173972000,1,7.79010000,498.1400
1626039230324000,1,0.64813175,499.2600
1626039252506000,1,0.64806858,499.3500
1626039270570000,0,2.00000000,499.8900
1626039312151000,1,0.64800535,499.4000
1626039326498000,0,1.68000000,500.1000
1626039328901000,0,7.72311002,500.1000
1626039328901000,0,7.78688998,500.1100
1626039332749000,1,0.64794218,499.9000
1626039345514000,1,1.95000000,500.2400
1626039346113000,1,1.80821903,500.2400
1626039346489000,1,1.80821903,500.2400
1626039763736000,0,0.00105884,500.5500
1626039775726000,1,0.09327400,501.2400
1626039775726000,1,0.07500000,501.2400
1626039775726000,1,0.47886190,501.2400
1626039776692000,1,1.95000000,501.4900
1626039776961000,1,1.80360322,501.4800
1626039789515000,1,0.60000000,501.8000
1626039789515000,1,2.88116018,501.7800
1626040110602000,0,4.02151921,503.0600
1626040351523000,1,1.00000000,502.1400
1626040450317000,0,0.21120000,503.1100
1626040669489000,1,0.30000000,502.6100
1626040691133000,1,7.72439000,502.4500
1626040801402000,1,9.93670000,502.5400
1626040838843000,1,0.04367372,503.4500
1626040838843000,1,0.30682336,503.1500
1626040839372000,1,0.34631078,503.1500
1626040847200000,1,1.80593000,503.4200
1626040854244000,1,0.89400000,503.4200
1626040856166000,1,0.00000682,503.4200
1626040861217000,1,7.16442000,503.4100
1626040861297000,1,0.00000056,503.4100
1626040861410000,0,2.98283895,503.3900
1626040861463000,1,30.50000000,503.4100
1626040861479000,1,2.80800000,503.4100
1626040861503000,1,1.99179123,503.4100
1626041041291000,1,5.06193581,502.7200
1626041041888000,1,24.34526085,502.7200
1626041044052000,1,8.65000000,502.7200
1626041044104000,1,0.00772105,502.7200
1626041071287000,1,3.15864983,502.8000
1626041325040000,1,3.88000000,501.8300
1626041325130000,1,0.00884260,501.8300
1626041973327000,0,3.93000000,501.2900
1626042364643000,1,3.18610000,500.2600
1626042639444000,0,7.70000000,500.7200
1626042639651000,0,0.00846184,500.7200
1626043287163000,0,2.90000000,499.6800
1626043287163000,0,1.25650000,499.7000
1626043384771000,0,0.09910000,499.6000
1626043579722000,0,0.64659747,498.8900
1626043636969000,0,0.10640000,499.4000
1626043830321000,0,4.52000000,499.4100
1626044284644000,0,3.03000000,499.7700
1626044284646000,0,0.00019388,499.7700
1626044376139000,0,0.38680000,499.4800
1626044418299000,0,0.06960000,499.6900
1626044461901000,1,7.82000000,499.1100
1626044517237000,0,1.98170000,499.6000
1626044799830000,0,0.17030000,499.2900
1626045531535000,1,2.02485147,497.7000
1626045583579000,0,8.04493137,498.4500
1626045841700000,1,8.07652504,497.7700
1626045870984000,1,7.60000000,497.5900
1626045872978000,1,4.01000000,497.5800
1626045991870000,0,1.09740000,498.1100
1626046096348000,0,0.64738527,497.7600
1626046096565000,0,0.64738527,497.7600
1626046240730000,0,0.64751149,497.5600
1626046263620000,0,0.29120000,497.5600
1626046296616000,0,0.09710000,497.5300
1626046385436000,0,2.90000000,497.8700
1626046385436000,0,1.22270000,497.8900
1626046508491000,0,0.08340000,497.7700
1626046656798000,0,4.05539109,498.0800
1626046762718000,1,3.74226952,497.1300
1626046775772000,1,7.50000000,496.9500
1626046857581000,0,7.75000000,497.1500
1626046859761000,0,3.87000000,497.2800
1626046862729000,0,1.41210000,497.4700
1626046862875000,0,6.59443106,497.4700
1626047426406000,1,1.57000000,497.6400
1626047462458000,1,8.02000000,497.5400
1626047669781000,0,7.97000000,498.0400
1626047670159000,0,3.97954766,498.0700
1626047677244000,0,0.30310000,498.2600
1626047701183000,0,0.08730000,498.1100
1626047836866000,0,0.14550000,498.1800
1626047971287000,1,0.38771990,497.5500
1626047999252000,0,3.01000000,498.2500
1626048002107000,0,0.00986953,498.2500
1626048002107000,0,2.98013047,498.4100
