timestamp ms,type,amount,price
1623888078759000,1,0.19101847,593.5900
1623888078759000,1,0.19114197,593.5900
1623888319172000,0,0.51980000,595.3100
1623888323766000,0,5.19740000,595.6500
1623888369217000,0,2.00740000,598.2900
1623888401098000,1,0.50244000,599.3000
1623888425696000,1,4.91335983,598.1900
1623888425696000,1,8.48841017,598.1900
1623888440453000,0,0.72620000,598.5800
1623888461342000,1,0.57666290,598.7500
1623888473155000,0,8.36705000,599.2900
1623888520136000,0,0.13029191,600.0000
1623888527014000,1,0.57660526,598.7100
1623888548871000,0,2.50440000,599.4800
1623888553579000,1,0.57655050,599.0000
1623888604658000,0,0.07090000,599.9400
1623888617580000,1,0.57647513,599.0000
1623888700163000,1,0.57641749,599.1600
1623888798831000,1,0.07268173,599.9100
1623888798831000,1,0.18169524,599.9100
1623888798831000,1,2.01689153,599.8100
1623888802207000,1,0.17785074,599.4200
1623888802207000,1,0.07114030,599.4200
1623888850991000,0,5.12977000,600.4100
1623888890745000,0,0.08240000,600.4700
1623888900731000,0,0.48270000,600.3800
1623888949999000,0,2.00000000,601.0800
1623888950489000,0,8.23496000,601.1300
1623888977849000,1,4.93716348,600.2500
1623888977849000,1,8.60283652,600.2500
1623889003515000,1,11.85000000,600.1400
1623889072065000,1,8.30057057,599.8500
1623889119870000,0,0.80560000,599.5400
1623889130911000,0,2.00000000,599.7800
1623889166739000,0,0.08060000,598.9900
1623889189306000,0,0.08060000,598.9300
1623889198664000,0,0.36610000,598.9800
1623889258260000,0,2.00000000,597.7900
1623889258260000,0,9.02000000,597.8100
1623889287892000,0,4.78516730,598.4200
1623889287892000,0,3.19022036,598.4300
1623889300181000,0,5.71979000,598.4300
1623889358505000,0,2.51000000,598.0100
1623889391450000,0,0.00013269,598.0100
1623889391450000,0,6.43986731,598.3100
1623889439746000,1,2.50696563,597.9700
1623889441967000,0,2.50904000,598.1000
1623889452501000,0,0.48380000,598.9400
1623889476621000,0,2.50000000,599.0500
1623889478634000,0,0.09000000,599.7300
1623889576931000,1,8.37000000,599.3500
1623889589130000,0,0.13530000,599.6100
1623889777695000,0,0.07240000,600.2100
1623889778840000,0,8.24000000,600.3200
1623889794974000,0,2.49000000,600.4500
1623889847444000,0,2.49000000,601.6500
1623889872573000,1,8.17551000,600.8800
1623889886829000,0,2.49000000,601.1000
1623889887121000,0,0.00759559,601.1000
1623889887121000,0,8.35131227,601.2200
1623889936510000,0,2.49000000,601.6800
1623889953307000,1,4.67721069,601.8500
1623889953307000,1,8.10573836,601.8400
1623890014467000,0,4.92000000,602.5100
1623890057098000,0,2.49000000,602.3400
1623890059845000,0,0.00181332,602.3400
1623890059845000,0,6.78818668,602.5000
1623890080008000,0,2.49089364,602.6000
1623890086003000,1,0.42000000,602.3600
1623890113473000,1,8.51389218,602.1300
1623890199113000,1,0.60585048,602.8300
1623890210030000,0,8.46031000,603.3500
1623890255184000,0,0.07210000,602.9500
1623890467727000,1,8.58000000,603.1100
1623890501948000,0,14.59556856,603.5500
1623890612083000,0,2.48480000,604.0900
1623890642849000,1,0.49347425,603.6900
1623890642849000,1,9.50652575,603.6800
1623890679442000,0,8.26000000,603.6700
1623890710150000,0,2.43736230,603.3200
1623890765304000,0,2.48000000,603.5900
1623890788669000,0,0.08010000,603.3400
1623890788767000,1,4.60000000,602.9600
1623890800836000,1,4.80000000,602.5100
1623890845473000,0,2.57000000,602.3500
1623890880979000,0,2.44301505,602.0500
1623890882129000,0,0.04886030,602.0500
1623890882151000,0,0.00099715,602.0500
1623890933453000,0,0.06534174,602.8600
1623890963752000,0,2.00000000,603.0900
1623890964051000,0,2.48878832,603.1200
1623891083349000,0,2.49000000,602.4500
1623891086574000,0,0.00145565,602.4500
1623891086574000,0,2.48854435,602.4500
1623891088602000,0,0.00291130,602.4500
1623891088602000,0,8.60708870,602.5200
1623891122926000,0,2.00000000,603.1400
1623891198197000,0,2.49000000,602.6500
1623891232037000,0,0.00053531,602.6500
1623891254374000,0,2.49000000,602.4000
1623891260286000,0,0.00139580,602.4000
1623891260286000,0,2.48860420,602.6500
1623891267336000,0,0.00175868,602.6500
1623891267336000,0,2.48824132,602.6500
1623891297912000,0,0.00212156,602.6500
1623891333706000,0,2.00000000,603.0600
1623891335917000,0,2.48000000,603.2000
1623891342471000,1,0.49596099,603.0700
1623891342471000,1,0.49594784,602.9900
1623891342471000,1,1.19523404,602.9900
1623891343047000,1,0.49596099,603.0000
1623891343047000,1,0.04463557,602.9900
1623891357791000,0,0.08810000,603.0000
1623891429977000,0,2.49000000,602.7400
1623891478804000,0,0.00001068,602.7400
1623891478804000,0,2.47998932,603.2000
1623891504952000,0,2.48000000,602.9800
1623891522935000,0,0.33000000,603.1800
1623891549861000,0,2.00000000,604.0200
1623891549861000,0,3.91000000,604.0500
1623891574803000,0,0.00007412,604.0900
1623891574803000,0,2.48522302,604.0900
1623891574822000,0,3.23500000,604.1300
1623891574827000,0,2.45410000,604.1300
1623891575267000,0,0.39739293,604.3300
1623891575267000,0,0.99336390,604.3600
1623891575267000,0,2.58274317,604.4200
1623891575488000,0,0.99336390,604.3600
1623891575504000,0,1.15000000,604.3600
1623891575515000,0,2.79161007,604.3600
1623891575664000,0,0.00015782,604.4200
1623891575779000,0,0.39784689,604.4200
1623891578000000,1,1.80171176,604.5900
1623891581170000,0,2.86661400,605.2900
1623891602627000,1,2.00000000,604.8200
1623891602919000,1,0.46399893,604.5100
1623891602919000,1,0.46403267,604.5100
1623891621119000,0,2.48000000,604.8900
1623891621461000,0,0.00160269,604.8900
1623891626985000,1,0.20878487,605.0300
1623891631497000,0,2.47928000,605.4900
1623891684186000,1,0.29372407,604.2000
1623891684186000,1,0.73431017,604.2000
1623891714166000,1,4.85890000,603.2200
1623891736666000,0,2.48854000,603.1700
1623891780728000,0,0.00000424,603.1700
1623891780728000,0,2.48709576,603.4300
1623891780773000,0,0.00001412,603.4300
1623891783879000,0,5.03145000,604.2500
1623891849935000,0,2.48000000,604.1400
1623891892914000,0,2.48000000,604.2000
1623891969523000,0,2.48000000,604.1600
1623892006806000,0,2.48249000,604.6200
1623892022630000,0,2.48076000,605.0800
1623892022630000,0,0.00000301,605.0800
1623892141759000,0,2.47000000,606.4200
1623892154629000,0,1.84820000,607.0600
1623892196467000,1,0.19217785,606.2900
1623892196467000,1,0.19218356,606.2900
1623892196539000,1,0.19224000,606.2500
1623892265576000,0,0.53914595,606.2300
1623892265576000,0,0.53906587,606.2500
1623892265576000,0,8.92178818,606.3000
1623892526370000,1,8.51050000,606.5100
1623892526485000,1,2.49598414,606.3900
1623892571689000,1,3.77748000,606.8600
1623892571690000,1,0.00000322,606.8600
1623892670287000,0,0.31100000,605.8100
1623892757276000,0,2.47776863,605.6200
1623892757276000,0,5.10315325,605.7000
1623892757276000,0,0.19500000,605.7100
1623892757276000,0,0.93093608,605.8100
1623892765552000,0,2.47776863,605.6200
1623892765552000,0,0.47248857,605.8000
1623892765552000,0,1.18122142,605.8000
1623892765552000,0,4.56556717,605.8100
1623892871675000,0,0.18900000,605.4100
1623892887627000,0,0.09270336,605.5600
1623892887689000,0,0.08229664,605.5600
1623892888243000,0,0.21000000,605.7100
1623892962727000,0,0.19000000,605.5400
1623892969555000,0,0.00200000,605.5400
1623893117567000,0,0.15330000,605.0200
1623893141175000,0,0.00370000,605.0200
1623893141175000,0,1.09954243,605.1600
1623893141175000,0,0.43675757,605.1600
1623893156426000,0,2.47927459,605.3900
1623893169409000,0,2.47830291,605.6600
1623893214061000,0,2.47796322,605.7100
1623893214061000,0,1.99203678,605.7100
1623893225138000,0,2.47000000,605.7100
1623893234537000,0,0.00796322,605.7100
1623893234537000,0,2.48203678,605.8700
1623893235807000,0,2.42840396,605.7100
1623893236576000,1,0.39078489,605.3800
1623893236640000,1,0.39075908,605.3500
1623893236718000,1,2.54009022,605.3200
1623893238059000,1,1.26126433,604.7600
1623893280928000,0,2.00000000,605.0400
1623893312203000,1,8.60000000,604.9600
1623893325568000,1,1.30000000,604.7000
1623893401217000,0,5.00000000,604.9800
1623893401560000,0,0.53895071,605.0100
1623893401568000,0,0.00000001,605.0100
1623893401568000,0,0.53895070,605.0100
1623893401593000,0,0.00001249,605.0100
1623893404897000,0,0.11960000,605.9000
1623893414454000,0,2.47000000,605.8300
1623893656794000,1,2.00000000,606.2400
1623893656794000,1,6.70685796,606.1300
1623893665069000,1,2.00000000,605.7000
1623893665069000,1,6.69704579,605.6700
1623893683581000,0,0.07960000,606.4200
1623893699134000,0,2.47000000,606.4300
1623893767193000,0,2.47000000,606.6900
1623893803437000,0,8.60000000,606.8400
1623893829956000,0,1.35000000,607.1400
1623893838203000,0,2.00000000,607.3900
1623893838203000,0,2.77130000,607.6400
1623893885056000,1,2.66885902,606.6600
1623893885154000,1,0.27300000,606.6600
1623893885252000,1,7.07082000,606.5300
1623893885516000,1,0.75729459,606.4400
1623893885516000,1,0.30291784,606.4400
1623893885516000,1,1.96938118,606.3600
1623893885919000,1,0.30291784,606.0900
1623893885919000,1,0.06539216,606.0900
1623893885955000,1,0.69205467,606.0900
1623893885955000,1,0.35428361,606.0900
1623893885973000,1,1.03119893,606.1100
1623893886053000,1,2.49205439,606.0900
1623893931728000,0,0.50970000,606.4500
1623893936936000,1,2.82699655,605.8700
1623894091572000,0,1.72840000,607.3700
1623894091656000,0,0.00006790,607.3700
1623894155606000,1,0.25594175,606.5600
1623894179397000,1,0.25343661,606.3300
1623894179397000,1,0.25348256,606.3300
1623894222080000,1,0.73147839,605.5800
1623894260937000,0,2.47394000,606.7700
1623894280950000,1,0.24143676,606.6900
1623894280950000,1,0.60359190,606.6800
1623894280950000,1,11.67581363,606.6500
1623894330143000,0,2.47070000,607.5500
1623894330151000,0,0.00004450,607.5500
1623894334913000,1,0.23679210,607.3900
1623894335389000,1,0.18782411,607.2200
1623894337369000,0,0.06680000,607.6900
1623894353487000,1,2.00000000,606.9000
1623894353487000,1,0.33075487,606.8700
1623894353487000,1,0.82691984,606.8700
1623894353487000,1,0.94013459,606.8600
1623894385763000,1,2.00000000,606.4800
1623894563072000,0,2.00000000,608.4500
1623894563072000,0,2.46694379,608.4800
1623894563072000,0,4.37835881,608.5600
1623894571317000,0,2.00000000,608.4100
1623894571317000,0,6.83676286,608.4400
1623894605228000,0,2.46000000,608.2800
1623894609897000,0,2.41735293,608.5200
1623894609911000,0,0.04933373,608.5200
1623894611312000,0,2.46000000,608.5200
1623894611420000,0,0.00668666,608.5200
1623894611420000,0,2.43743529,608.5700
1623894628280000,1,4.02569764,608.0600
1623894655880000,0,2.46000000,608.0600
1623894667110000,1,2.45151348,607.4200
1623894667317000,1,2.18912000,607.4200
1623894789775000,0,0.68420000,607.1600
1623894870834000,0,0.08160000,606.9100
1623894891080000,0,0.31840000,606.8300
1623894914482000,0,2.15000000,606.8300
1623894914591000,0,0.00516749,606.8300
1623894914591000,0,2.44953447,606.8500
1623894914591000,0,0.19800000,606.8600
1623894946368000,0,2.47000000,607.0500
1623894946831000,0,0.00267858,607.0500
1623894947405000,0,2.47000000,607.0500
1623894972203000,0,0.17200000,607.2100
1623894972793000,0,1.07158853,607.7300
1623894972793000,0,2.43731147,607.7400
1623894972797000,0,0.24158406,607.7400
1623894972932000,0,6.96500000,607.7900
1623895020892000,1,0.32229163,607.7700
1623895020892000,1,0.80572907,607.7700
1623895042123000,0,0.08590000,607.6300
1623895056390000,0,0.15910000,607.2500
1623895076269000,0,2.31200644,607.2500
1623895076471000,0,2.47110644,607.2500
1623895077148000,0,8.31626731,607.4300
1623895077148000,0,4.78088762,607.4400
1623895080957000,0,2.42168431,607.2500
1623895080972000,0,0.04942213,607.2500
1623895081309000,0,2.47000000,607.2500
1623895084940000,0,0.00110644,607.2500
1623895084940000,0,2.46889356,607.4800
1623895086961000,0,0.00205510,607.4800
1623895086961000,0,2.46794490,607.7400
1623895135757000,0,1.35110000,607.7000
1623895149554000,0,0.00197432,607.7400
1623895238098000,0,0.45598000,609.0600
1623895253127000,0,0.00000753,609.0600
1623895262544000,1,12.83420000,608.7000
1623895263075000,1,0.54993911,608.6100
1623895263075000,1,0.21997564,608.6100
1623895274502000,0,2.46000000,608.7200
1623895279312000,0,2.46000000,609.0000
1623895281343000,0,0.00450276,609.0000
1623895302169000,1,4.29841118,608.4100
1623895302761000,1,0.22448462,608.3200
1623895302761000,1,0.10363513,608.2500
1623895302828000,1,0.45755798,608.2500
1623895314656000,0,2.00000000,608.3800
1623895332446000,1,8.24090000,607.8500
1623895369462000,0,2.47000000,607.4500
1623895371481000,0,0.00091692,607.4500
1623895371481000,0,0.07068308,607.4500
1623895390929000,0,0.15900000,607.4500
1623895392852000,0,2.24000000,607.4500
1623895419170000,0,0.00123384,607.4500
1623895419170000,0,1.64876616,607.4500
1623895420233000,0,0.82215076,607.4500
1623895420233000,0,0.17759698,607.4900
1623895420288000,0,0.02040302,607.4900
1623895421166000,0,2.47000000,607.4500
1623895429528000,0,0.00091692,607.4500
1623895429528000,0,2.46908308,607.4500
1623895455250000,0,2.47000000,607.2300
1623895466693000,0,0.00167571,607.2300
1623895466693000,0,0.00183384,607.4500
1623895466693000,0,2.46649045,607.4600
1623895482880000,0,0.00423557,607.4600
1623895482880000,0,1.99576443,607.4600
1623895505977000,0,0.16500000,607.5400
1623895534916000,0,0.15000000,608.5000
1623895550734000,0,0.00200000,608.5000
1623895550734000,0,0.15800000,608.6500
1623895571624000,0,2.46000000,608.6200
1623895575722000,0,0.00600000,608.6500
1623895580043000,0,0.15900000,608.8000
1623895582139000,0,0.15000000,608.9500
1623895636312000,0,1.69000000,609.1500
1623895638474000,0,0.77000000,609.1500
1623895649916000,0,0.00469486,609.1500
1623895649916000,0,15.30530514,609.3100
1623895673924000,0,1.81000000,609.5500
1623895698120000,0,2.46000000,609.3500
1623895726923000,0,2.46245338,609.5800
1623895735799000,0,2.00000000,609.7700
1623895745710000,0,0.18802471,609.8000
1623895817234000,0,5.64000000,609.7100
1623895828939000,0,2.00000000,609.9800
1623895917076000,0,0.09180000,610.4300
1623895928539000,0,2.45000000,610.6800
1623895942334000,0,2.45000000,610.3900
1623895985883000,1,8.16133812,609.2600
1623895985883000,1,4.93866188,609.2500
1623896021423000,0,2.46000000,609.0400
1623896024977000,0,0.00444497,609.0400
1623896024977000,0,7.70555503,609.1900
1623896073702000,0,2.46000000,609.7800
1623896086024000,0,0.00156560,609.7800
1623896086024000,0,2.46156560,609.7800
1623896086024000,0,8.27686880,609.8100
1623896147104000,0,2.44000000,609.8300
1623896156968000,0,2.00000000,610.4900
1623896162394000,0,4.83000000,610.7800
1623896234518000,0,2.45000000,610.3200
1623896294540000,1,0.50000000,610.5400
1623896294849000,1,0.50000000,610.5400
1623896330711000,1,23.01000000,610.7400
1623896330801000,0,0.17380000,611.3100
1623896372496000,0,2.45000000,610.4200
1623896372588000,0,0.00864621,610.4200
1623896405317000,0,2.47000000,610.7900
1623896419570000,0,2.45000000,610.8800
1623896497329000,0,2.45000000,610.6400
1623896584683000,0,2.46000000,609.8500
1623896584958000,0,0.00109951,609.8500
1623896668395000,0,2.21292000,610.6400
1623896684267000,0,2.43490000,611.6900
1623896684289000,0,0.00004057,611.6900
1623896718014000,1,4.98310000,610.5400
1623896718357000,1,2.45011716,610.4200
1623896732371000,0,0.29020000,611.2400
1623896745321000,0,4.67031439,611.4700
1623896745321000,0,2.44811852,611.4900
1623896745321000,0,2.02318754,611.5000
1623896770974000,0,0.18000000,611.5000
1623896808271000,1,0.47137371,611.0200
1623896808271000,1,0.18852605,611.0200
1623896808271000,1,1.82194016,611.0100
1623896814105000,0,0.08690000,611.4400
1623896903395000,0,1.96000000,611.5600
1623896909230000,0,2.42000000,611.6700
1623896926526000,0,0.00459168,611.6700
1623896926526000,0,2.44540832,611.6800
1623896978207000,0,0.14000000,611.5500
1623896980260000,0,1.82000000,611.5500
1623897031558000,0,0.00145932,611.6800
1623897031653000,0,2.32343421,611.7300
1623897125050000,0,1.96000000,611.6000
1623897194893000,1,0.42752152,611.4200
1623897194893000,1,0.42753848,611.4200
1623897195083000,1,0.00000680,611.4200
1623897247378000,1,2.00000000,611.0900
1623897247378000,1,4.66672358,611.0600
1623897247378000,1,0.33327642,611.0400
1623897356959000,0,2.48322256,610.9400
1623897356959000,0,1.95677744,610.9500
1623897379753000,0,0.00867488,610.9500
1623897379753000,0,2.47132512,610.9500
1623897542635000,0,4.61445035,611.4600
1623897550562000,0,1.71000000,611.7000
1623897598885000,0,0.07100000,611.8700
1623897639854000,0,10.00000000,611.9000
1623897640280000,0,0.97217368,611.9600
1623897640280000,0,2.43034632,611.9600
1623897679765000,0,0.08371900,612.4500
1623897748661000,0,0.31540000,612.5200
1623897830800000,1,4.60000000,611.8600
1623897861575000,1,2.00000000,611.7600
1623897864478000,0,1.24000000,612.1700
1623897885060000,0,1.67000000,612.1700
1623897887854000,0,1.71000000,612.1800
1623898077020000,0,0.14500000,611.7900
1623898079863000,0,1.96000000,611.8200
1623898118930000,0,1.71000000,611.5900
1623898169318000,0,1.71754798,611.6300
1623898169318000,0,2.43245202,611.6600
1623898288506000,0,2.43000000,611.9900
1623898342077000,0,0.07590000,611.2900
1623898432548000,0,1.71000000,610.8700
1623898462995000,0,1.72000000,610.8500
1623898468039000,0,0.00003282,610.8500
1623898468039000,0,1.71996718,610.8500
1623898470053000,0,0.00006564,610.8500
1623898470053000,0,1.71993436,610.8500
1623898481971000,1,0.14523350,610.3800
1623898482107000,1,0.50345959,610.3800
1623898482452000,1,0.52572874,610.2800
1623898514197000,0,0.13920000,610.5300
1623898656189000,1,8.63730000,610.6400
1623898811192000,0,0.12650000,610.5000
1623898869618000,0,0.27000000,611.3000
1623898871144000,0,0.07900000,611.6000
1623898934057000,0,8.59000000,611.5500
1623899069435000,0,1.71570000,612.3900
1623899096496000,1,8.00000000,612.3600
1623899096559000,1,0.41648924,612.3600
1623899096559000,1,4.76499076,612.3600
1623899098053000,1,2.44814000,612.2400
1623899131253000,0,5.01000000,613.9700
1623899131433000,0,0.00070360,613.9700
1623899131433000,0,8.04756070,614.1000
1623899131433000,0,1.56402946,614.4200
1623899278781000,1,8.77400400,612.9200
1623899278781000,1,4.89205678,612.9200
1623899280803000,1,7.04000000,612.9400
1623899338137000,0,8.20000000,612.9300
1623899353268000,0,2.00000000,612.9800
1623899353268000,0,1.23010000,613.0100
1623899391458000,0,3.83000000,613.0100
1623899484324000,0,1.95000000,613.2000
1623899495477000,0,1.95728297,613.4200
1623899495629000,0,0.53900000,613.4200
1623899502417000,0,1.41828297,613.4200
1623899523369000,0,1.95000000,613.4200
1623899533384000,0,2.00000000,613.5600
1623899533553000,0,1.71210516,613.6400
1623899632970000,1,5.03791796,613.0800
1623899632970000,1,4.78115831,613.0300
1623899881140000,0,2.00000000,613.7700
1623899892022000,0,0.31470000,613.9200
1623899983058000,1,7.43369956,613.7000
1623899984051000,1,7.43275465,613.7000
1623899988054000,1,17.72000000,613.7000
1623899988470000,1,4.95453212,613.7000
1623899990058000,1,44.34000000,613.7000
1623899993008000,1,18.11000000,613.7000
1623900095809000,1,0.00901367,613.7000
1623900207443000,0,4.59343203,614.5200
1623900234244000,1,2.00000000,613.8900
1623900310938000,1,2.00000000,613.6200
1623900384876000,0,1.71197927,613.7100
1623900394818000,0,23.83000000,613.8700
1623900571989000,0,1.46767178,613.5900
1623900608509000,0,1.46000000,614.0900
1623900629363000,0,8.74000000,614.3100
1623900631921000,0,10.00000000,614.7800
1623900632014000,0,3.02000000,614.7800
1623900646834000,1,1.27301554,613.9500
1623900647028000,1,0.96999999,613.9300
1623900655972000,1,5.09600000,613.9100
1623900673997000,1,4.58000000,613.6200
1623900674152000,1,0.00904250,613.6200
1623900674214000,1,8.65463000,613.6100
1623900700383000,0,8.12000000,613.8700
1623900777812000,0,0.86550000,613.9100
1623900818753000,1,4.01116817,613.8900
1623900819443000,1,4.61000000,613.8900
1623900903963000,0,2.00000000,614.0100
1623900957942000,0,0.83000000,614.0900
1623901005274000,0,2.00000000,614.0600
1623901042425000,0,1.46000000,614.0800
1623901042525000,0,0.00650324,614.0800
1623901043872000,0,2.44466000,614.1700
1623901044407000,0,0.00000521,614.1700
1623901125342000,1,2.00000000,613.7100
1623901125559000,1,2.44288697,613.6800
1623901209510000,1,2.44000000,613.6600
1623901291292000,1,2.00000000,613.4300
1623901442520000,0,0.81383355,614.1100
1623901461140000,0,0.47180000,614.2800
1623901668328000,0,2.41329549,613.2900
1623901668328000,0,1.46832624,613.3000
1623901745404000,0,1.22000000,613.5900
1623901802506000,0,2.00000000,613.6100
1623901822733000,0,4.60756928,613.6400
1623901822733000,0,2.00000000,613.6400
1623901822733000,0,3.79243072,613.6500
1623901855906000,1,22.86000000,613.1500
1623901856026000,1,0.00000001,613.1500
1623901987090000,0,1.71000000,612.9500
1623902045199000,1,2.44798000,612.3600
1623902090287000,0,1.96000000,612.2200
1623902104182000,0,0.00093604,612.2200
1623902104182000,0,1.95906396,612.2200
1623902104232000,0,0.00187343,612.2200
1623902115022000,1,2.44000000,612.5500
1623902115283000,1,0.00833329,612.5500
1623902286982000,0,4.85000000,613.2500
1623902401060000,0,1.95000000,613.4400
1623902432502000,0,0.39280000,614.7900
1623902479090000,1,5.00235000,613.8200
1623902517535000,0,0.09401721,614.0500
1623902539847000,0,1.95694105,613.5600
1623902539847000,0,2.45305895,613.5600
1623902544654000,0,1.95000000,613.5600
1623902565561000,0,1.71000000,613.5900
1623902609917000,0,1.71000000,613.5900
1623902704806000,0,8.25945589,614.3600
1623902704806000,0,4.58054411,614.3600
1623902708569000,0,1.71000000,614.4000
1623902715193000,0,0.00027239,614.4000
1623902715193000,0,1.70972761,614.4000
1623902717253000,0,0.00054478,614.4000
1623902754445000,0,0.10360000,615.1700
1623902757355000,0,1.46000000,614.9800
1623902865361000,0,1.46000000,615.2900
1623902893334000,1,0.53781964,614.7900
1623902899094000,1,6.07600000,614.7900
1623902920938000,0,1.22024373,614.9400
1623902923078000,0,1.22000000,614.9400
1623903185035000,0,1.22000000,614.2300
1623903285199000,1,2.00000000,613.6000
1623903474394000,1,1.68560000,613.6000
1623903503554000,0,1.29790000,613.9700
1623903503599000,0,0.00004903,613.9700
1623903503599000,0,3.24475097,614.0400
1623903503638000,0,0.00013218,614.0400
1623903504154000,0,1.29794000,614.2100
1623903504291000,0,1.29832000,614.1600
1623903601359000,1,4.66000000,613.2200
1623904081947000,1,2.44000000,613.4000
1623904128982000,0,0.15730000,614.1500
1623904199788000,1,2.44000000,613.4000
1623904199911000,1,0.00387556,613.4000
1623904558273000,1,8.41160000,613.4800
1623904567362000,0,2.00000000,613.7900
1623904645919000,1,0.59157638,612.7300
1623904645919000,1,1.47895362,612.7300
1623905082839000,1,0.17723565,610.3200
1623905188116000,0,8.46524000,611.4100
1623905233260000,1,0.21000000,611.5100
1623905282550000,1,0.45623000,610.9900
1623905282621000,1,0.00000191,610.9900
1623905282621000,1,7.53260809,610.9800
1623905282682000,1,5.54439000,610.9800
1623905570260000,1,6.00000000,611.2000
1623905570316000,1,2.41421000,611.2000
1623905821029000,1,0.42334982,610.9000
1623905821029000,1,1.05832260,610.9000
1623905821809000,1,0.42334289,610.7400
1623905871809000,1,0.18420000,609.9700
1623905920070000,0,0.15810000,610.8800
1623906120782000,0,1.02670011,611.4500
1623906120782000,0,2.56667989,611.4500
1623906121030000,0,0.00000702,611.4500
1623906121158000,0,6.67320000,611.5100
1623906121278000,0,0.00008860,611.5100
1623906123177000,0,0.25084852,611.8200
1623906241766000,1,0.00000551,609.9700
1623906241766000,1,1.99999449,609.9700
1623906337661000,0,0.57002278,609.6200
1623906338120000,0,0.57002278,609.6200
1623906374994000,0,0.76557446,609.3100
1623906375013000,0,5.58135676,609.3100
1623906389177000,1,2.46183355,608.8700
1623906389177000,1,0.09093750,608.8300
1623906389177000,1,2.00000000,608.8300
1623906389177000,1,5.44722895,608.8200
1623906389191000,1,2.89702046,608.8200
1623906389191000,1,4.91018633,608.7900
1623906389191000,1,0.66631631,608.7900
1623906389191000,1,1.52647690,608.7900
1623906398788000,0,2.00000000,608.8000
1623906398788000,0,1.82219467,608.8300
1623906439649000,0,1.23256477,608.8400
1623906440027000,0,6.50000000,609.1900
1623906440090000,0,2.39178962,609.1900
1623906440090000,0,3.42543038,609.1900
1623906505954000,1,5.76788000,608.5100
1623906506038000,1,2.68994000,608.5100
1623906587630000,0,8.80220279,609.4500
1623906815901000,0,2.48778087,609.7000
1623907930878000,0,1.00000000,609.7000
1623908009434000,1,0.11000000,609.9100
1623908045484000,0,1.00000000,609.8900
1623908145980000,0,0.50307023,610.1800
1623908145980000,0,0.50314284,610.2100
1623908146733000,0,0.50307023,610.3200
1623908146733000,0,0.50302977,610.3200
1623908359463000,1,1.42000000,610.2200
1623908359513000,1,0.00697318,610.2200
1623908410881000,0,5.08000000,610.6900
1623908461808000,0,1.72033805,610.6900
1623908567141000,1,2.32765781,609.6900
1623908581795000,0,1.72000000,609.7800
1623908621770000,0,1.47000000,609.8200
1623908654576000,0,0.28000000,610.2600
1623908696967000,0,0.04298372,610.5300
1623908696967000,0,1.22701628,610.5400
1623908700286000,0,0.04257435,610.7500
1623908700286000,0,2.31742565,610.7600
1623908794081000,1,0.57086156,610.8200
1623908823344000,0,0.43000000,611.3900
1623908849960000,1,0.54475833,611.0100
1623908881332000,0,1.22000000,611.5400
1623908881519000,1,0.09187500,611.2400
1623908881519000,1,0.08090625,611.0400
1623908884998000,1,0.40660869,611.2400
1623908885498000,1,0.40660869,611.2700
1623908952294000,1,4.69315381,610.9400
1623908952370000,1,0.09577865,610.9400
1623908975269000,1,0.14250000,611.2700
1623908975430000,1,0.00750000,611.2700
1623908975738000,1,0.14250000,610.7400
1623909006217000,1,0.14574776,610.7500
1623909030921000,1,2.45473684,610.6700
1623909030921000,1,8.11526316,610.6400
1623909033570000,1,1.32529500,610.1600
1623909033732000,1,0.09470500,610.1600
1623909033804000,1,0.09375000,610.0900
1623909061162000,0,0.11000000,610.8700
1623909081502000,0,1.06440000,611.2300
1623909081616000,0,0.47000201,611.3000
1623909081616000,0,2.29759799,611.3900
1623909087319000,1,0.38683799,611.3000
1623909088770000,1,0.14960154,611.3300
1623909130705000,1,0.52829880,611.4700
1623909145113000,1,0.57051943,611.5900
1623909152572000,0,0.16562000,612.1800
1623909156961000,1,0.49800000,611.8400
1623909156961000,1,0.07246519,611.8300
1623909159285000,1,0.36989876,612.0900
1623909161752000,0,0.00338000,612.1800
1623909169804000,0,4.14000000,612.8600
1623909424982000,1,2.44000000,612.0200
1623909425417000,1,0.00957890,612.0200
1623909440794000,1,1.18000000,611.7900
1623909447848000,0,0.03700429,612.1800
1623909488692000,0,8.06000000,612.3200
1623909600969000,0,1.96218526,611.9800
1623909601188000,0,0.51513812,612.0100
1623909601188000,0,1.28788738,612.0100
1623909668815000,1,2.44000000,612.8600
1623909821493000,0,0.06300000,613.0500
1623909902223000,0,4.90000000,613.0500
1623909925250000,0,0.14340000,613.2100
1623910078148000,1,4.83616649,612.7700
1623910078148000,1,1.97383351,612.7700
1623910543289000,0,0.14200000,612.2600
1623910589147000,0,0.47643301,612.1600
1623910589147000,0,0.52356699,612.1700
1623910772195000,0,0.08060000,611.5100
1623910893408000,0,8.86356286,613.0000
1623910893408000,0,4.75643714,613.0200
1623910942812000,0,0.46076892,613.9300
1623910942812000,0,1.15173108,613.9300
1623910959562000,1,8.67867337,613.4300
1623910959562000,1,4.71132663,613.4200
1623910991561000,0,4.57000000,614.1100
1623910994167000,0,8.02000000,614.3700
1623911067672000,1,4.89949197,613.3600
1623911067672000,1,3.02050803,613.3600
1623911102135000,0,0.41407875,613.7200
1623911102135000,0,1.03502125,613.7200
1623911102360000,0,0.00017563,613.7200
1623911104381000,0,1.95000000,613.9800
1623911141839000,0,4.74000000,614.2300
1623911150045000,0,1.70977747,614.5100
1623911150274000,0,0.95367164,614.5000
1623911150274000,0,0.38145996,614.6000
1623911150487000,0,1.70977747,614.5100
1623911157459000,0,0.00024373,614.9400
1623911176277000,0,1.70683138,615.9800
1623911176288000,0,0.29316862,615.9800
1623911198941000,0,4.68505302,616.1400
1623911198941000,0,1.70494698,616.1400
1623911200246000,0,0.00164381,616.1400
1623911289922000,1,1.15000000,615.8800
1623911290096000,1,3.43737226,615.8800
1623911290096000,1,6.56262774,615.8800
1623911473540000,0,1.21916408,615.5500
1623911612549000,0,0.09000000,614.8600
1623911687450000,0,0.07940000,614.6700
1623912117690000,0,0.05790000,616.8200
1623912130958000,0,0.72000000,617.1200
1623912131035000,0,0.00971540,617.1200
1623912159937000,0,0.72000000,617.1800
1623912161513000,0,2.00000000,617.5500
1623912234895000,0,0.32890000,616.7700
1623912282407000,0,0.40121048,616.7700
1623912282470000,1,4.59878000,616.7700
1623912282474000,1,0.00000952,616.7700
1623912389367000,0,0.23819462,617.0400
1623912389378000,0,0.49145841,617.0400
1623912567366000,1,1.04200000,617.0100
1623912603751000,0,1.15000000,617.4900
1623912608273000,0,3.85000000,617.4900
1623912773166000,1,0.85000000,617.5000
1623912807873000,0,0.40000000,618.0600
1623912843644000,0,0.48587439,617.8300
1623912843644000,0,1.08515743,618.0100
1623912843644000,0,2.45271417,618.0500
1623912843730000,1,0.30000000,618.0700
1623912843733000,1,8.00000000,618.0700
1623912843752000,1,0.48587439,618.0700
1623912843805000,1,5.72116000,618.0700
1623912843816000,1,1.64876643,618.0700
1623912913100000,0,0.48587000,617.8300
1623913097161000,0,0.48000000,617.9200
1623913097240000,0,0.00572846,617.9200
1623913200568000,0,0.48000000,617.9200
1623913200684000,0,0.00583399,617.9200
1623913200990000,0,0.29000000,618.2900
1623913201458000,0,0.80940804,618.3100
1623913201458000,0,2.43661470,618.4400
1623913201458000,0,8.80397726,618.4400
1623913232932000,1,1.25030000,618.0300
1623913266370000,0,0.48547000,618.4600
1623913272257000,0,0.00000294,618.4600
1623913272257000,0,0.48547294,618.4600
1623913272364000,0,0.07810000,618.7100
1623913272429000,0,0.48547294,618.4600
1623913297626000,0,0.07810000,618.3200
1623913340321000,0,0.16000000,618.3200
1623913464438000,0,0.24000000,618.5700
1623913464757000,0,0.00263038,618.5700
1623913467320000,0,0.24000000,618.5700
1623913525597000,0,0.15620000,618.2600
1623913567777000,1,1.02058770,617.9800
1623913567795000,1,2.42087947,617.9800
1623913568412000,1,1.72056319,617.9800
1623913573713000,1,0.20000000,617.9800
1623913588018000,0,0.24000000,618.1300
1623913588217000,0,0.00285676,618.1300
1623913594230000,1,0.20000000,617.9800
1623913601818000,0,2.44000000,618.1100
1623913622829000,1,2.42600000,617.9800
1623913625256000,1,0.20000000,617.9800
1623913630716000,1,0.24288349,617.9800
1623913635136000,1,0.24288159,617.9800
1623913635720000,1,2.43800000,617.9800
1623913636794000,1,0.24288051,617.9800
1623913638482000,1,4.84127902,617.9800
1623913638487000,1,2.45321873,617.9800
1623913639262000,1,2.46198908,617.9800
1623913640917000,1,0.24287477,617.9800
1623913642333000,1,0.24287536,617.9800
1623913643419000,1,0.24287536,617.9800
1623913644941000,1,2.21253670,617.9800
1623913646823000,1,0.20000000,617.9800
1623913651551000,0,0.24000000,618.1200
1623913652645000,1,0.20000000,617.9900
1623913657626000,1,0.20000000,617.9800
1623913672080000,0,0.00286647,618.1200
1623913672080000,0,0.39713353,618.2800
1623913672206000,0,0.00756758,618.2800
1623913672367000,0,1.15000000,618.4500
1623913672567000,0,1.27202279,618.4500
1623913672943000,0,0.24276773,618.4800
1623913673206000,0,0.40451876,618.6100
1623913673206000,0,0.43986349,618.6800
1623913673206000,0,0.09187500,618.7300
1623913673206000,0,1.09965872,618.8100
1623913673206000,0,0.09093750,618.8600
1623913673851000,0,2.40620000,618.6400
1623913674076000,0,7.59380000,618.6400
1623913679240000,0,10.00000000,619.4600
1623913694009000,1,0.10000000,619.0600
1623913703715000,0,8.02000000,619.9300
1623913709925000,0,2.00000000,620.0700
1623913718800000,1,10.00000000,619.5500
1623913719058000,1,7.00000000,619.5500
1623913719122000,1,1.15000000,619.5500
1623913719136000,1,2.50000000,619.5500
1623913719257000,1,3.50000000,619.5500
1623913719305000,1,0.22600000,619.5500
1623913741832000,0,2.45423755,620.0500
1623913742354000,0,0.60000000,619.9000
1623913742706000,0,1.01080000,619.9000
1623913742924000,0,8.38920000,619.9000
1623913750637000,1,1.12215544,619.3800
1623913750720000,1,1.12215569,619.3800
1623913753520000,0,2.41000000,619.7200
1623913757729000,1,2.92810000,619.3800
1623913763640000,1,1.00000000,619.7200
1623913774119000,1,2.45250067,619.3800
1623913774119000,1,3.00000000,619.3800
1623913774205000,1,1.96008000,619.3800
1623913774262000,1,2.41052213,619.3800
1623913774262000,1,0.58948607,619.3800
1623913774262000,1,1.86251393,619.1600
1623913776406000,1,2.46200000,619.1600
1623913785215000,1,0.30000000,618.6100
1623913893950000,0,3.92810000,618.9400
1623913949363000,1,0.04300000,618.9100
1623913960541000,0,0.07640000,619.6900
1623913986817000,1,0.04100000,618.9900
1623914026033000,0,5.00000000,619.4300
1623914026236000,0,0.40000000,619.5200
1623914031449000,0,5.00000000,619.3400
1623914164730000,1,2.44938470,618.8300
1623914164789000,1,0.74563174,618.8300
1623914164794000,1,4.51498356,618.8300
1623914164794000,1,1.21039247,618.8300
1623914164835000,1,1.00220000,618.8300
1623914164865000,1,1.45591018,618.8300
1623914164893000,1,0.12849735,618.8300
1623914164893000,1,1.13782682,618.7600
1623914164956000,1,1.72900000,618.6200
1623914164968000,1,1.11557352,618.6200
1623914165361000,1,0.27291049,618.4900
1623914170616000,0,1.00000000,618.8400
1623914321301000,1,0.28976387,617.8900
1623914337438000,1,0.57400001,617.8600
1623914337529000,1,3.77034203,617.8600
1623914337583000,1,1.86700000,617.8600
1623914337797000,1,0.27235814,617.8600
1623914343249000,1,1.29829983,617.8600
1623914343249000,1,4.60800000,617.8600
1623914360956000,1,1.32120084,617.5100
1623914396657000,1,1.00000000,617.4500
1623914470054000,1,1.10133924,617.9000
1623914470409000,1,1.96578000,617.7700
1623914471306000,1,1.35558093,617.6400
1623914471971000,1,2.40777892,617.6400
1623914581798000,0,2.00000000,617.8000
1623914644580000,1,0.50000000,618.1500
1623914738291000,0,1.00220000,619.3900
1623914738573000,0,2.50000000,619.3900
1623914834438000,1,0.50000000,619.6500
1623914839443000,1,2.00000000,619.3600
1623914959599000,1,5.76000000,619.4200
1623914962290000,1,0.00500000,619.4200
1623914962290000,1,1.17500000,619.3900
1623914965611000,1,15.23000000,619.3900
1623914967773000,0,2.00000000,619.7700
1623914967773000,0,0.09656250,619.8400
1623914967773000,0,12.91400000,619.8400
1623914967773000,0,0.90283920,619.8700
1623914967794000,0,7.51505673,619.8700
1623914967794000,0,2.41498354,619.8800
1623914967794000,0,5.04467724,619.9300
1623914967794000,0,0.09656250,619.9900
1623914967794000,0,0.89010848,620.0600
1623914967794000,0,10.76653320,620.0600
1623914968213000,0,2.00000000,619.7200
1623914968512000,0,0.09375000,619.7400
1623914993670000,1,2.40127360,619.4600
1623914995328000,1,8.61000000,619.4600
1623914998403000,1,4.58976263,619.4500
1623914998403000,1,8.60628337,619.4400
1623914998403000,1,0.00300000,619.3900
1623914998403000,1,0.04095400,619.3600
1623915152989000,1,0.41169000,619.3900
1623915152989000,1,0.00904600,619.3600
1623915152989000,1,8.22506731,619.2200
1623915152989000,1,5.02675498,619.2100
1623915152989000,1,12.90500000,619.2100
1623915152989000,1,0.07485201,619.0900
1623915319624000,1,0.98324383,619.2900
1623915389550000,0,0.46750000,619.8500
1623915466926000,1,2.00000000,619.3200
1623915472736000,1,6.69016209,619.2900
1623915472750000,1,0.27059408,619.2900
1623915472750000,1,0.22366492,619.2900
1623915472830000,1,0.54934845,619.2900
1623915472935000,1,2.22972645,619.2900
1623915477183000,1,0.39000000,619.2900
1623915477523000,1,0.89107498,619.3000
1623915484608000,1,0.51000000,619.2900
1623915555876000,0,2.43245000,619.1900
1623915629786000,0,2.45207000,619.1900
1623915768380000,0,0.00000448,619.1900
1623915768380000,0,0.06239552,619.1900
1623915806297000,1,0.16590353,618.7500
1623915806729000,1,0.06717646,618.7500
1623915806733000,1,0.00000001,618.7500
1623915853813000,0,2.46108336,618.6300
1623915883757000,0,5.06278747,618.8200
1623915883757000,0,8.63188162,618.8200
1623915883757000,0,2.40533091,618.8300
1623915902949000,0,0.07800000,619.4100
1623915906414000,1,2.39706929,618.7400
1623915906414000,1,0.95880283,618.7400
1623916118791000,1,0.84000000,618.1500
1623916159950000,1,0.07540171,618.2500
1623916228567000,1,2.00000000,618.2500
1623916228567000,1,13.91340170,618.2200
1623916264290000,1,2.00000000,618.2500
1623916264290000,1,6.27959830,618.2200
1623916264290000,1,12.91000000,618.2200
1623916264290000,1,0.00264725,618.1500
1623916264290000,1,5.04975994,618.1300
1623916264290000,1,0.48591620,618.0800
1623916330339000,1,0.22594000,618.1100
1623916433094000,1,10.00000000,616.8800
1623916433185000,1,1.20956500,616.8800
1623916433313000,1,0.22936500,616.8800
1623916433345000,1,1.96638753,616.8800
1623916433573000,1,1.12876402,616.8800
1623916447027000,0,2.44000000,617.5800
1623916622845000,0,0.40360000,617.3900
1623916661272000,1,0.27449820,616.9900
1623916661320000,1,0.48491725,616.9900
1623916661656000,1,0.35292627,616.9900
1623916661690000,1,0.19607014,616.9900
1623916661719000,1,1.60758814,616.9900
1623916661719000,1,0.16289135,616.8800
1623916688150000,1,0.43479000,616.8800
1623916708122000,1,0.16431904,616.6000
1623916769252000,1,2.00000000,616.9100
1623916769252000,1,1.09205337,616.8800
1623916794816000,1,3.71300000,616.8300
1623916796817000,1,4.42000000,616.6800
1623916797145000,1,2.57267384,616.6800
1623916799908000,1,0.18355896,616.6800
1623916799909000,1,3.39176720,616.6800
1623916835054000,0,4.00000000,617.1700
1623916835127000,0,0.82041476,617.1700
1623916835293000,0,2.05150000,617.1800
1623916917489000,0,4.94088000,618.3000
1623916940852000,1,0.23738000,617.5100
1623916999411000,1,2.00000000,617.1900
1623916999411000,1,5.05962804,617.1600
1623917056410000,0,1.38229896,617.4400
1623917056689000,0,0.61770104,617.4400
1623917056689000,0,0.69115959,617.4700
1623917144232000,0,2.00000000,617.1400
1623917144232000,0,0.40153740,617.1700
1623917222071000,0,10.00000000,617.3400
1623917222073000,0,10.00000000,617.3400
1623917319669000,1,3.67815750,617.2000
1623917319680000,1,2.45600000,617.2000
1623917319682000,1,4.18247252,617.2000
1623917319709000,1,0.64153079,617.1700
1623917319709000,1,1.60376193,617.1700
1623917319781000,1,3.23199377,617.0100
1623917319783000,1,0.93795633,617.0100
1623917320092000,1,0.64152871,616.9900
1623917320092000,1,1.60383465,616.9900
1623917355594000,1,8.98100000,617.0500
1623917458786000,0,6.00000000,616.7500
1623917534162000,0,4.79000000,617.5400
1623917567076000,0,2.00000000,618.2000
1623917568319000,1,1.61909473,618.2000
1623917568434000,1,1.93700000,618.2000
1623917568435000,1,2.00000000,618.2000
1623917568435000,1,0.44390527,618.2000
1623917582624000,1,2.54620622,617.6500
1623917586609000,1,2.54639178,617.6500
1623917586946000,1,1.12935322,617.6500
1623917587907000,1,1.12934773,617.6500
1623917589306000,1,2.33944784,617.6500
1623917589306000,1,2.81055216,617.6400
1623917591415000,1,0.09000000,617.3000
1623917637333000,1,12.56000000,617.3200
1623917637389000,1,6.14500000,617.3200
1623917637389000,1,6.57200000,617.3200
1623917722493000,0,2.01411323,617.8200
1623917722493000,0,0.80565677,617.8200
1623918000352000,1,2.44626702,618.0000
1623918002180000,1,2.25612215,618.0000
1623918002235000,1,1.51661083,618.0000
1623918002235000,1,1.71987785,618.0000
1623918002573000,1,1.71126216,618.0000
1623918006915000,1,0.54485999,618.0000
1623918077777000,0,0.74540000,617.8900
1623918077868000,0,0.00000240,617.8900
1623918077868000,0,1.86339760,617.9000
1623918077895000,0,0.00004975,617.9000
1623918128050000,0,10.00000000,617.9600
1623918168648000,1,0.48870000,617.3900
1623918226728000,0,1.93700000,618.2700
1623918256052000,0,4.98000000,619.0100
1623918267297000,1,8.36000000,618.7500
1623918300885000,1,4.90000000,618.9400
1623918330471000,1,1.77000000,618.8700
1623918332620000,1,6.43000000,618.8800
1623918334751000,1,4.63000000,618.8400
1623918356285000,0,2.42000000,618.9400
1623918356601000,0,0.00481068,618.9400
1623918357494000,0,2.00000000,618.9400
1623918359312000,0,0.42000000,618.9400
1623918555813000,1,0.98000000,618.2200
1623918559272000,1,0.97331948,618.2200
1623918603376000,0,1.15000000,618.5500
1623918603754000,0,0.18400000,618.5600
1623918603829000,0,2.24206571,618.5600
1623918623778000,0,0.18048331,619.0600
1623918669545000,0,8.21000000,619.0500
1623918670593000,0,4.62000000,619.0600
1623918693006000,0,2.42279000,619.5200
1623918725013000,0,2.41000000,620.8100
1623918725867000,0,0.00869480,620.8100
1623918725867000,0,8.18383865,620.8500
1623918725867000,0,2.43746655,620.8600
1623918734688000,0,2.41875000,620.5700
1623918745191000,0,0.00000053,620.5700
1623918745191000,0,2.40999947,620.5700
1623918775712000,1,0.23600000,620.2100
1623918775758000,1,0.00023000,620.2100
1623918779918000,1,4.49000000,620.1000
1623918815070000,0,2.41000000,620.3200
1623918861208000,0,0.00971540,620.3200
1623918861208000,0,2.00000000,620.3200
1623918861208000,0,2.69397804,620.3900
1623918861208000,0,2.43532710,620.4300
1623918861208000,0,4.03343236,620.4800
1623918861208000,0,4.64234849,620.5700
1623918861213000,0,19.18921239,620.5700
1623918861213000,0,7.37279716,620.5800
1623918868956000,0,2.42054000,620.0700
1623918868961000,0,0.00000628,620.0700
1623918882066000,1,8.34000000,620.0500
1623918884514000,1,4.99000000,619.9900
1623918951906000,0,2.42060000,620.0200
1623918968183000,0,0.00000344,620.0200
1623918968183000,0,2.42059656,620.0200
1623918968189000,0,0.00000688,620.0200
1623919068521000,0,2.41000000,620.3100
1623919069659000,0,0.00953321,620.3100
1623919171332000,1,6.07000000,619.8200
1623919185159000,0,2.42020000,620.1200
1623919185233000,0,0.00000451,620.1200
1623919187918000,0,2.41000000,620.3500
1623919268918000,1,10.00000000,619.8100
1623919334304000,1,0.30600000,619.8100
1623919334304000,1,0.25500000,619.8100
1623919335525000,1,0.00099000,619.8100
1623919335525000,1,0.35201000,619.8000
1623919344415000,0,2.42100000,619.9700
1623919386320000,1,10.00000000,619.8000
1623919443378000,0,2.42000000,619.8100
1623919443560000,0,0.00112130,619.8100
1623919444334000,0,0.00000994,619.9700
1623919444334000,0,2.47999006,620.1400
1623919445294000,0,0.78458500,620.2800
1623919469839000,0,0.15960000,620.1500
1623919530202000,1,2.42265140,619.5100
1623919536657000,1,2.42272299,619.5100
1623919540049000,1,2.42277762,619.5100
1623919541412000,1,2.42277762,619.5100
1623919545929000,1,2.42281202,619.5100
1623919553507000,1,2.42287470,619.5100
1623919559090000,1,2.42288324,619.5100
1623919560162000,1,0.80750041,619.5100
1623919560162000,1,11.35900000,619.5100
1623919636375000,0,2.42491413,618.9700
1623919659131000,1,0.12000000,618.6700
1623919659175000,1,0.00558000,618.6700
1623919670025000,0,2.43093439,617.4600
1623919695714000,0,2.00000000,617.3200
1623919701126000,1,0.05000000,616.9300
1623919708557000,1,4.64000000,616.9200
1623919708585000,1,0.14616737,616.9200
1623919743391000,1,3.91300000,616.7800
1623919743391000,1,7.94500000,616.7400
1623919751334000,1,3.24000000,616.4200
1623919753529000,1,14.47000000,616.3200
1623919756296000,1,0.39000000,616.1700
1623919760382000,1,0.00071570,616.1700
1623919760382000,1,4.93928430,615.9800
1623919768858000,1,0.31000000,615.8100
1623919769884000,1,0.00305041,615.8100
1623919780897000,0,4.89013339,616.1100
1623919784314000,0,0.24160306,616.2700
1623919825533000,1,0.20000000,615.6100
1623919848056000,1,0.22000000,615.9400
1623919862466000,0,4.65000000,616.0300
1623919884221000,0,0.04942503,616.3300
1623919899415000,0,2.00000000,616.5700
1623919899415000,0,23.83000000,616.6000
1623919899415000,0,0.87139683,616.6100
1623919900516000,0,2.43000000,616.6200
1623919908362000,0,0.11740000,616.9700
1623919958169000,1,0.14000000,616.6100
1623919958474000,1,0.00120000,616.6100
1623920065643000,1,2.87000000,616.4600
1623920066392000,1,0.00900000,616.4600
1623920117812000,0,8.83210000,617.5700
1623920125730000,1,2.00000000,617.3000
1623920137030000,0,0.18800000,617.7300
1623920137041000,0,0.00043708,617.7300
1623920142710000,0,0.16135345,618.2700
1623920157290000,1,2.00000000,617.8500
1623920159426000,1,21.67000000,617.7700
1623920177045000,0,0.13751000,618.3000
1623920177278000,0,0.00000812,618.3000
1623920180903000,1,0.13586629,618.1400
1623920198844000,0,0.09400000,618.7800
1623920198846000,0,0.00025247,618.7800
1623920229373000,0,0.06863018,619.0000
1623920230558000,0,0.06400000,618.9900
1623920230798000,0,0.00060879,618.9900
1623920230798000,0,0.00000001,619.0000
1623920232300000,1,4.86000000,618.8500
1623920235507000,1,0.09000000,618.8300
1623920267558000,0,0.04473826,619.2000
1623920267558000,0,5.03892898,619.2100
1623920267558000,0,3.52575966,619.4900
1623920283463000,1,0.03378954,619.0400
1623920284128000,1,8.35000000,619.0400
1623920310249000,0,0.03690241,619.2500
1623920310249000,0,0.11909759,619.5300
1623920339964000,0,0.04133543,619.3800
1623920339964000,0,4.57086457,619.3900
1623920340144000,0,0.04100000,619.3900
1623920356932000,0,0.04000000,619.3800
1623920376792000,0,0.00042919,619.3900
1623920407281000,0,0.10120000,620.7800
1623920438775000,0,8.06000000,620.7500
1623920563353000,1,0.15000000,620.1200
1623920570947000,1,0.00610000,620.1200
1623920570947000,1,8.67390000,619.8600
1623920637392000,0,2.42107836,619.8800
1623920694862000,1,10.00000000,619.2900
1623920867617000,1,7.70000000,619.2900
1623920898636000,1,0.50000000,619.2900
1623920900987000,1,0.45100000,619.2900
1623920900987000,1,9.18600000,619.2900
1623920900987000,1,0.13267000,619.2900
1623920973083000,1,2.19300000,618.3400
1623920973163000,1,0.56415343,618.3100
1623920973223000,1,3.70130000,618.3100
1623920973225000,1,2.38170000,618.3100
1623920973245000,1,1.60284657,618.3100
1623920973245000,1,2.97469581,618.2000
1623920973708000,1,2.00000000,618.1300
1623921000958000,0,2.42000000,618.4000
1623921031374000,1,4.53000000,618.0600
1623921096303000,1,8.60942690,617.2800
1623921156324000,0,2.43050000,617.5200
1623921330148000,1,0.42700000,617.1000
1623921330195000,1,6.11700000,617.1000
1623921330195000,1,3.88300000,617.1000
1623921330280000,1,0.30100000,617.1000
1623921330861000,1,0.13262000,617.0700
1623921397291000,0,2.43377000,616.5400
1623921417734000,0,0.26600000,617.3500
1623921431347000,0,2.00000000,617.3500
1623921431347000,0,18.04304034,617.3800
1623921431347000,0,8.51695966,617.3900
1623921431418000,0,0.00324617,617.3900
1623921486946000,1,0.09000000,617.0800
1623921539648000,1,0.12858000,617.0800
1623921539648000,1,7.22800000,617.0800
1623921540459000,1,1.92100000,617.0800
1623921685832000,0,3.50000000,617.4100
1623921786127000,0,2.43241000,616.9400
1623921844396000,1,1.19521356,616.6300
1623921844490000,1,1.26557000,616.6300
1623921844565000,1,2.45687262,616.6300
1623921873326000,1,0.25000000,616.6300
1623921905548000,0,0.16163841,617.1800
1623921924521000,1,2.00000000,617.1800
1623922037094000,0,2.00000000,617.4200
1623922037328000,0,2.43032071,617.5000
1623922037328000,0,0.00005988,617.5200
1623922046895000,0,1.42000000,618.5000
1623922093832000,1,8.40000000,618.6900
1623922099671000,1,2.42000000,618.4300
1623922105538000,1,0.23000000,618.3800
1623922105811000,1,0.00940000,618.3800
1623922138537000,0,2.00000000,618.7900
1623922148790000,0,0.07800000,619.0900
1623922216986000,0,2.00000000,618.8200
1623922266521000,1,8.44000000,619.1600
1623922289558000,1,2.00000000,618.9500
1623922435312000,1,9.13000000,618.9000
1623922457097000,1,2.42019386,618.9000
1623922457127000,1,3.42780614,618.9000
1623922457127000,1,5.26200000,618.9000
1623922458534000,1,2.02511000,618.6200
1623922458547000,1,0.42473607,618.6200
1623922492183000,0,2.42450000,618.9800
1623922529488000,0,2.00000000,618.9500
1623922529587000,0,0.00006553,618.9800
1623922532523000,0,2.42000000,618.9900
1623922535348000,0,4.64000000,619.1300
1623922563717000,0,8.51233470,619.1800
1623922563717000,0,0.53766530,619.1900
1623922601601000,0,4.04000000,619.2400
1623923069810000,0,2.42000000,618.9800
1623923219368000,1,0.36173000,618.7100
1623923219368000,1,2.06579685,618.7100
1623923219459000,1,4.03541000,618.7100
1623923219531000,1,4.88079315,618.7100
1623923219531000,1,0.11920685,618.7100
1623923219561000,1,5.28979315,618.7100
1623923328595000,1,0.09468750,617.6200
1623923331807000,0,2.38116006,617.6300
1623923332475000,0,0.04762320,617.6300
1623923336811000,0,0.00097190,617.6300
1623923336811000,0,2.42902810,617.6300
1623923338318000,0,0.00072706,617.6300
1623923338318000,0,2.42927294,617.6300
1623923340791000,0,0.00048222,617.6300
1623923340791000,0,1.16571778,617.6300
1623923342023000,0,0.68600000,617.6300
1623923344397000,0,0.09800000,617.6300
1623923344664000,0,0.48003738,617.6300
1623923345665000,0,1.68476663,617.6300
1623923346354000,0,0.09800000,617.6300
1623923349309000,0,0.08450000,617.6300
1623923356776000,1,8.87570000,617.4000
1623923408411000,0,2.00000000,617.6200
1623923530200000,0,2.42000000,618.1100
1623923531011000,0,0.00859177,618.1100
1623923531011000,0,8.54140823,618.2800
1623923533267000,1,8.21000000,617.8000
1623923595419000,0,8.06000000,618.0600
1623923636575000,0,2.42668000,618.5600
1623923650014000,0,0.00000222,618.5600
1623923650014000,0,2.41999778,619.1000
1623923650140000,0,0.00465509,619.1000
1623923650495000,0,2.42465287,619.1000
1623923650495000,0,1.37000000,619.3600
1623923650495000,0,2.40524428,619.5500
1623923651214000,0,1.37000000,618.9900
1623923653260000,0,0.09000000,619.6200
1623923655505000,0,0.50357000,620.0000
1623923655568000,0,0.00000100,620.0000
1623923658356000,0,1.37000000,620.5600
1623923691917000,0,2.41870000,620.6800
1623923701382000,0,2.00000000,620.3800
1623923701382000,0,4.70000000,620.4800
1623923757825000,1,4.54410000,619.9900
1623923761239000,1,6.43272000,619.8800
1623923762620000,1,0.13000000,619.8800
1623923762631000,1,0.00128000,619.8800
1623923813367000,0,2.42410000,619.3000
1623923813367000,0,0.00000888,619.3000
1623923813367000,0,4.04009112,619.4600
1623923813382000,0,0.00009034,619.4600
1623923830881000,1,4.76000000,618.9000
1623923841434000,1,4.70000000,618.9000
1623923845462000,0,0.79899531,619.5800
1623923851091000,1,8.40793168,618.6900
1623923884552000,1,2.00000000,619.5800
1623923886954000,1,2.00000000,619.5200
1623923889466000,1,2.00000000,619.4100
1623923891496000,1,2.00000000,619.4500
1623923891496000,1,0.34792000,619.3800
1623923891496000,1,2.41208000,619.3700
1623923975760000,0,8.86000000,620.0400
1623924085817000,1,3.24000000,620.1800
1623924148014000,0,2.41000000,620.2300
1623924301083000,1,4.72000000,619.6200
1623924321864000,1,0.00800000,619.6200
1623924321981000,1,0.08900000,619.5400
1623924322036000,1,8.63126000,619.5400
1623924323204000,1,9.06574000,619.5400
1623924402953000,1,2.00000000,618.4200
1623924405025000,0,2.00000000,618.8000
1623924405025000,0,2.00000000,618.8400
1623924405854000,0,2.18310000,618.7400
1623924414708000,0,0.00007908,618.7400
1623924414708000,0,2.17992092,618.7400
1623924462924000,0,1.94000000,617.9900
1623924484901000,1,0.21000000,617.6800
1623924506488000,1,0.00222000,617.6800
1623924552281000,0,1.70008000,617.9900
1623924854516000,1,2.00000000,617.7600
1623924854595000,1,15.39156088,617.7300
1623924854595000,1,3.20563912,617.7200
1623924854664000,1,1.61191287,617.7200
1623924854807000,1,0.95344801,617.7200
1623924854828000,1,1.59130000,617.7100
1623924854832000,1,3.20099999,617.7100
1623924854866000,1,2.14000000,617.7100
1623924854881000,1,0.27000000,617.7100
1623924854886000,1,1.02300000,617.7100
1623924854908000,1,0.80070001,617.7100
1623924855414000,1,0.54705337,617.1500
1623924855414000,1,0.57742127,617.1500
1623924898322000,0,8.41870000,617.4600
1623924913763000,0,0.23310000,617.9000
1623924919110000,0,1.02300000,618.4600
1623924925311000,0,0.15610000,618.7700
1623925099430000,1,0.19768000,618.2800
1623925197198000,0,1.21420000,618.0100
1623925508527000,0,0.15630000,618.2300
1623925808133000,1,5.25900000,618.2400
1623925817633000,1,5.08526836,617.8400
1623925817940000,1,9.88273164,617.8400
1623925818108000,1,0.17699000,617.8100
1623925852984000,0,0.97244000,617.3400
1623925906830000,0,2.44585000,617.3300
1623925912258000,0,0.00000633,617.3400
1623925912258000,0,0.97176367,617.6800
1623925939498000,0,0.00000957,617.6800
1623925939498000,0,0.72884043,617.7200
1623925965465000,0,0.00001414,617.7200
1623925965465000,0,0.17918961,617.9000
1623926091383000,0,0.13300000,617.5600
1623926107414000,0,0.72924000,617.3700
1623926160400000,1,0.24300000,617.6000
1623926163402000,1,0.15800000,617.6000
1623926166417000,1,0.22100000,617.6000
1623926169427000,1,0.10100000,617.6000
1623926172399000,1,0.27200000,617.6000
1623926175416000,1,0.15800000,617.6000
1623926177397000,1,0.15400000,617.6000
1623926180395000,1,0.18600000,617.6000
1623926182396000,1,0.12600000,617.6000
1623926184401000,1,0.12300000,617.6000
1623926186406000,1,0.12600000,617.6000
1623926198097000,1,3.02233000,617.6000
1623926198153000,1,1.91486534,617.6000
1623926198161000,1,3.74750080,617.6000
1623926198166000,1,3.00000000,617.6000
1623926198167000,1,0.32000000,617.6000
1623926198249000,1,2.12730386,617.6000
1623926263498000,0,0.16163056,617.2100
1623926267163000,0,0.72937000,617.2400
1623926272326000,0,0.00000526,617.2400
1623926272326000,0,0.16161744,617.2400
1623926391716000,0,0.72942000,617.2000
1623926398583000,0,0.00000020,617.2000
1623926398583000,0,0.07829980,617.2000
1623926446132000,0,0.65123276,617.2000
1623926446644000,0,0.72953000,617.2000
1623926463605000,0,0.72900000,617.4200
1623926695146000,1,0.24306000,616.9300
1623926695146000,1,0.48672287,616.9300
1623926695165000,1,0.72900000,616.9300
1623926697091000,1,0.72978729,616.9300
1623926697932000,1,1.01860000,616.9300
1623926698460000,1,0.72980674,616.9300
1623926700090000,1,0.72980674,616.9300
1623926700995000,1,3.71225000,616.9300
1623926701018000,1,2.96302636,616.9300
1623926701018000,1,7.03697364,616.9300
1623926701023000,1,0.05902636,616.9300
1623926716064000,0,0.73002000,616.8000
1623926731533000,0,0.00000924,616.8000
1623926731533000,0,0.73001076,616.8000
1623926821781000,1,3.00000000,616.7900
1623926822177000,0,1.07760000,616.7900
1623926935465000,0,0.48621000,617.3300
1623926949553000,1,3.43200000,616.7600
1623926988690000,0,0.19017000,616.4900
1623926989910000,0,0.00000662,616.4900
1623927004023000,0,0.50000000,617.1400
1623927010669000,0,0.48648000,616.9600
1623927086813000,0,0.00000314,616.9600
1623927086813000,0,0.48623686,617.2100
1623927145794000,0,0.48631000,617.2500
1623927148777000,0,0.00000820,617.2500
1623927148777000,0,2.00000000,617.4800
1623927165040000,0,0.46594482,617.2700
1623927183884000,0,2.00000000,617.2400
1623927183884000,0,0.43659584,617.2700
1623927219417000,0,2.00000000,617.2600
1623927219417000,0,0.43660408,617.2900
1623927486170000,0,0.48572000,617.9400
1623927569053000,1,0.23151000,617.3800
1623927569053000,1,2.84006000,617.3800
1623927569118000,1,3.00000000,617.3800
1623927570092000,1,0.48624088,617.3800
1623927572090000,1,0.48624088,617.3800
1623927573962000,1,0.48624088,617.3800
1623927575091000,1,0.48624088,617.3800
1623927577091000,1,0.48624088,617.3800
1623927578905000,0,0.48619000,617.4200
1623927579709000,0,0.00000492,617.4200
1623927579709000,0,0.81052508,617.4800
1623927594911000,1,0.24308732,617.3800
1623927598089000,1,0.24308549,617.3800
1623927601399000,0,0.24000000,617.4300
1623927625554000,0,0.00000805,617.4800
1623927625554000,0,0.23999195,617.6600
1623927625689000,0,0.00301137,617.6600
1623927662469000,0,0.15630000,617.8900
1623927750188000,0,0.24296000,617.6500
1623927750200000,0,0.00000369,617.6500
1623927750415000,0,0.24260000,617.9100
1623927750493000,0,0.00000708,617.9100
1623927750493000,0,0.60649292,617.9200
1623927750813000,0,1.57688000,618.0600
1623927892116000,0,0.24281441,618.2400
1623927892224000,1,0.24281441,618.2400
1623927894100000,1,0.24281441,618.2400
1623927898987000,1,0.24277545,618.2400
1623927906414000,0,0.24276000,618.2900
1623927963916000,0,0.00000739,618.2900
1623927963916000,0,0.24275261,618.2900
1623927963993000,0,0.00001478,618.2900
1623927963993000,0,0.40486849,618.4800
1623927963993000,0,9.59511673,618.5100
1623928246295000,0,0.24237000,619.2400
1623928292792000,0,0.24000000,619.4500
1623928292808000,0,0.00229087,619.4500
1623928487452000,0,0.00008528,620.6800
1623928487452000,0,0.24091472,620.9500
1623928488048000,0,0.50245000,621.0000
1623928489054000,1,0.50000000,620.5100
1623928489376000,1,0.20000000,620.5100
1623928516264000,1,0.24100000,620.3500
1623928532344000,1,2.50000000,620.3500
1623928532349000,1,1.06860000,620.3500
1623928532366000,1,3.35440000,620.3500
1623928532408000,1,4.59942670,620.2100
1623928532418000,1,0.22230000,620.2100
1623928532456000,1,2.45045000,620.2100
1623928532487000,1,5.27830000,620.2100
1623928532544000,1,1.99552330,620.2100
1623928632122000,0,0.07790000,619.8300
1623928687012000,1,0.20442000,619.4900
1623928800952000,0,0.24000000,619.5400
1623928801057000,0,0.00229509,619.5400
1623928863141000,1,2.35730279,618.9400
1623928863143000,1,0.19516204,618.9400
1623928863150000,1,2.42400000,618.9400
1623928863177000,1,2.41860000,618.9400
1623928863178000,1,4.41247777,618.9400
1623928863202000,1,1.10045740,618.9400
1623928923347000,0,0.24261000,618.5900
1623929055141000,1,0.02878132,618.2400
1623929055141000,1,2.36388868,618.2400
1623929071455000,1,0.34900000,618.2400
1623929075871000,1,2.39870000,618.2400
1623929076047000,1,1.01860000,618.2400
1623929076278000,1,1.81835634,618.2400
1623929076300000,1,0.15345498,618.2400
1623929076300000,1,0.42257475,618.2400
1623929080963000,1,0.31720000,618.2400
1623929084389000,1,0.38943689,618.2400
1623929085886000,1,1.71678836,618.2400
1623929105403000,1,0.05000000,618.0600
1623929105403000,1,0.17880000,618.0600
1623929113418000,1,0.10000000,618.2400
1623929121732000,1,0.25968075,617.8700
1623929121822000,1,0.31668626,617.9000
1623929122035000,1,0.31671166,617.8700
1623929122101000,1,0.19002700,617.9000
1623929142659000,1,1.19190345,617.8600
1623929147429000,0,0.12945778,618.2000
1623929302085000,1,0.21700000,617.5100
1623929302229000,1,0.30897559,617.5100
1623929359342000,0,2.50000000,618.0100
1623929594402000,1,0.11807542,618.0100
1623929597082000,1,0.17973991,618.0100
1623929613814000,1,0.70218467,618.0100
1623929619028000,0,5.00000000,617.3000
1623929640880000,0,0.18824362,617.7800
1623929640880000,0,0.47059228,617.7800
1623929640887000,0,0.00000001,617.7800
1623929680555000,1,1.86300003,617.6800
1623929686953000,1,2.29310005,617.6800
1623929702917000,1,0.63100000,617.6800
1623929703014000,1,0.21320000,617.6800
1623929703664000,1,1.71390000,617.6800
1623929725556000,1,0.20479992,617.6800
1623929725556000,1,1.30352008,617.6800
1623929747255000,1,1.56619238,617.6800
1623929748387000,1,0.21675076,617.6800
1623929783613000,1,1.33753678,617.6800
1623929995116000,1,0.56764155,617.7600
1623930010737000,1,0.56758759,617.8700
1623930309476000,0,1.37000000,618.0200
1623930314429000,0,1.37000000,618.2700
1623930339972000,0,0.41800000,618.1800
1623930340459000,0,0.41800000,618.1700
1623930340528000,0,0.95200000,618.1700
1623930341305000,0,0.37100000,618.3300
1623930341759000,1,0.56753368,618.2000
1623930343111000,1,8.76991365,617.8200
1623930343111000,1,2.00000000,617.8100
1623930343111000,1,2.42667465,617.7900
1623930343111000,1,13.36542125,617.5600
1623930354990000,1,2.00000000,618.1400
1623930354990000,1,8.94400000,618.1300
1623930354990000,1,2.00000000,618.0400
1623930354990000,1,2.87080139,618.0300
1623930358007000,0,0.40400000,618.4800
1623930358138000,1,0.56747978,618.2200
1623930433414000,1,5.00000000,618.1800
1623930472324000,1,0.56742587,618.2300
1623930542142000,0,0.00000707,618.5900
1623930581696000,1,0.41800000,618.1800
1623930581892000,1,0.71519984,618.1800
1623930581929000,1,0.86680016,618.1800
1623930581929000,1,0.30891377,618.1800
1623930581972000,1,0.13142623,618.1800
1623930581972000,1,2.36857377,618.1800
1623930582053000,1,2.50000000,618.1800
1623930582127000,1,0.60076183,618.1800
1623930583897000,1,0.17263219,618.1800
1623930600264000,1,3.38803221,618.1800
1623930600264000,1,2.24549700,618.1800
1623930600286000,1,0.40816001,618.1800
1623930600746000,1,3.11934000,618.1800
1623930600769000,1,0.00000299,618.1800
1623930896752000,0,0.04350093,617.2800
1623931020573000,0,0.33700000,617.4400
1623931020806000,0,0.31200000,617.5900
1623931024063000,0,0.33700000,617.7400
1623931257090000,1,0.98666000,617.0000
1623931257090000,1,1.11309000,617.0000
1623931257468000,1,7.32391000,617.0000
1623931257468000,1,2.24200000,617.0000
1623931298001000,0,12.97000000,616.5700
1623931326776000,0,0.09400000,616.3400
1623931506125000,0,2.43744000,615.8100
1623931624209000,0,0.00000116,615.8100
1623931661902000,0,3.06256000,616.3400
1623931661981000,0,5.00000000,616.3400
1623931661998000,0,0.77136679,616.3400
1623931869370000,1,3.18200000,616.4100
1623931885295000,1,2.43479132,616.2900
1623931885396000,1,4.02620868,616.2900
1623931898124000,1,0.22758000,616.2600
1623931917614000,0,2.43699000,615.9000
1623931917771000,0,0.00000396,615.9000
1623932023280000,1,0.31237838,614.8400
1623932023309000,1,1.05762162,614.8400
1623932024532000,1,2.43995000,614.5500
1623932024802000,1,1.69005000,614.5500
1623932025892000,1,4.13000000,614.4400
1623932025892000,1,1.37000000,614.4400
1623932042663000,0,2.65030449,613.9900
1623932058423000,1,0.09562500,613.1500
1623932058946000,1,0.09375000,612.9800
1623932059459000,1,0.09000000,612.8400
1623932078082000,0,0.14011654,612.5800
1623932078082000,0,0.35035658,612.5800
1623932079681000,1,2.00000000,612.5900
1623932116215000,0,0.45390000,611.8000
1623932169035000,0,0.15760000,613.0300
1623932307220000,0,1.00000000,610.3900
1623932333577000,1,0.04511753,610.3900
1623932339563000,0,2.45760000,610.6300
1623932341606000,0,0.00000738,610.6300
1623932341606000,0,0.22380983,610.6300
1623932360426000,0,2.23379000,610.6300
1623932372496000,0,0.09927470,610.6200
1623932372496000,0,0.09927470,610.6200
1623932372496000,0,0.00000755,610.6300
1623932372496000,0,2.25924305,610.6300
1623932372692000,0,2.45776000,610.6000
1623932372814000,0,1.31230204,610.6000
1623932390054000,0,2.45700000,610.8900
1623932390622000,0,0.00009073,610.8900
1623932412047000,0,0.09479247,611.2900
1623932412047000,0,0.09478193,611.3300
1623932412047000,0,13.09600000,611.3500
1623932426196000,0,4.04370000,611.9400
1623932528006000,1,2.00000000,611.4400
1623932528073000,0,1.15000000,611.4200
1623932528085000,0,17.08874244,611.4200
1623932670155000,1,0.16388000,612.3500
1623932670155000,1,5.88109000,612.3500
1623932683549000,1,4.00000000,612.3500
1623932683631000,1,1.79491000,612.3500
1623932683631000,1,4.10200000,612.3500
1623932702905000,0,2.45283000,611.9200
1623932803177000,1,0.55300000,610.3900
1623932803765000,1,0.00076400,610.3900
1623932822269000,0,0.09187500,609.4700
1623932822813000,0,0.08356937,609.4600
1623932822813000,0,0.41643063,609.4700
1623932823242000,0,2.46371000,609.4700
1623932831120000,1,2.00000000,609.3500
1623932839110000,0,2.46190000,609.9400
1623932890861000,0,2.46121000,609.7500
1623932891057000,0,0.00000114,609.7500
1623932918098000,0,0.47530000,609.5800
1623932942308000,0,2.46474000,608.9800
1623932942475000,0,0.00000689,608.9800
1623933006393000,1,0.53545355,608.9300
1623933006393000,1,0.80304645,608.7500
1623933030185000,1,0.59700000,608.1000
1623933030382000,1,0.77300000,608.1000
1623933109428000,0,2.46358000,609.2900
1623933122532000,0,2.00000000,609.7100
1623933128976000,1,1.90100000,609.7600
1623933128994000,1,10.00000000,609.7600
1623933129017000,1,10.00000000,609.7600
1623933146367000,0,2.46279000,609.3300
1623933155068000,0,0.00000047,609.3300
1623933272945000,1,7.66100000,608.3800
1623933289143000,0,2.46699000,608.4100
1623933289256000,0,0.00000772,608.4100
1623933291928000,0,2.46000000,608.7200
1623933450140000,0,2.46717000,608.2500
1623933475167000,0,0.00000214,608.2500
1623933475167000,0,2.46716786,608.2500
1623933475242000,0,0.00000428,608.2500
1623933486212000,0,2.00000000,608.6800
1623933487958000,0,1.37000000,608.8900
1623933559430000,0,0.36964470,609.9100
1623933612588000,0,2.46212395,609.6400
1623933612750000,0,2.46212000,609.6400
1623933624667000,0,0.00003497,609.9400
1623933697941000,0,2.46300000,609.4600
1623933697984000,0,0.00005412,609.4600
1623933734192000,1,0.17094000,609.3600
1623933840847000,0,2.21800000,608.9400
1623933840888000,0,0.00007094,608.9400
1623933841065000,0,8.05360000,609.1400
1623933885953000,0,1.97118085,609.2200
1623933885953000,0,2.00000000,609.2200
1623933885953000,0,2.00000000,609.4200
1623933885953000,0,4.39365269,609.4200
1623934079519000,0,0.15850000,609.5300
1623934109716000,0,0.09000000,609.3700
1623934224466000,0,2.00000000,609.9600
1623934227741000,0,1.37000000,610.2800
1623934261914000,0,1.47440000,610.8900
1623934280928000,0,0.00006673,610.8900
1623934408474000,0,0.06950000,611.2400
1623934439041000,0,1.47000000,611.0800
1623934472337000,1,0.65542610,610.5700
1623934472481000,1,5.60540000,610.5700
1623934472521000,1,0.67300059,610.5700
1623934472563000,1,4.00000000,610.5700
1623934472651000,1,2.82517331,610.5700
1623934472651000,1,0.12483000,610.5700
1623934491438000,1,0.07637788,610.2100
1623934491438000,1,4.83400000,610.2000
1623934514225000,0,1.22000000,610.2800
1623934590250000,1,0.04171578,609.8500
1623934610908000,0,1.23000000,610.0600
1623934628063000,0,0.00004264,610.0600
1623934643984000,0,1.23000000,610.0400
1623934652467000,0,0.00014033,610.0400
1623934652467000,0,1.22985967,610.0400
1623934654004000,0,0.00028066,610.0400
1623934654004000,0,1.22971934,610.0400
1623934702211000,0,0.98000000,609.4800
1623934743138000,1,0.27186421,608.3900
1623934743138000,1,0.60229579,608.3800
1623934743139000,1,0.07731784,608.3800
1623934746183000,0,0.73979000,608.6200
1623934754091000,0,0.00000789,608.6200
1623934754091000,0,0.72999211,608.6200
1623934756783000,0,0.00980578,608.6200
1623934756783000,0,1.23019422,608.7700
1623934758479000,0,0.73000000,608.6200
1623934772417000,0,0.73000000,608.9100
1623934786457000,0,0.73000000,609.1600
1623934790358000,0,0.49000000,609.2400
1623934804115000,0,0.49000000,609.5100
1623934816263000,0,0.49232818,609.7900
1623934817428000,0,0.49232818,609.7900
1623934817428000,0,5.39767182,609.8800
1623934836295000,0,0.00042099,610.0400
1623934836295000,0,9.99957901,610.2100
1623934900345000,0,0.49246014,609.5300
1623934900345000,0,2.00000000,609.5300
1623934900345000,0,0.67653986,609.6500
1623934921979000,0,0.49000000,608.8600
1623934922246000,0,0.00304638,608.8600
1623934923262000,0,0.49304638,608.8600
1623934923262000,0,0.32695362,609.0500
1623934925312000,0,0.49000000,608.8600
1623934925409000,0,0.00304638,608.8600
1623934947822000,0,0.49000000,608.6300
1623934982755000,0,0.24000000,608.5400
1623934990809000,0,0.24000000,609.0300
1623935032443000,0,0.24000000,609.6100
1623935217325000,0,0.24645000,609.1100
1623935217365000,0,0.00000719,609.1100
1623935225542000,0,0.24000000,609.3300
1623935325243000,1,0.24086587,608.8100
1623935325450000,1,4.61986495,608.8100
1623935325450000,1,1.07611364,608.7200
1623935325490000,1,2.24213412,608.7200
1623935325603000,1,4.97186839,608.7200
1623935325603000,1,0.00864711,608.7100
1623935403284000,1,1.35035027,608.4000
1623935403499000,1,0.82114210,608.4000
1623935403817000,1,0.12250763,608.4000
1623935403817000,1,0.07302903,608.3800
1623935403853000,1,0.91669457,608.3800
1623935413624000,1,7.64120000,608.3800
1623935419366000,1,0.00007640,608.3800
1623935423902000,1,0.61459201,607.5700
1623935464135000,0,0.24717000,607.4800
1623935496659000,1,10.00000000,607.1100
1623935575464000,0,0.24000000,607.7700
1623936123473000,0,8.43000000,606.1500
1623936144535000,0,4.64000000,606.4300
1623936261247000,0,0.24721801,607.1600
1623936261247000,0,2.00000000,607.1600
1623936261247000,0,2.52588199,607.2000
1623936286554000,0,20.00000000,607.1900
1623936287094000,0,0.17000000,607.1900
1623936287122000,0,0.00954681,607.1900
1623936383562000,1,0.24723947,606.9600
1623936383951000,1,3.70376000,606.9600
1623936384147000,1,0.00000053,606.9600
1623936425702000,0,0.24730000,606.8100
1623936425793000,0,0.00000543,606.8100
1623936520832000,1,0.24740132,606.6100
1623936679103000,0,0.08306284,607.9200
1623936679103000,0,0.07583716,607.9200
1623936773094000,0,0.07460000,608.9800
1623936914195000,1,2.83325343,609.4100
1623936926849000,0,0.07951026,609.6500
1623936926849000,0,0.19048974,609.6500
1623936935572000,1,1.15950000,609.4100
1623936937736000,1,0.11724657,609.4100
1623936938676000,1,0.64061499,609.1000
1623936938676000,1,2.34230786,609.1000
1623936938996000,1,2.61768097,609.1000
1623936981221000,1,0.29094138,609.1000
1623937047448000,1,0.25000000,609.1100
1623937100100000,1,2.00000000,609.4700
1623937112458000,1,8.23000000,609.3900
1623937124839000,1,4.75000000,609.3500
1623937179072000,0,4.99353446,609.6200
1623937179072000,0,8.03646554,609.6300
1623937220095000,1,0.82000000,609.3000
1623937273610000,1,4.00000000,609.6900
1623937285697000,1,1.66000000,608.9900
1623937324269000,1,0.00500000,608.9900
1623937324269000,1,13.83150449,608.8400
1623937324269000,1,4.59342519,608.8300
1623937324269000,1,8.68637922,608.8200
1623937454510000,1,0.33857091,608.2400
1623937454510000,1,0.33859093,608.2000
1623937522399000,0,0.64556627,608.2600
1623937545267000,0,0.07940000,608.2900
1623937854539000,0,2.00000000,609.0800
1623937854539000,0,3.00000000,609.1200
1623937904621000,0,0.23810000,608.6000
1623937986494000,1,1.42562381,607.6400
1623938067703000,0,0.19840000,608.6000
1623938090658000,0,0.15870000,608.6000
1623938155378000,0,0.15890000,607.8100
1623938156007000,0,8.36000000,607.8100
1623938168290000,1,0.73241003,606.9800
1623938168290000,1,0.28758997,606.9800
1623938255118000,1,8.23000000,606.7200
1623938512403000,1,4.80000000,606.3800
1623938522952000,1,0.76911756,605.7200
1623938522983000,1,0.60088244,605.7200
1623938528970000,0,31.92415000,605.5900
1623938586369000,0,23.59346088,605.0300
1623938586369000,0,8.41653912,605.0500
1623938607857000,0,0.07180000,605.1500
1623938640566000,0,0.24000000,604.5900
1623938688748000,0,0.24808839,605.0600
1623938688748000,0,1.12191161,605.1200
1623938708837000,0,5.00000000,605.6300
1623938725247000,1,11.06000000,605.1800
1623938812933000,1,8.13526279,604.9700
1623938812933000,1,3.96473721,604.9600
1623938903148000,0,1.15720000,605.2000
1623938939339000,1,0.14000000,604.5600
1623938964435000,0,1.87450000,605.5900
1623938996279000,1,0.93000000,604.9900
1623938997488000,1,0.23000000,604.9900
1623939013201000,1,0.73000464,605.0000
1623939013457000,1,0.57679567,605.0000
1623939013591000,1,0.52100000,605.0000
1623939013949000,1,0.41119969,605.0000
1623939026110000,1,7.26300000,604.9900
1623939295750000,0,9.57000000,605.2200
1623939299214000,0,0.95880960,605.2300
1623939404147000,0,0.24000000,605.5400
1623939481748000,0,0.24000000,605.0100
1623939482617000,0,0.24794644,605.2300
1623939546722000,0,0.24777494,605.7200
1623939547178000,0,0.24769964,605.9500
1623939610524000,0,0.07960000,606.4300
1623939648579000,0,0.24000000,605.9700
1623939659291000,1,10.00000000,605.3900
1623939735369000,1,2.00000000,605.4400
1623939735369000,1,1.18199937,605.4200
1623939795657000,0,0.08770000,605.9700
1623939873155000,0,8.43000000,605.9700
1623939873566000,0,2.00000000,605.9500
1623939930076000,0,1.15000000,606.1600
1623939930079000,0,0.85000000,606.1600
1623939930630000,0,0.29893108,606.3200
1623939930751000,0,0.15500000,606.4200
1623939930795000,0,0.59282083,606.4200
1623939930795000,0,0.04090131,606.4300
1623939930829000,0,1.88488914,606.4300
1623939930969000,0,0.01766164,606.4300
1623939934761000,1,1.15000000,606.9200
1623939934770000,1,0.85000000,606.9200
1623939980219000,0,1.37000000,608.5300
1623939980949000,0,0.07425814,608.5200
1623939996942000,1,0.48000000,608.4300
1623940003388000,0,0.04752521,608.7900
1623940012098000,1,0.15360000,608.5100
1623940084365000,0,0.24000000,609.3100
1623940121456000,0,0.24000000,610.1000
1623940143426000,0,4.73230000,610.3800
1623940146575000,1,8.61000000,609.7900
1623940169529000,0,0.24000000,609.6300
1623940169538000,0,0.00624169,609.6300
1623940169538000,0,0.08885831,609.9500
1623940218223000,0,8.66000000,610.3800
1623940241426000,0,0.24000000,611.1700
1623940248746000,1,2.00000000,610.8400
1623940250980000,1,2.00000000,610.8000
1623940250980000,1,1.25555083,610.7700
1623940253616000,1,0.17134483,610.8000
1623940289250000,1,8.26000000,610.5900
1623940300838000,0,0.24000000,610.8400
1623940452249000,1,0.27800000,610.4100
1623940463100000,1,4.00000000,610.1200
1623940465077000,0,0.24000000,610.6300
1623940481754000,1,0.08104000,610.8300
1623940492163000,1,0.00000538,610.8300
1623940567584000,0,0.24000000,610.1500
1623940568077000,0,0.24588266,610.4000
1623940821134000,0,2.00000000,609.4300
1623940821134000,0,8.49992955,609.5300
1623940821134000,0,0.24007045,609.5500
1623940922040000,0,0.24000000,609.0500
1623940958389000,1,8.70000000,608.9600
1623940958678000,1,0.00201189,608.9600
1623940962952000,0,0.24642742,609.1000
1623941001537000,0,6.29000000,608.3300
1623941018256000,0,0.49000000,608.4400
1623941037733000,0,0.46904973,607.9600
1623941038445000,0,0.02468683,607.9600
1623941038445000,0,0.10048188,608.1200
1623941042980000,0,0.49000000,607.9600
1623941049293000,0,0.47650000,607.9300
1623941067459000,1,8.10000000,607.2000
1623941112842000,0,8.91388474,608.1700
1623941112842000,0,3.68611526,608.1800
1623941162193000,0,0.57093087,607.6700
1623941191495000,0,0.30000000,607.5200
1623941197989000,1,1.78579537,607.1700
1623941223884000,1,0.36000000,607.1600
1623941224365000,1,7.94417338,607.1600
1623941232207000,1,4.64696000,606.8200
1623941287337000,0,0.49000000,606.5800
1623941291067000,0,5.09000000,606.7500
1623941293795000,0,6.01000000,606.7700
1623941298693000,0,0.49000000,606.8300
1623941358855000,0,0.49447501,607.0700
1623941358855000,0,0.81552499,607.0900
1623941362908000,0,0.49450107,606.4700
1623941395483000,1,4.83000000,606.0800
1623941420056000,0,0.49000000,606.2500
1623941422110000,0,0.00515253,606.2500
1623941422110000,0,4.85484747,606.3900
1623941450252000,0,0.24749975,606.5200
1623941450252000,0,9.75250025,606.5400
1623941494049000,1,4.67788541,606.1600
1623941494049000,1,8.19211459,606.1600
1623941536539000,0,0.07970000,606.2900
1623941648464000,0,0.42489616,607.2400
1623941648497000,0,2.49000006,607.2400
1623941648513000,0,5.74810577,607.2400
1623941659393000,0,4.84000000,607.8000
1623941672378000,0,0.24000000,608.0500
1623941674827000,1,3.87000000,607.7500
1623941679615000,0,1.98000000,608.3800
1623941715263000,1,2.57000000,607.4200
1623941715266000,1,5.52045900,607.4200
1623941762880000,0,0.24000000,607.4700
1623941861573000,0,0.24000000,608.2200
1623941894894000,0,0.11963096,608.9200
1623941900138000,0,1.56000000,608.9600
1623942094240000,0,8.09000000,609.5000
1623942094374000,0,0.00462057,609.5000
1623942138515000,1,3.17000000,609.3000
1623942141316000,0,0.24619321,609.6900
1623942274454000,1,0.10000000,609.3800
1623942404234000,1,0.66000000,609.3300
1623942471016000,1,2.00000000,608.1700
1623942524915000,0,0.49000000,608.1400
1623942676882000,0,0.49000000,607.4500
1623942720572000,1,1.00000000,607.1800
1623942823806000,0,0.49000000,607.2300
1623942838288000,1,2.00000000,607.4400
1623942852407000,0,0.49000000,607.4500
1623942857021000,0,0.49000000,607.7100
1623942897567000,0,2.28000000,608.1200
1623942899571000,0,0.74320855,608.1400
1623942899571000,0,7.07679145,608.1400
1623942902734000,0,0.00920855,608.1400
1623942902734000,0,3.48079145,608.1400
1623942922636000,0,2.00000000,608.1200
1623942925520000,0,0.00920855,608.1400
1623943022096000,0,2.45000000,607.6800
1623943132407000,0,5.01000000,608.1900
1623943226781000,0,0.49000000,608.2500
1623943261211000,0,0.49000000,608.3100
1623943278158000,0,0.00346226,608.3100
1623943278158000,0,1.99653774,608.3100
1623943576539000,1,2.02039180,608.8900
1623943625205000,0,0.55490000,609.3100
1623943648054000,0,2.46424137,609.1500
1623943660592000,0,1.02000000,609.1500
1623943819742000,0,4.63536000,608.8800
1623943819826000,0,4.77664000,608.8800
1623943819826000,0,2.72336000,608.8800
1623943819920000,0,1.91164000,608.8800
1623943842890000,0,1.93000000,609.3400
1623943942083000,0,2.46130000,609.8200
1623944110512000,1,0.65000000,610.3700
1623944172557000,0,2.46000000,610.0800
1623944172635000,0,0.00039168,610.0800
1623944200928000,1,2.00000000,609.7200
1623944200928000,1,2.64894240,609.6900
1623944325607000,1,0.62209413,610.0200
1623944325607000,1,1.54790587,610.0200
1623944325961000,1,0.00734050,610.0200
1623944325961000,1,0.61265950,609.9200
1623944696755000,0,0.05000000,609.7400
1623944729311000,0,16.34600000,609.7400
1623944729311000,0,4.34500000,609.7400
1623944786160000,0,0.39255000,610.2300
1623944826294000,0,2.45760000,610.6700
1623944855432000,0,0.00000127,610.6700
1623944893719000,0,2.00000000,611.8400
1623945168680000,0,0.13400000,611.0100
1623945168843000,0,0.00065000,611.0100
1623945208055000,1,18.88000000,611.3100
1623945259251000,0,0.00000361,611.9200
1623945259251000,0,2.44999639,611.9600
1623945269610000,0,3.87000000,612.1700
1623945269836000,0,2.45180000,612.2200
1623945272241000,0,2.41000000,612.5200
1623945316351000,0,5.54000000,612.4300
1623945373255000,0,0.06940000,612.2200
1623945450324000,1,4.91000000,611.3100
1623945507383000,0,0.77000000,611.5300
1623945604269000,0,12.50800000,611.9400
1623945605538000,0,0.13777000,612.2300
1623945606557000,1,0.09656250,612.0300
1623945606657000,0,1.01600000,612.0300
1623945606670000,0,2.51922813,612.0300
1623945606706000,0,4.79860000,612.6000
1623945609192000,1,2.00000000,612.4300
1623945616285000,0,11.51000000,612.9600
1623945618279000,0,2.13000000,613.2900
1623945618669000,0,3.32500000,613.1000
1623945620862000,1,2.00000000,613.1700
1623945621529000,1,0.60591000,613.1400
1623945626853000,1,4.60536000,612.3700
1623945637569000,1,0.54556000,611.4500
1623945646249000,0,2.00000000,611.6300
1623945646249000,0,10.37000000,611.6900
1623945648246000,0,0.12000000,611.5900
1623945658136000,1,0.50764365,610.8800
1623945658136000,1,1.26937078,610.8500
1623945664031000,0,2.00000000,611.3000
1623945666094000,0,2.45000000,611.4500
1623945681767000,1,1.00207260,610.6800
1623945711291000,1,8.77983000,610.1400
1623945715898000,0,1.65991782,610.2200
1623945715898000,0,0.09187500,610.3200
1623945723529000,0,2.00000000,610.5500
1623945739289000,0,0.11060000,611.1300
1623945748461000,0,0.94000000,610.8300
1623945788335000,0,0.00824000,611.5900
1623945789184000,0,1.41000000,612.0700
1623945860704000,1,4.90460000,610.6800
1623945902382000,0,8.21000000,610.4100
1623945908663000,0,4.66000000,610.6800
1623945935948000,1,0.19642192,609.6900
1623945936716000,0,2.00000000,610.4000
1623945943204000,1,21.88192577,609.9900
1623945943204000,1,0.62336657,609.9700
1623945949322000,0,2.46000000,610.1700
1623945962657000,0,0.00037402,610.1700
1623945962657000,0,2.45962598,610.1700
1623946023722000,1,8.77000000,609.1700
1623946045212000,0,3.41000000,609.6800
1623946080867000,0,2.46000000,609.4900
1623946087813000,1,0.51734457,608.8200
1623946087813000,1,5.01265543,608.8000
1623946089767000,1,1.41000000,608.5300
1623946106073000,0,6.50000000,608.9000
1623946143592000,0,7.47000000,609.2100
1623946145832000,0,4.73000000,609.2200
1623946147917000,0,8.29037879,609.2400
1623946147917000,0,2.46396283,609.2400
1623946205734000,0,1.77000000,609.7100
1623946216767000,0,2.31251187,609.7100
1623946227500000,0,2.41000046,609.7100
1623946238012000,0,2.50000014,609.7100
1623946242341000,0,0.68248753,609.7100
1623946242341000,0,1.91751272,609.7100
1623946246812000,0,0.50860000,609.7100
1623946248623000,0,2.33888000,609.7100
1623946294488000,0,0.00000728,609.7100
1623946294488000,0,0.25323272,609.7100
1623946322830000,0,0.00000728,609.7100
1623946327646000,0,0.00074804,610.1700
1623946327646000,0,0.82925196,610.1700
1623946507792000,1,8.19000000,608.7900
1623946513108000,0,0.63440000,609.0200
1623946544522000,1,1.41000000,607.7300
1623946561252000,0,6.45000000,608.2600
1623946568276000,0,2.78000000,608.2700
1623946576325000,0,2.46000000,608.3600
1623946605000000,1,0.33549233,607.5400
1623946628030000,1,5.00719519,606.9500
1623946629242000,1,1.41000000,606.9700
1623946646834000,0,2.47000000,606.9300
1623946694454000,0,0.06370000,606.9900
1623946729249000,1,0.29320916,606.2600
1623946729249000,1,9.70679084,606.2600
1623946729505000,1,0.73302290,606.2500
1623946805427000,0,6.02000000,606.2100
1623946807513000,0,4.87000000,606.2300
1623946810584000,0,2.47000000,606.2800
1623946820024000,1,10.00000000,605.9100
1623946820037000,1,2.00000000,605.9100
1623946841887000,1,8.70000000,605.8300
1623946845710000,1,2.00000000,605.7000
1623946852828000,1,2.00000000,605.4900
1623946855295000,1,2.00000000,605.2400
1623946855295000,1,2.60000000,605.2100
1623946855523000,1,2.00484809,605.2100
1623946875519000,0,0.22000000,605.5700
1623946907425000,0,0.00466000,605.5700
1623946907425000,0,2.04534000,605.7500
1623946911429000,0,0.43000000,605.7500
1623946913449000,0,0.00210775,605.7500
1623946913449000,0,2.47744775,605.7500
1623946913449000,0,5.05240204,605.7900
1623946913449000,0,8.52804246,605.8000
1623946925846000,0,2.47000000,606.0100
1623946959358000,0,2.47790000,605.7600
1623946959416000,0,0.00007777,605.7600
1623947072517000,1,2.00000000,604.6100
1623947088015000,0,2.48220000,604.7100
1623947096977000,0,0.00004775,604.7100
1623947096977000,0,2.48224775,604.7100
1623947124572000,0,11.95500000,605.1000
1623947124572000,0,7.64300000,605.1000
1623947186878000,0,2.48020000,605.0300
1623947188643000,0,0.00001458,605.0300
1623947188643000,0,2.48021458,605.0300
1623947243059000,1,8.40000000,603.7500
1623947343233000,0,0.43889824,603.7900
1623947425021000,1,29.32000000,602.6800
1623947425496000,1,0.00382026,602.6800
1623947425496000,1,6.22617974,602.6600
1623947425595000,1,0.33305439,602.6600
1623947425636000,1,1.15000000,602.6600
1623947425929000,1,27.83718913,602.6600
1623947451667000,1,5.01000000,601.9100
1623947464148000,0,4.99000000,602.6300
1623947535220000,0,10.00000000,602.6200
1623947535238000,0,10.00000000,602.6200
1623947597130000,1,2.48000000,602.3200
1623947637806000,0,2.49000000,602.3900
1623947647420000,0,0.00093656,602.3900
1623947647420000,0,8.43906344,602.5800
1623947658703000,1,0.16373869,602.2200
1623947658703000,1,1.39483000,602.2200
1623947658703000,1,0.16374629,602.2100
1623947658703000,1,7.12298762,602.1400
1623947666954000,1,2.50751398,602.2100
1623947666954000,1,6.32924888,602.2100
1623947678386000,0,0.20500000,603.0300
1623947680113000,0,0.94500000,603.0000
1623947694075000,0,0.00066000,603.0300
1623947738742000,0,4.69000000,603.5500
1623947750579000,0,0.55300000,603.5500
1623947751823000,0,0.31466641,603.7100
1623947754159000,0,4.76000000,603.7100
1623947755020000,1,5.00000000,603.5700
1623947761519000,0,0.51000000,603.7100
1623947762998000,0,0.20273101,603.7100
1623947763357000,0,0.42663838,603.7100
1623947764989000,0,0.48000000,603.7100
1623947768578000,0,1.50000000,603.7100
1623947776905000,1,5.00000000,603.6500
1623947776905000,1,2.48340000,603.6100
1623947777028000,1,0.00001746,603.6100
1623947782050000,1,8.30979298,603.1700
1623947782050000,1,1.69020702,603.1500
1623947793366000,1,0.98759616,602.5900
1623947793860000,1,0.13270000,602.4500
1623947794077000,1,0.13273000,602.4600
1623947794077000,1,0.12727000,602.4400
1623947798855000,0,0.23916748,602.8600
1623947799618000,0,2.48875125,603.0200
1623947811159000,0,5.11404931,603.2800
1623947811159000,0,4.88595069,603.2800
1623947819096000,0,0.00696420,603.7100
1623948030749000,1,4.79000000,602.7200
1623948044044000,1,8.55020000,601.9500
1623948047509000,1,1.15000000,601.7000
1623948060640000,0,0.30000000,601.4700
1623948060985000,0,0.20000000,601.4700
1623948079908000,0,0.22000000,601.1500
1623948082153000,0,0.00209000,601.1500
1623948082153000,0,2.52036576,601.5800
1623948129872000,1,1.99000000,601.0100
1623948137118000,0,8.89570000,601.2400
1623948137205000,0,0.00002488,601.2400
1623948153533000,0,4.61000000,601.6500
1623948202951000,1,5.09000000,601.3100
1623948203133000,1,0.00017459,601.3100
1623948224439000,1,8.34000000,601.2300
1623948294135000,0,1.10260554,601.5000
1623948308883000,1,0.49000000,600.7600
1623948310656000,1,2.52830000,600.5700
1623948313582000,0,0.20000000,600.2500
1623948336224000,1,2.00000000,599.9300
1623948367016000,0,4.44500000,600.5100
1623948402128000,0,1.60820000,600.6800
1623948414798000,1,1.74820000,600.1900
1623948414801000,1,0.00000518,600.1900
1623948543915000,1,2.49690000,600.3200
1623948544018000,1,0.00005941,600.3200
1623948579040000,1,2.49895000,599.6100
1623948579060000,1,0.00000944,599.6100
1623948613810000,0,3.38100000,599.8500
1623948615162000,0,1.26675830,599.8500
1623948615230000,0,1.83848340,599.8500
1623948616907000,0,1.26675830,599.8500
1623948622743000,0,5.36398467,600.1900
1623948622775000,0,0.77400000,600.1800
1623948622909000,0,2.48600000,600.1900
1623948623038000,0,0.22686779,600.1900
1623948626751000,0,1.15000000,600.0100
1623948627438000,0,2.66800000,600.0100
1623948653833000,0,0.30616017,600.0400
1623948680144000,0,3.31933381,600.0500
1623948697536000,0,0.21040000,600.0700
1623948728212000,0,1.61615442,599.9400
1623948760945000,1,1.75088000,599.2600
1623948768442000,1,0.00000805,599.2600
1623948768513000,0,0.50000000,599.3800
1623948768850000,0,0.50000000,599.1500
1623948816339000,0,0.36270000,599.2500
1623948823049000,1,2.49983000,598.3600
1623948829934000,0,0.94993441,598.6700
1623948830332000,0,0.39290000,598.7800
1623948875319000,0,0.15000000,599.6000
1623948877545000,0,0.00300000,599.6000
1623948877545000,0,0.19700000,599.7500
1623948890770000,1,0.10893372,598.9400
1623948890770000,1,0.10893334,598.9400
1623948890774000,1,0.00000001,598.9400
1623948929750000,1,2.00000000,596.5500
1623948931494000,1,2.00000000,596.2700
1623948931494000,1,0.54000000,596.2500
1623948933829000,0,2.00000000,596.9900
1623948935054000,0,0.17200000,596.9200
1623948952498000,0,2.48739870,598.0700
1623948990453000,0,1.98624367,598.7200
1623948991481000,0,0.33912450,598.8200
1623948999452000,1,13.75000000,598.4400
1623949001255000,1,8.72000000,598.4300
1623949012946000,1,2.50414687,598.3900
1623949012946000,1,2.50196359,598.3900
1623949012946000,1,1.99388954,598.3900
1623949013180000,1,2.50414687,598.3900
1623949013180000,1,0.70585313,598.1700
1623949031407000,0,0.24810000,598.6500
1623949040730000,1,1.50369000,598.1300
1623949040850000,1,0.00000059,598.1300
1623949048942000,1,2.47420869,598.0700
1623949061870000,0,3.29600000,598.4700
1623949061933000,0,1.98711719,598.5000
1623949062613000,0,0.59527648,598.5100
1623949062616000,0,0.54000000,598.5100
1623949062762000,0,0.86472352,598.5100
1623949062762000,0,0.70637813,598.5400
1623949066934000,0,1.28581427,598.6900
1623949066943000,0,0.71418573,598.6900
1623949066943000,0,5.32860543,598.7200
1623949066967000,0,5.25084907,598.7200
1623949066971000,0,2.47600000,598.7200
1623949066984000,0,0.99830000,598.7200
1623949067133000,0,0.58396884,598.7200
1623949067136000,0,0.58396884,598.7100
1623949067179000,0,0.54330000,598.7100
1623949067231000,0,1.07223417,598.7000
1623949071280000,0,3.31300000,598.7700
1623949090792000,1,0.75118415,598.6300
1623949090792000,1,2.00000000,598.6300
1623949090792000,1,1.69853009,598.4000
1623949091520000,1,0.84199000,598.4000
1623949094515000,1,2.00000000,597.8300
1623949096829000,1,2.00000000,597.8300
1623949104132000,1,2.54000000,597.8100
1623949105216000,1,0.00167571,597.8100
1623949105216000,1,1.99999429,597.8100
1623949105782000,0,2.50493281,598.1100
1623949105841000,0,0.39300000,598.1100
1623949119349000,0,1.78580000,598.0900
1623949134561000,1,1.77620000,597.8300
1623949150217000,1,0.75972000,597.8300
1623949150853000,1,2.00000000,597.8300
1623949179001000,0,1.98864639,598.1500
1623949179106000,0,2.95886526,598.1300
1623949179109000,0,0.55196222,598.1300
1623949179116000,0,3.56845479,598.1300
1623949179116000,0,0.42386125,598.2100
1623949179134000,0,1.73798806,598.2100
1623949179147000,0,1.87087613,598.2100
1623949179167000,0,1.98852141,598.2000
1623949179167000,0,3.75774101,598.2100
1623949179185000,0,0.83749193,598.2100
1623949179185000,0,0.12806530,598.3000
1623949179216000,0,0.45058924,598.3000
1623949179264000,0,2.25903107,598.3000
1623949179368000,0,2.13326875,598.3000
1623949179491000,0,1.98852141,598.3600
1623949179491000,0,4.69785828,598.4700
1623949179832000,0,0.45045261,598.4500
1623949181016000,1,2.00000000,598.1900
1623949181016000,1,0.09093750,597.9700
1623949181016000,1,23.82906250,597.9000
1623949186862000,1,2.00000000,597.7300
1623949187114000,0,0.20000000,597.9800
1623949201967000,1,2.00000000,597.2900
1623949203123000,1,1.41000000,597.0800
1623949217624000,0,1.60030000,596.6100
1623949219587000,0,1.26510000,596.6500
1623949220516000,0,2.26790000,596.6500
1623949231116000,1,2.00000000,597.1800
1623949231155000,1,0.09562500,596.8300
1623949231425000,1,0.15236000,596.7100
1623949231928000,1,2.00000000,596.7300
1623949232270000,1,1.15000000,596.7400
1623949234913000,0,10.00000000,596.2100
1623949248123000,1,7.07827000,595.6800
1623949277312000,0,0.15874000,597.0000
1623949285838000,1,5.00000000,596.7100
1623949304321000,1,1.47820000,595.8000
1623949339046000,1,2.53470000,595.1500
1623949341472000,0,0.30000000,595.2600
1623949342478000,0,0.20000000,595.5700
1623949343635000,0,0.20000000,595.1800
1623949344008000,1,1.25940000,594.9200
1623949344037000,1,0.00000420,594.9200
1623949344043000,1,2.10760339,594.8800
1623949344109000,1,0.43822538,594.8800
1623949344210000,1,2.52130000,594.6900
1623949344274000,1,0.06292021,594.5300
1623949344274000,1,2.47527979,594.5100
1623949344540000,1,0.08259946,594.4400
1623949347044000,0,42.04220137,594.1900
1623949355887000,0,2.00000000,595.1100
1623949359786000,1,1.00730000,595.0100
1623949359888000,1,0.00002208,595.0100
1623949359888000,1,9.99997792,594.9200
1623949369587000,1,2.49340000,594.9700
1623949371315000,1,0.13001396,594.7000
1623949371315000,1,0.05000537,594.7000
1623949371315000,1,0.75606940,594.6200
1623949374897000,0,0.83000000,594.8900
1623949381054000,1,0.50456445,594.2100
1623949381054000,1,2.01913555,594.1400
1623949381751000,0,0.50000000,594.5100
1623949382158000,0,21.32874042,594.3300
1623949382158000,0,2.00000000,594.4900
1623949392489000,1,0.25197480,594.9100
1623949392489000,1,0.50398425,594.8700
1623949392489000,1,2.29564095,594.8700
1623949397407000,0,2.00000000,595.1100
1623949400319000,0,2.00000000,595.1700
1623949400319000,0,11.06000000,595.1800
1623949404805000,0,10.00000000,595.0300
1623949406253000,1,2.51960000,594.9100
1623949409361000,0,0.41000000,595.2100
1623949438359000,0,1.27000000,595.3400
1623949439407000,0,0.41000000,595.3700
1623949447674000,1,2.55538558,594.9200
1623949447674000,1,0.00006659,594.9100
1623949453596000,0,2.83000000,594.9100
1623949455951000,0,4.10903570,595.1900
1623949469367000,0,11.10000000,595.4500
1623949469901000,0,0.41000000,595.5700
1623949492491000,0,12.97000000,595.5200
1623949492850000,0,2.50466578,595.6400
1623949493055000,0,0.22763623,595.6400
1623949493075000,0,2.25000000,595.6400
1623949518340000,1,2.51884000,595.0600
1623949520250000,1,0.00000080,595.0600
1623949520250000,1,2.52049920,594.8000
1623949522063000,1,0.00001213,594.8000
1623949579298000,0,5.85133404,594.5200
1623949601471000,0,0.08320000,594.7800
1623949611452000,1,2.50000000,594.3700
1623949611812000,1,0.00500529,594.3700
1623949626125000,0,1.15000000,594.7800
1623949626178000,0,0.84680000,594.7800
1623949734929000,1,2.49000000,594.9600
1623949734969000,1,0.00445340,594.9600
1623949753693000,0,0.82000000,595.2300
1623949769134000,0,0.48670000,595.4300
1623949869758000,0,0.20000000,593.2700
1623949880948000,0,1.91636777,593.2100
1623949880988000,0,0.09108473,593.2100
1623949880988000,0,0.49291527,593.2300
1623949894525000,0,0.13298000,593.0300
1623949901566000,0,0.67360662,593.4200
1623949901615000,0,1.00300000,593.4200
1623949901767000,0,0.32339338,593.4200
1623949906863000,1,2.51033109,592.8700
1623949906863000,1,4.84966891,592.8600
1623949911110000,0,2.00751974,593.3100
1623949921874000,0,2.00713000,593.3500
1623949921953000,0,0.00000651,593.3500
1623949921953000,0,2.00712349,593.3700
1623949921974000,0,0.00001211,593.3700
1623949922207000,0,2.00250000,593.3900
1623949922325000,0,0.00463560,593.3900
1623949922325000,0,2.00713651,593.3900
1623949922325000,0,1.48822789,593.4000
1623949922353000,0,1.31354431,593.4000
1623949922441000,0,1.27512377,593.4000
1623949922492000,0,6.10408495,593.4000
1623949922528000,0,0.48984589,593.4000
1623949925242000,1,2.00000000,592.8400
1623949925242000,1,6.70000000,592.8200
1623949926326000,1,2.00000000,592.5800
1623949927083000,1,20.00000000,592.3500
1623949931221000,0,2.01106508,592.3700
1623949935422000,1,2.00000000,591.8600
1623949947531000,0,10.00000000,592.9500
1623949947621000,0,10.00000000,592.9500
1623949961601000,1,8.94400000,592.5800
1623949961601000,1,2.00000000,592.5700
1623949961601000,1,0.09656250,592.4600
1623949961601000,1,2.00000000,592.4000
1623949961601000,1,1.07099131,592.3900
1623949961847000,1,0.09375000,592.6000
1623949962262000,1,0.19000000,592.5800
1623949962370000,1,4.97755000,592.5800
1623949963485000,0,10.00000000,592.2600
1623949965515000,1,8.94400000,591.7300
1623949965515000,1,1.01230130,591.6000
1623949965515000,1,0.09656250,591.5500
1623949965515000,1,8.97888158,591.4600
1623949965515000,1,16.02505080,591.4600
1623949965515000,1,4.86915036,591.4500
1623949965515000,1,10.80000000,591.4400
1623949965515000,1,0.10125000,591.2900
1623949965515000,1,1.68667705,591.2800
1623949966232000,1,0.09375000,591.5800
1623949995176000,0,2.00000000,591.6100
1623949995176000,0,2.13457949,591.8200
1623949995748000,0,1.08269492,591.8200
1623949995877000,0,1.19980769,591.8200
1623949995915000,0,0.52152703,591.8200
1623949995915000,0,0.77847297,591.8300
1623949995944000,0,1.45571671,591.8300
1623949995984000,0,2.53032594,591.8300
1623949996057000,0,1.00654310,591.8000
1623949996230000,0,0.99345690,591.8000
1623949996230000,0,1.05876834,591.8300
1623949996259000,0,1.24853692,591.8300
1623949999777000,0,0.35850000,592.2400
1623949999873000,0,1.04210022,592.2400
1623949999928000,0,0.22000000,592.2400
1623950000035000,0,0.38963286,592.2400
1623950000035000,0,0.56979181,592.2600
1623950000041000,0,1.27149043,592.2600
1623950000145000,0,3.88839062,592.2600
1623950000163000,0,1.19482485,592.2600
1623950000167000,0,2.84655793,592.2600
1623950000346000,0,1.83548413,592.2600
1623950000385000,0,1.80226182,592.2600
1623950000449000,0,4.72504032,592.0400
1623950000465000,0,1.93448065,592.2600
1623950000465000,0,0.33551935,592.3300
1623950004818000,1,2.53191626,591.8200
1623950005401000,1,0.07860824,591.6000
1623950005401000,1,0.19651795,591.5600
1623950006375000,1,1.15000000,591.4500
1623950006405000,1,0.85000000,591.4500
1623950008270000,0,0.09468750,591.7200
1623950009712000,0,10.00000000,591.7900
1623950053509000,0,8.03000000,592.0200
1623950055771000,0,5.00962066,592.0500
1623950065181000,0,7.68000000,592.3500
1623950072444000,0,2.00000000,592.4400
1623950072444000,0,0.54508608,592.4500
1623950072453000,0,1.52533079,592.4500
1623950075567000,0,3.40114782,592.3300
1623950080914000,0,0.42474242,592.4200
1623950091070000,0,0.60987000,592.3300
1623950094651000,1,2.53000000,591.8600
1623950094654000,0,2.00000000,592.2500
1623950094654000,0,3.43203212,592.2700
1623950094788000,1,0.00231493,591.8600
1623950098987000,0,2.48474701,591.8000
1623950099105000,0,0.38836919,591.8000
1623950099140000,0,2.04315963,591.8000
1623950099182000,0,1.63790483,591.8000
1623950105915000,0,40.96000000,591.7300
1623950111280000,0,2.00000000,592.0700
1623950111280000,0,0.30563501,592.1500
1623950111333000,0,0.50000000,592.1500
1623950111613000,0,0.22936500,592.0300
1623950112051000,0,0.74480183,592.0300
1623950112291000,0,1.11799032,592.0300
1623950112324000,0,1.65392469,592.0300
1623950112369000,0,4.16856530,592.0300
1623950112478000,0,1.31330000,592.0300
1623950112539000,0,4.35805286,592.0300
1623950112539000,0,7.90449593,592.1500
1623950112625000,0,3.40600000,592.3200
1623950113465000,0,2.00000000,592.3000
1623950126397000,0,10.00000000,592.7800
1623950134838000,0,4.77000000,592.9200
1623950144292000,0,0.00300000,592.9200
1623950144292000,0,5.84347528,592.9600
1623950148128000,0,2.51000000,593.0000
1623950150592000,0,2.53300000,593.1000
1623950160568000,0,3.39008705,593.2300
1623950164127000,0,2.17393474,593.3800
1623950164137000,0,2.47100000,593.3800
1623950164142000,0,2.35805359,593.3800
1623950164169000,0,1.38114567,593.3800
1623950164414000,0,4.10000000,593.3800
1623950170956000,1,0.25000000,593.1500
1623950174495000,0,1.12847807,593.4800
1623950174533000,0,3.01368799,593.4800
1623950175145000,0,0.19271951,593.4800
1623950175168000,0,7.72759790,593.4800
1623950175168000,0,2.55504035,593.4800
1623950181815000,1,2.00000000,592.9700
1623950182345000,1,0.05741525,592.9000
1623950208477000,1,5.15910000,591.7000
1623950208486000,1,0.00004682,591.7000
1623950208486000,1,13.49595318,591.6800
1623950219240000,1,1.69160000,591.6500
1623950221878000,1,2.55947000,591.4000
1623950257485000,0,0.99772082,592.2300
1623950257581000,0,2.54689177,592.2500
1623950281511000,1,2.52360000,591.9500
1623950282741000,1,0.00000840,591.9500
1623950282741000,1,2.55669160,591.9100
1623950282818000,1,0.00003154,591.9100
1623950299677000,0,7.57000000,592.0300
1623950302295000,0,20.08000000,592.2000
1623950320344000,0,0.92709618,592.3300
1623950330967000,0,0.91000000,592.3300
1623950340652000,0,0.18000000,592.3200
1623950377566000,0,2.00000000,592.0700
1623950381994000,1,0.09869229,591.4800
1623950381994000,1,0.03795857,591.4800
1623950394691000,0,2.00000000,591.8900
1623950397373000,0,2.00000000,591.8200
1623950404454000,1,2.00000000,590.9300
1623950419599000,0,2.00000000,591.3500
1623950423910000,0,2.00000000,591.3000
1623950423910000,0,45.52000000,591.3200
1623950427552000,0,0.09800000,590.9800
1623950428353000,1,1.41000000,590.3600
1623950429268000,1,0.09468749,590.3500
1623950429692000,1,1.41000000,590.3600
1623950429711000,1,0.00000001,590.3500
1623950429711000,1,0.09187500,590.1600
1623950430652000,0,0.30000000,590.1500
1623950430890000,1,4.30000000,589.9700
1623950432120000,1,0.09093750,589.9600
1623950433220000,0,0.09093750,589.8200
1623950433220000,0,0.09093750,589.9500
