timestamp ms,type,amount,price
1626652831321000,1,0.15000000,437.6800
1626652891587000,1,0.15000000,437.3200
1626652921784000,1,0.15000000,436.7800
1626652934900000,1,0.12000000,436.8500
1626652951873000,1,0.15000000,436.5900
1626652958045000,0,0.05885094,437.0300
1626652988748000,1,0.15000000,436.7600
1626653019708000,1,0.15000000,437.1400
1626653046347000,1,0.15000000,437.2600
1626653079357000,1,0.15000000,437.8400
1626653108219000,1,0.09223264,438.1800
1626653108219000,1,0.05776736,438.1400
1626653113227000,0,0.08245648,438.9200
1626653113579000,0,0.00000001,438.9200
1626653114270000,0,1.26220000,439.2500
1626653114284000,0,1.42898110,439.2500
1626653114364000,0,0.06184237,439.2400
1626653119066000,0,15.67616604,439.5100
1626653119207000,0,1.13730000,439.5200
1626653120839000,0,15.78000000,439.5200
1626653120898000,0,0.57123772,439.5200
1626653320980000,1,1.30000000,439.7100
1626653669455000,0,2.27358396,439.7300
1626653719867000,0,4.04440000,440.4600
1626653738239000,1,16.64000000,439.9600
1626653738728000,1,3.61000000,439.9500
1626653738779000,1,0.67315881,439.9500
1626654368168000,0,0.10340000,439.2300
1626654423312000,0,0.66000000,439.1200
1626654803137000,1,0.40685062,437.9400
1626654813272000,0,0.67912933,438.1000
1626655178981000,1,0.08902000,436.7700
1626655179939000,1,0.00000539,436.7700
1626655180782000,0,0.26600228,436.7100
1626655186794000,0,3.50000000,436.4500
1626655186794000,0,0.44023013,436.4700
1626655190090000,1,1.95819598,435.7300
1626655247542000,0,0.58401515,436.1900
1626655260142000,0,0.69133281,436.0700
1626655293103000,0,1.46304397,436.4900
1626655319986000,0,0.69140266,436.0000
1626655685232000,1,3.50000000,435.3200
1626655751406000,1,3.50000000,434.8400
1626655753309000,1,0.27038000,434.8200
1626655901622000,1,0.00000468,434.8200
1626656126959000,0,4.21000000,435.0600
1626656232173000,1,3.87000000,435.0500
1626656232291000,1,0.07889914,435.0500
1626656640792000,1,3.50000000,434.1700
1626656641999000,1,3.50000000,434.0200
1626656737005000,1,0.30000000,433.1500
1626656737465000,1,8.64000000,433.1500
1626656888505000,0,0.16710000,433.5600
1626657520562000,0,0.23430000,432.8800
1626657591651000,1,3.50000000,432.0700
1626657591766000,1,8.64537734,432.0300
1626657642265000,0,8.10938000,432.3500
1626657766463000,0,16.64000000,433.0900
1626658028869000,0,0.11140000,433.6000
1626658273759000,1,2.51969124,432.8900
1626658380895000,0,0.22300000,433.1200
1626659161765000,0,2.81000000,435.7000
1626659161765000,0,0.69000000,435.7000
1626659161774000,0,4.00000000,435.7400
1626659430820000,0,0.11090000,435.6900
1626659503835000,1,14.13006000,435.2900
1626659830693000,0,0.15007938,434.5700
1626660001277000,0,6.54343846,434.5000
1626660001380000,0,0.49000000,434.5000
1626660312579000,0,4.34486707,436.0500
1626660688080000,0,0.70310000,436.4900
1626660763436000,0,0.27141000,436.5600
1626660763488000,0,0.00000233,436.5600
1626660764241000,0,3.50000000,437.0500
1626660764241000,0,0.29403003,437.0700
1626660766518000,0,0.22052000,437.0400
1626660766528000,0,0.00000252,437.0400
1626660791713000,0,0.12404392,437.2600
1626660899998000,0,16.64000000,437.2400
1626660974234000,1,4.10650000,437.0100
1626660974591000,1,9.15100000,436.8500
1626661086604000,0,0.19890000,437.2200
1626661298493000,0,0.23660000,436.8800
1626661672743000,1,1.30000000,436.4900
1626661860554000,1,0.26034789,435.9300
1626661860582000,1,0.36529634,435.9300
1626662060550000,1,2.75686095,435.3900
1626662060550000,1,0.74313905,435.3800
1626662061369000,1,8.03873000,435.2300
1626662079429000,1,0.11480000,434.8600
1626662099571000,1,0.11313000,434.8700
1626662099752000,1,0.00000286,434.8700
1626662099752000,1,0.00000214,434.8600
1626662201979000,0,1.01000000,435.1900
1626662201993000,0,7.58245964,435.1900
1626662245993000,0,2.70000000,435.7900
1626662246006000,0,0.00986920,435.7900
1626662560088000,0,0.22100000,437.0600
1626662889766000,0,0.66410000,436.3700
1626663071500000,0,3.49126351,435.5300
1626663135633000,0,4.32000000,436.4400
1626663265634000,1,5.78413104,436.0000
1626663502418000,1,2.54065839,435.4900
1626663661097000,0,0.19992000,435.5100
1626663662492000,0,0.00408000,435.5100
1626663662492000,0,0.23592000,435.6200
1626663665756000,0,0.00908000,435.6200
1626663665756000,0,0.18092000,435.7300
1626663665847000,0,0.00608000,435.7300
1626663674767000,0,0.18000000,435.8400
1626663674772000,0,0.00900000,435.8400
1626663726569000,1,0.52355000,435.0400
1626664121327000,1,1.30000000,436.1800
1626664258023000,1,0.27811163,435.7600
1626664260060000,0,0.40000000,436.1900
1626664260111000,0,3.03474173,436.1900
1626664514929000,0,9.26000000,436.3200
1626664515018000,0,5.88852644,436.3100
1626664606264000,0,3.47000000,436.8900
1626664782478000,1,13.40249000,436.5900
1626664838640000,0,0.66330000,436.9000
1626664893055000,0,0.10040000,437.1000
1626664981145000,1,3.24726000,436.9900
1626666030916000,0,0.33170000,436.9000
1626666089682000,0,0.57144076,436.8500
1626666089904000,0,0.25614411,436.8300
1626666108613000,0,4.20000000,437.5900
1626666108686000,0,0.00965878,437.5900
1626666109165000,0,7.84000000,437.6200
1626666167504000,0,0.14000000,437.5100
1626666264775000,0,0.12460308,437.4400
1626666264788000,0,0.00000001,437.4400
1626666380653000,1,3.90067000,437.3300
1626666409809000,1,5.50000000,437.2600
1626666444970000,1,0.22900000,437.2000
1626666445224000,1,0.18600000,437.0900
1626666822200000,1,0.16100000,436.2200
1626666823472000,1,0.19500000,436.1100
1626666823472000,1,1.15929129,436.0100
1626666823472000,1,6.76915738,436.0000
1626666829219000,0,0.24140000,436.1700
1626667246125000,0,1.81000000,437.2100
1626667246132000,0,1.81000000,437.2100
1626667246173000,0,0.09876191,437.2100
1626667358559000,0,0.12500000,437.5600
1626667418059000,0,0.06902415,437.5500
1626667418132000,0,0.00140866,437.5500
1626667426474000,0,0.07477618,437.5500
1626667696397000,1,0.12500000,436.3900
1626667696677000,1,0.07600000,436.3900
1626667696677000,1,0.16600000,436.2800
1626667697317000,1,0.17500000,436.1700
1626668128311000,0,0.11320000,437.2300
1626668189783000,0,0.00021389,437.5600
1626668189783000,0,0.08368611,437.5700
1626668616012000,0,0.78000000,437.5700
1626668616063000,0,0.00444440,437.5700
1626668871801000,0,0.05760817,437.9300
1626668871998000,0,4.06000000,438.0300
1626669695082000,1,1.13745359,438.0900
1626669830012000,0,0.17840000,438.5300
1626669880038000,0,0.11020000,438.3200
1626669998257000,1,1.30000000,438.3400
1626670049960000,0,3.50000000,438.7300
1626670333710000,1,0.69142545,438.6400
1626670363373000,1,0.41072000,438.7300
1626670624108000,0,0.45100000,439.1600
1626671026658000,0,0.10980000,439.6900
1626671089784000,0,0.21960000,439.8000
1626671279323000,1,0.69071064,439.6900
1626671283504000,1,3.50000000,439.8900
1626671283504000,1,0.45431834,439.8700
1626671379624000,1,22.55832000,439.3900
1626671379624000,1,1.03890000,439.3900
1626671379743000,1,1.30000000,439.3900
1626671604231000,1,4.75962414,439.4500
1626671626902000,1,0.57246395,439.4500
1626671637592000,1,0.23768622,439.4500
1626671639519000,1,6.32722000,439.4500
1626671639549000,1,0.00000569,439.4500
1626671639549000,1,9.07699430,439.4200
1626671639565000,1,0.96460000,439.4200
1626671639581000,1,2.44829999,439.4200
1626671639628000,1,3.36000000,439.4200
1626671639676000,1,3.45499999,439.4200
1626671659461000,1,4.85110572,439.4200
1626672112998000,1,0.00000603,438.7300
1626672113608000,1,0.32152938,438.2100
1626672113698000,1,1.60690195,438.2100
1626672238463000,1,5.39200000,438.3300
1626672549801000,0,2.61000000,438.5600
1626672549810000,0,0.79968167,438.5600
1626672753589000,1,1.30000000,438.2100
1626672754296000,1,7.83269363,438.2100
1626672754364000,1,10.00000000,438.2100
1626672754415000,1,1.00330637,438.2100
1626672754415000,1,4.60355714,438.2100
1626672754425000,1,0.74844286,438.2100
1626672764757000,1,7.62962414,437.9300
1626672764759000,1,1.49137586,437.9300
1626673543280000,0,16.64975642,438.7300
1626673544595000,0,1.08290000,438.9600
1626673545992000,0,8.03510000,438.9600
1626673719636000,0,3.55000000,440.4800
1626673733895000,1,0.65526397,440.0700
1626673750906000,1,0.69029657,440.0800
1626673751109000,1,0.69029657,440.0800
1626673805107000,0,3.50000000,440.2700
1626673805107000,0,0.09236654,440.3200
1626673805107000,0,7.00094878,440.3200
1626673805107000,0,7.83632266,440.3800
1626673805107000,0,3.38222938,440.3900
1626673805107000,0,3.40844177,440.4500
1626673805107000,0,0.09731296,440.4600
1626673805107000,0,32.92355105,440.4900
1626673805107000,0,3.90667450,440.5300
1626673805107000,0,3.44508039,440.5400
1626673805107000,0,0.09203537,440.5800
1626673805107000,0,5.68095735,440.6400
1626673805107000,0,3.43077132,440.6700
1626673805107000,0,28.40609716,440.6800
1626673805587000,0,0.23437500,440.2900
1626673805587000,0,1.33952500,440.3100
1626673810248000,0,3.35872748,440.3900
1626673810256000,0,0.00000001,440.3900
1626673810256000,0,2.02158675,440.3900
1626673813202000,0,4.00000000,440.4400
1626673813269000,0,2.70000000,440.4400
1626673813308000,0,26.22501816,440.4400
1626673813448000,0,0.30000000,440.4500
1626673878144000,0,0.21940000,440.3200
1626673942175000,1,0.26300000,439.9400
1626673942175000,1,1.03700000,439.9400
1626673947825000,0,3.50000000,439.9500
1626673947906000,1,1.03800000,439.9400
1626673948007000,1,4.59546351,439.9400
1626673948037000,1,3.30000000,439.9400
1626673948045000,1,3.56744000,439.9400
1626673948074000,1,2.75909649,439.9400
1626673948074000,1,0.20100000,439.8300
1626673948074000,1,0.18100000,439.7200
1626673948784000,0,1.94611442,439.9300
1626673948830000,1,0.30000000,439.9400
1626673948877000,1,8.17288558,439.9400
1626673957990000,1,0.17500000,439.8200
1626674077056000,0,3.37471000,440.2600
1626674086412000,0,3.50000000,440.3800
1626674086485000,0,3.38461000,440.3900
1626674086577000,0,0.00000363,440.3900
1626674086577000,0,3.13454637,440.4500
1626674086877000,0,0.00000919,440.4500
1626674086877000,0,6.49999081,440.4900
1626674086951000,0,26.42355000,440.4900
1626674098283000,0,3.38221938,440.4800
1626674098284000,0,0.00000001,440.4800
1626674103324000,1,0.69001268,440.4400
1626674119457000,1,0.62266864,440.5000
1626674412676000,1,7.28749952,441.2000
1626674431198000,1,5.32665000,441.2500
1626674431278000,1,0.00000655,441.2500
1626674431441000,1,16.50000000,441.2500
1626674431495000,1,10.50000000,441.2500
1626674432115000,1,3.40568522,441.2500
1626674432184000,1,4.50000000,441.2500
1626674432258000,1,4.50000000,441.2500
1626674432315000,1,3.99077000,441.2500
1626674432387000,1,1.56641000,441.2500
1626674432432000,1,0.00000513,441.2500
1626674574602000,0,3.40515000,440.8600
1626674577060000,1,3.55579885,440.8500
1626674581285000,1,12.11778812,440.9400
1626674588374000,1,4.50008997,440.9400
1626674588426000,1,4.57600000,440.9400
1626674588467000,1,0.52149221,440.9400
1626674588479000,1,3.37999999,440.9400
1626674588530000,1,1.19810000,440.9400
1626674588533000,1,5.83874000,440.9400
1626674588617000,1,3.50000000,440.9400
1626674588840000,1,1.05306084,440.9400
1626674589822000,1,1.64286900,440.9400
1626674671477000,1,13.79351628,440.9900
1626674672586000,0,0.68959000,440.7700
1626674697308000,0,0.06516013,440.8800
1626674758510000,0,0.30000000,440.6300
1626674855440000,1,2.04724435,440.5900
1626674855596000,1,0.25679682,440.5900
1626674855663000,1,1.07588718,440.5800
1626674865975000,0,0.65730000,440.9000
1626674897748000,1,6.33215900,440.4700
1626675065202000,1,8.01355625,440.2700
1626675065202000,1,2.22222898,440.2600
1626675065300000,1,0.30000000,440.2700
1626675360724000,1,0.32750000,440.2000
1626675360724000,1,1.92950599,440.2000
1626675413855000,1,2.84300000,440.0700
1626675413991000,1,0.45465910,440.0700
1626675440583000,1,1.30000000,440.0700
1626675449543000,1,4.78978290,440.0700
1626675451007000,1,4.58030000,440.0700
1626675467913000,1,0.30064269,440.0700
1626675467925000,1,1.95340942,440.0700
1626675471189000,1,0.00986499,440.0700
1626675471189000,1,3.04613501,440.0700
1626675518949000,1,1.49786499,440.0700
1626675542665000,0,1.27490000,440.3900
1626675549152000,0,2.12674000,440.3900
1626675637771000,0,3.40777000,440.3900
1626675648525000,0,3.43000000,440.5300
1626675648558000,0,0.00631534,440.5300
1626675715273000,0,3.38213000,440.5800
1626675736055000,0,0.21930000,440.5100
1626675761769000,0,0.21930000,440.5000
1626675902717000,1,0.14314000,440.1600
1626676147171000,0,0.15360000,440.0700
1626676251213000,0,3.39841000,439.9700
1626676318682000,0,0.43900000,440.0900
1626676987598000,1,0.30598000,440.3100
1626676987881000,1,2.27411599,440.2100
1626676987960000,1,1.30000000,440.2100
1626677090261000,1,0.72688401,440.2100
1626677090261000,1,2.72111599,440.1900
1626677293348000,1,1.00680000,440.5400
1626677293483000,1,2.53420000,440.5400
1626677293989000,1,13.32200000,440.5100
1626677343106000,1,5.50000000,440.3000
1626677392926000,0,0.21930000,440.4500
1626677462445000,1,0.22056899,440.2800
1626677462948000,1,0.45203767,440.1800
1626677462967000,1,2.67374380,440.1800
1626677463569000,1,2.75024027,440.1800
1626677720118000,0,9.06000000,440.8900
1626677992747000,1,0.21488000,440.5800
1626678435926000,1,2.00000000,440.2700
1626678614638000,0,4.00000000,440.9000
1626678845446000,1,0.21000000,440.5300
1626678845491000,1,0.00979000,440.5300
1626679011721000,1,0.68952004,441.0600
1626679060848000,0,0.14230000,441.3100
1626679099702000,1,0.68945281,441.1600
1626679154963000,1,0.14590528,440.9900
1626679154970000,1,0.45411689,440.9900
1626679154978000,1,3.63330621,440.9900
1626679155004000,1,9.32267162,440.9900
1626679155004000,1,8.66700000,440.9900
1626679155074000,1,0.79435326,441.0000
1626679375145000,1,1.26048114,440.4700
1626679532108000,1,0.14000000,440.4100
1626679532164000,1,0.00078000,440.4100
1626679534040000,1,1.13750000,440.3400
1626679534428000,1,10.08000000,440.3600
1626679534429000,1,0.00696560,440.3600
1626679542926000,1,0.11513787,440.0900
1626679542980000,1,3.36371281,440.0900
1626679999885000,1,0.16072000,439.1100
1626680325025000,1,3.13731016,438.3100
1626680325480000,1,15.10881657,438.2900
1626680462637000,1,0.83918343,438.2900
1626680462637000,1,0.20451657,438.2900
1626680975614000,1,0.23000000,439.0900
1626680975664000,1,0.00063000,439.0900
1626681086854000,1,0.51000000,438.8600
1626681086876000,1,3.44707754,438.8600
1626681354010000,0,1.00680000,438.4000
1626681354030000,0,2.95990349,438.4000
1626681431418000,0,0.05850585,438.6000
1626681509771000,1,5.11600000,438.2800
1626681509771000,1,0.12400000,438.2800
1626681510199000,1,0.00189000,438.2800
1626681548479000,1,11.23000000,438.1700
1626681548570000,1,3.33200000,438.1700
1626681548570000,1,4.07731820,438.1700
1626681582445000,1,0.08850585,437.7500
1626681622616000,1,3.42000000,437.6100
1626681657460000,0,3.91532000,438.1400
1626682050912000,0,1.00000000,438.0300
1626682226023000,0,5.82014000,438.0900
1626682377875000,0,0.26450000,438.3600
1626682494055000,1,3.41000000,438.6800
1626682494119000,1,0.00746826,438.6800
1626682695575000,0,3.50000000,439.0000
1626682697420000,1,1.50000000,439.0000
1626682700888000,1,0.18000000,438.4200
1626682754508000,1,0.06716000,438.4500
1626682754508000,1,5.82014000,438.3900
1626682754508000,1,3.41270000,438.3800
1626682777285000,1,4.16000000,438.2600
1626682777298000,1,0.00185713,438.2600
1626682778400000,1,1.30000000,438.2500
1626682778424000,1,7.03019428,438.2500
1626683071889000,0,16.64975642,439.0700
1626683071889000,0,4.14024358,439.1100
1626683117350000,0,1.41000000,439.2100
1626683117565000,0,1.92000000,439.2100
1626683117688000,0,4.03000000,439.2100
1626683130977000,0,3.41582078,439.4000
1626683131078000,0,2.81000000,439.4000
1626683367645000,1,0.12280000,439.0600
1626683367695000,1,10.58000000,439.0900
1626683367696000,1,6.06975642,439.0900
1626683749661000,1,3.41000000,438.8900
1626684003715000,1,3.44900000,438.9000
1626684003715000,1,0.12100000,438.9000
1626684003740000,1,0.00176000,438.9000
1626684003809000,1,12.97700000,438.8800
1626684084294000,0,0.11280000,438.9700
1626684106265000,0,0.22010000,438.9400
1626684397624000,1,3.42000000,438.1100
1626684397669000,1,0.00182634,438.1100
1626684397669000,1,4.16236541,438.0900
1626684397669000,1,7.82628073,438.0800
1626684477610000,0,4.50000000,437.9400
1626684477699000,0,4.50000000,437.9400
1626684545503000,0,4.07000000,438.0900
1626684649669000,1,4.22000000,437.7400
1626684661081000,1,3.42000000,437.6700
1626684750273000,1,0.05782000,436.7200
1626684786315000,1,0.04933198,436.7800
1626684809699000,0,0.17680000,436.9900
1626684826861000,1,0.62996824,436.6900
1626684826865000,1,0.78920703,436.6900
1626684857277000,1,0.16970000,436.2900
1626684876054000,0,0.62556344,436.4400
1626684882767000,0,0.69107135,436.4000
1626684890251000,0,0.69113877,436.3600
1626684915925000,1,0.32000000,436.0800
1626684919182000,0,0.69120612,436.2800
1626684931734000,0,0.66350653,436.1700
1626684966619000,0,0.07161057,436.4400
1626685085276000,1,3.43000000,435.7800
1626685102545000,0,0.69141888,436.0000
1626685112813000,1,3.50000000,435.5200
1626685112915000,0,0.69148629,435.9100
1626685113194000,1,1.65000000,435.4800
1626685204084000,0,1.00000000,435.0500
1626685214913000,1,0.15000000,434.6600
1626685215058000,1,0.00400000,434.6600
1626685237995000,0,7.00000000,435.1000
1626685505084000,0,0.22170000,435.6500
1626685690233000,1,3.44000000,435.6900
1626685690262000,1,0.00046955,435.6900
1626685780299000,1,0.17000000,435.5300
1626685796286000,1,0.00111000,435.5300
1626685808244000,1,3.50000000,434.8200
1626685810959000,1,3.42299723,434.4000
1626685810959000,1,3.44700277,434.3300
1626685933253000,1,3.45000000,434.4200
1626685933457000,1,0.00070209,434.4200
1626685933457000,1,0.00240781,434.3300
1626685953337000,0,1.06000000,434.9400
1626685963380000,0,3.95742414,434.9400
1626685963380000,0,8.40257586,434.9500
1626685963730000,0,0.00556582,434.9500
1626685964223000,1,1.30000000,434.9500
1626686040430000,1,8.09000000,434.8100
1626686040552000,1,5.49400000,434.8000
1626686052358000,1,4.14000000,434.6300
1626686123626000,1,0.18000000,434.7000
1626686123823000,1,0.00100000,434.7000
1626686172513000,1,3.44962516,434.5500
1626686172564000,1,3.45009320,434.5100
1626686172818000,1,3.38063266,434.5500
1626686172927000,1,8.52000000,434.4600
1626686405104000,1,0.15000000,435.4200
1626686405261000,1,0.00800000,435.4200
1626686407946000,1,0.12000000,435.3800
1626686407978000,1,0.00522000,435.3800
1626687005683000,1,0.11600000,435.8100
1626687148645000,0,0.26600000,435.9600
1626687219908000,1,0.16634414,435.9600
1626687359711000,1,12.67000000,435.9400
1626687360217000,1,1.13801035,435.9200
1626687360233000,1,4.79658653,435.9200
1626687360318000,1,6.01400000,435.9200
1626687360344000,1,2.40788937,435.9200
1626687360384000,1,0.71858023,435.9200
1626687360401000,1,2.93938436,435.9200
1626687360613000,1,1.80254000,435.9200
1626687360622000,1,0.00000916,435.9200
1626687428849000,0,1.00000000,435.5400
1626687487922000,0,2.27140000,435.8700
1626687547439000,1,0.64998693,435.5200
1626687642314000,1,0.16300000,436.8000
1626687644549000,1,0.15000000,436.7400
1626687645800000,1,0.00500000,436.7400
1626687645800000,1,0.14500000,436.6300
1626687647051000,1,0.00600000,436.6300
1626687647051000,1,0.17400000,436.5200
1626687656005000,1,0.00600000,436.5200
1626687656005000,1,0.17400000,436.4100
1626687656179000,1,0.00100000,436.4100
1626687830642000,0,3.93000000,436.2200
1626687847505000,0,0.11180000,436.2400
1626687941788000,1,0.17230000,436.0400
1626687942039000,1,4.19070000,435.9400
1626687954927000,0,0.10070000,435.9000
1626687985194000,1,4.07000000,435.3800
1626688145488000,0,4.00000000,435.9400
1626688253478000,1,0.71000000,434.8300
1626688253523000,1,0.25186000,434.8300
1626688450947000,0,0.22190000,435.3200
1626688558684000,1,0.12265000,434.9500
1626688558761000,0,3.87735000,434.9500
1626688678647000,1,4.01422468,434.9900
1626688678647000,1,9.00577532,434.9900
1626688678795000,1,6.58522468,434.9900
1626688766739000,0,0.20000000,435.5900
1626688801201000,0,3.39380000,435.2500
1626688801203000,0,0.30000000,435.2500
1626688801205000,0,7.63604664,435.2500
1626688835425000,0,1.24000000,435.5100
1626688835603000,0,0.00405029,435.5100
1626688846725000,0,0.22170000,435.7000
1626688862250000,0,4.16274000,435.3100
1626688862276000,0,0.00000504,435.3100
1626688894042000,0,2.28000000,435.3400
1626688894125000,0,0.00467538,435.3400
1626688921718000,0,2.98592000,435.1600
1626688955896000,0,4.32000000,435.2500
1626688990381000,0,4.86000000,435.2200
1626688990383000,0,0.00719698,435.2200
1626689009308000,0,8.59793830,435.5000
1626689009308000,0,4.27666391,435.5100
1626689009478000,1,34.50000000,435.0700
1626689009492000,0,8.94400000,435.0700
1626689009522000,0,3.50000000,435.0700
1626689009572000,0,5.41777665,435.0700
1626689009674000,1,0.23437500,435.1000
1626689009674000,1,12.44399335,435.0700
1626689009685000,0,0.69699340,435.0700
1626689009691000,0,1.74248350,435.0700
1626689009701000,0,3.45040000,435.0700
1626689009762000,0,1.83920000,435.0700
1626689009794000,0,2.30388787,435.0700
1626689071194000,0,7.05209000,435.5500
1626689178823000,1,3.43061837,435.4900
1626689215912000,1,3.45040000,435.2800
1626689504329000,1,0.15000000,435.0000
1626689504404000,1,0.00779000,435.0000
1626689573755000,1,4.13323097,434.6100
1626689573755000,1,5.73676903,434.6000
1626689735357000,1,0.25000000,434.0500
1626689829541000,0,3.50000000,434.2700
1626689831415000,0,4.13000000,434.2900
1626689831482000,0,0.00623754,434.2900
1626690125509000,0,7.91000000,434.2500
1626690226118000,0,3.50000000,434.5500
1626690238110000,0,3.43000000,434.6000
1626690238112000,0,0.07000000,434.6000
1626690309256000,1,0.13775860,434.5800
1626690309261000,1,0.00281140,434.5800
1626690985144000,1,0.30000000,435.3300
1626690985149000,1,3.17598373,435.3300
1626690994872000,1,0.13279864,434.8700
1626691046783000,1,0.25000000,434.8000
1626691046852000,1,8.17836000,434.8000
1626691046860000,1,0.00000150,434.8000
1626691072748000,1,1.43098349,434.5900
1626691072775000,1,2.10382504,434.5900
1626691072783000,1,0.45817955,434.5900
1626691072823000,1,3.58639000,434.5900
1626691072826000,1,6.89562192,434.5900
1626691072826000,1,0.23836524,434.5800
1626691072879000,1,0.76163476,434.5800
1626691072979000,1,9.19600000,434.5200
1626691098697000,1,5.08500000,434.1900
1626691227586000,1,0.12000000,434.4300
1626691227628000,1,0.00459000,434.4300
1626691282383000,0,0.08890000,434.6700
1626691412741000,1,3.47574000,433.8500
1626691421794000,0,42.91000000,433.9700
1626691425142000,0,11.53000000,434.0500
1626691426207000,0,2.89000000,434.0400
1626691427246000,0,0.66000000,434.0400
1626691428327000,0,0.16000000,434.0400
1626691447531000,0,7.41000000,434.0600
1626691447621000,0,8.83000000,434.0600
1626691447712000,0,7.33000000,434.0600
1626691526832000,0,0.11010000,434.0400
1626691553784000,1,3.75000000,433.6000
1626691553784000,1,1.76000000,433.5900
1626691576237000,0,20.73000000,433.6200
1626691578229000,0,41.03000000,433.8500
1626691585200000,0,4.83000000,433.9700
1626691588813000,0,9.63000000,434.0600
1626691589241000,0,7.01975642,434.0200
1626691589241000,0,9.22024358,434.0700
1626691823423000,0,3.50000000,434.3700
1626691823423000,0,1.09280616,434.4000
1626691826740000,1,14.52000000,434.0400
1626691827196000,1,2.08716129,433.9200
1626691993369000,1,3.43000000,433.0900
1626691993410000,1,0.00577547,433.0900
1626692075887000,1,3.42477140,433.0800
1626692077107000,1,3.60000000,432.7700
1626692088692000,1,3.48260657,432.7300
1626692126090000,0,10.67070000,432.7700
1626692130634000,0,0.69200000,433.0100
1626692130768000,0,4.99547615,433.0000
1626692158112000,1,16.40000000,432.6900
1626692204965000,1,0.72000000,432.5600
1626692212265000,1,3.50000000,432.5700
1626692212265000,1,7.76000000,432.5600
1626692212477000,1,0.00223848,432.5600
1626692212477000,1,0.41776152,432.5400
1626692212567000,1,3.03521392,432.5400
1626692212567000,1,3.50508787,432.4000
1626692244709000,1,0.10995000,432.0400
1626692274977000,0,4.30408294,431.9200
1626692276150000,0,8.53000000,431.9700
1626692326175000,0,0.11190000,431.6900
1626692330374000,0,3.50000000,431.6600
1626692345817000,0,3.50000000,431.6100
1626692353297000,0,3.50000000,431.7800
1626692354404000,0,16.64898514,431.7600
1626692354404000,0,5.56101486,431.7700
1626692424097000,0,3.61190000,432.4800
1626692607685000,1,0.19000000,432.9600
1626692827778000,1,8.33000000,432.8900
1626692827827000,1,0.00602595,432.8900
1626692828066000,1,0.18300000,432.7800
1626692828066000,1,1.11700000,432.7000
1626692876598000,1,10.49000000,432.8400
1626692876629000,1,10.49000000,432.8300
1626692888003000,1,0.00200000,432.8300
1626692888003000,1,3.45800000,432.7600
1626692890708000,1,6.70800000,432.8300
1626692890708000,1,0.00200000,432.7600
1626692890717000,1,0.00023199,432.7600
1626693094533000,0,0.13000000,433.9700
1626693262714000,0,1.52775737,434.3400
1626693262795000,0,8.83224263,434.4100
1626693267800000,0,1.75247164,434.6700
1626693267814000,0,1.74752836,434.6700
1626693349310000,1,0.14000000,434.4400
1626693361097000,0,1.11150000,434.5500
1626693362514000,1,0.00100000,434.4400
1626693729124000,1,1.29900000,433.3700
1626693788086000,0,3.46289431,433.3800
1626693788191000,0,3.46000000,433.3800
1626693788227000,0,0.00289431,433.3800
1626693847865000,0,1.00000000,432.7700
1626693879266000,1,0.25446292,432.8100
1626694422345000,0,3.46000000,432.6700
1626694440183000,1,2.46329038,432.3700
1626694469147000,1,4.19000000,432.3500
1626694659367000,0,0.87000000,433.2400
1626694806558000,1,1.23000000,434.3000
1626694806669000,1,1.23000000,434.3000
1626694808363000,1,0.99000000,434.3000
1626694808383000,1,0.00172565,434.3000
1626694864314000,1,1.09000000,433.9800
1626694864391000,1,2.36418525,433.9800
1626694866985000,1,1.16000000,433.8600
1626694870157000,1,2.26000000,433.8600
1626694870158000,1,0.00310882,433.8600
1626694877390000,1,3.45000000,433.8100
1626694877935000,1,0.00559807,433.8100
1626694935803000,1,3.45676597,433.6400
1626695165731000,1,0.10779020,432.8400
1626695168473000,1,0.00219980,432.8400
1626695168473000,1,3.45780020,432.7700
1626695197934000,1,12.63300312,432.4300
1626695197934000,1,3.45699688,432.4100
1626695396491000,1,2.05043411,432.2000
1626695428689000,1,0.04882964,432.2300
1626695586174000,1,12.94500000,432.0400
1626695725905000,1,1.00000000,432.3000
1626695859339000,0,0.58090000,432.3400
1626695935726000,0,3.93000000,432.3400
1626696180873000,0,0.11500000,430.8100
1626696303294000,0,2.68170000,431.6900
1626696448356000,1,2.86000000,432.8700
1626696450409000,1,0.60000000,432.8700
1626696451506000,1,0.00174914,432.8700
1626696451506000,1,3.45825086,432.8700
1626696451530000,1,0.00349828,432.8700
1626696453536000,1,3.46000000,432.8700
1626696453625000,1,0.00174914,432.8700
1626696474213000,1,1.08000000,432.6800
1626696474255000,1,2.38398349,432.6800
1626696474400000,1,2.38000000,432.6800
1626696474622000,1,1.08000000,432.6800
1626696474648000,1,0.00398349,432.6800
1626696477175000,0,0.27890000,432.9400
1626696497083000,1,1.45000000,432.6800
1626696497108000,1,1.45000000,432.6800
1626696497286000,1,0.56398349,432.6800
1626696499253000,1,3.46000000,432.6800
1626696514788000,1,0.00398349,432.6800
1626696514788000,1,0.25601651,432.5600
1626696516021000,1,1.30000000,432.5600
1626696597359000,0,6.00000000,432.6000
1626696608223000,0,0.07000000,432.9900
1626696946338000,1,3.47956373,430.7900
1626696958426000,1,0.42559000,430.0000
1626696959190000,1,0.07441000,430.0000
1626696959190000,1,1.49882288,429.9100
1626696960493000,1,1.00000000,429.9000
1626696960493000,1,2.49608000,429.7700
1626696960711000,1,1.00000000,429.7700
1626697026452000,0,13.93967000,429.8000
1626697026466000,0,0.00000930,429.8000
1626697087131000,1,6.50000000,429.4800
1626697087506000,1,10.14975000,429.4800
1626697087640000,1,17.14400000,429.4700
1626697166326000,1,0.72497111,429.4800
1626697193395000,0,3.44139000,430.2800
1626697193553000,0,3.44139000,430.2900
1626697810438000,1,2.04967254,428.1000
1626697810540000,1,0.96710493,428.1100
1626697810829000,1,17.30000000,428.0900
1626697847634000,1,3.50362459,427.7400
1626697847634000,1,3.50000000,427.6100
1626697847634000,1,8.94400000,427.5700
1626697847634000,1,5.83976178,427.5200
1626697847634000,1,50.94211000,427.5000
1626697847634000,1,0.09624891,427.3700
1626697847634000,1,3.51680848,427.2700
1626697847634000,1,5.83797161,427.2300
1626697847634000,1,3.45649428,427.2000
1626697847634000,1,39.92878000,427.1800
1626697847634000,1,0.09079532,427.1500
1626697847634000,1,94.13038854,427.0500
1626697848411000,1,0.23437500,427.4300
1626697848411000,1,4.00000000,427.2800
1626697848411000,1,0.76562500,427.2700
1626697853342000,1,3.50000000,426.6400
1626697853342000,1,8.94400000,426.6200
1626697853342000,1,3.50000000,426.5900
1626697853342000,1,2.60000000,426.5300
1626697853342000,1,5.84534773,426.5200
1626697853342000,1,0.09064617,426.5100
1626697853342000,1,8.04023223,426.4900
1626697853342000,1,3.55233591,426.4800
1626697853342000,1,3.50253270,426.4200
1626697853342000,1,3.26500000,426.3700
1626697853342000,1,0.09356195,426.2400
1626697853342000,1,3.52750808,426.0900
1626697853342000,1,0.80000000,426.0000
1626697853342000,1,7.83564704,425.9900
1626697853500000,1,2.17680000,426.7100
1626697853594000,1,1.33260000,426.7100
1626697853620000,1,0.00003683,426.7100
1626697853620000,1,3.21196317,426.1900
1626697853818000,1,2.16740000,426.1900
1626697855399000,0,3.50000000,426.7100
1626697869456000,1,0.04930400,425.8100
1626697869456000,1,1.25069600,425.5800
1626697873381000,1,0.30000000,425.0100
1626697873381000,1,1.00000000,425.0000
1626697873612000,0,0.13228000,425.2400
1626697873789000,1,3.10000000,424.7400
1626697873789000,1,3.96485072,424.2700
1626697873789000,1,22.00410000,424.2600
1626697873789000,1,5.87122723,424.1800
1626697873789000,1,5.05982205,423.3300
1626697880041000,0,0.09000000,424.0600
1626697880316000,0,0.07733000,424.6100
1626697881049000,0,0.08057000,424.8800
1626697881798000,0,0.05868000,424.9800
1626697884007000,0,3.97320000,424.9800
1626697891745000,1,3.52327000,424.7500
1626697901884000,0,0.05568000,425.4500
1626697907194000,1,3.52299000,425.0200
1626697907425000,1,0.00000764,425.0200
1626697912890000,0,16.16945747,425.5600
1626697913586000,1,3.52040000,425.4900
1626697917607000,1,0.00000396,425.4900
1626697917607000,1,3.52039604,425.4900
1626697924556000,1,0.00000792,425.4900
1626697924556000,1,3.52039208,425.4900
1626697924570000,1,0.00001188,425.4900
1626697932358000,1,1.67244512,425.4700
1626697932367000,1,1.84759883,425.4700
1626697937116000,1,8.94400000,425.2200
1626697937116000,1,0.26148484,425.2100
1626697939874000,0,2.81000000,425.6000
1626697939898000,0,1.02600000,425.6000
1626697940003000,0,6.01200000,425.6000
1626697940010000,0,1.02830000,425.6000
1626697940076000,0,6.00000000,425.6000
1626697940140000,0,9.50000000,425.6000
1626697940210000,0,5.50000000,425.6000
1626697940278000,0,10.50000000,425.6000
1626697940500000,0,17.00000000,425.6000
1626697940568000,0,21.00000000,425.6000
1626697940644000,0,0.22020000,425.6000
1626697940645000,0,12.00000000,425.6000
1626697940701000,0,4.35429000,425.6000
1626697942072000,1,3.52010000,425.4500
1626697945503000,1,0.00000560,425.4500
1626697945503000,1,3.52010560,425.4500
1626697952764000,1,3.50000000,425.4300
1626697953185000,1,3.50000000,425.2100
1626697953411000,1,3.52225000,425.1900
1626697958702000,1,3.52225000,425.2000
1626697959249000,1,0.00000274,425.1900
1626697959249000,1,3.52224726,425.1900
1626697959356000,1,0.00000548,425.1900
1626697960428000,1,2.50740000,425.1900
1626697961751000,1,1.01485000,425.1900
1626697963057000,1,0.00000274,425.1900
1626697963057000,1,3.52224726,425.1900
1626697970230000,1,0.00000548,425.1900
1626697987591000,1,3.52262000,425.2100
1626698019339000,1,3.52051000,425.4500
1626698019366000,1,0.00000866,425.4500
1626698022530000,1,3.52000000,425.2200
1626698022587000,1,0.00326439,425.2200
1626698022714000,1,0.00000764,425.2100
1626698027954000,1,3.52479000,425.0000
1626698052244000,1,0.00000044,425.0000
1626698052244000,1,8.94400000,424.7600
1626698052244000,1,3.52640067,424.7500
1626698052244000,1,4.12737295,424.6200
1626698052244000,1,49.62019000,424.6200
1626698052244000,1,3.56409410,424.6100
1626698052244000,1,5.87417030,424.5500
1626698088391000,1,3.52959000,423.8300
1626698093573000,1,3.53000000,423.4700
1626698094527000,1,10.50000000,423.2200
1626698095184000,1,3.53000000,423.0700
1626698096279000,1,3.58740000,422.8000
1626698096906000,1,0.00001109,422.8000
1626698097777000,1,3.45180000,422.2800
1626698098590000,1,1.30000000,422.1800
1626698099582000,0,3.50000000,422.5500
1626698099582000,0,0.04624550,422.5600
1626698102289000,1,2.42472000,422.1900
1626698103285000,1,1.30000000,421.7100
1626698108565000,1,3.50000000,422.6100
1626698135267000,0,4.75180000,422.3400
1626698135267000,0,4.09824142,422.3500
1626698135267000,0,0.40052729,422.5200
1626698139120000,1,3.50000000,421.6100
1626698139120000,1,4.17388219,421.5700
1626698139120000,1,3.55088306,421.5300
1626698139120000,1,8.04601940,421.5100
1626698139120000,1,3.00000000,421.5000
1626698139120000,1,3.02130872,421.3600
1626698139134000,0,0.30000000,421.8900
1626698139175000,0,0.70000000,421.8900
1626698139722000,1,3.55000000,421.5300
1626698152642000,1,3.50000000,421.5400
1626698153671000,1,0.00088306,421.5300
1626698155051000,1,3.50000000,421.2300
1626698155051000,1,4.31331778,421.0500
1626698155051000,1,3.55533715,421.0400
1626698155051000,1,13.50000000,420.9200
1626698155051000,1,6.51343756,420.8700
1626698155922000,1,3.55533000,421.0400
1626698156004000,1,0.00000715,421.0400
1626698156492000,1,0.30000000,420.8600
1626698163201000,0,5.58510000,421.5000
1626698163206000,0,1.11260000,421.5000
1626698169780000,1,3.55191993,421.6700
1626698169967000,1,2.39719083,421.5800
1626698170058000,1,1.10280917,421.5800
1626698171124000,1,0.82721000,421.3500
1626698172988000,0,1.75523696,421.6000
1626698174346000,0,1.61400153,421.7700
1626698198448000,1,1.64204026,421.8200
1626698203981000,1,3.55374000,421.5700
1626698211003000,1,0.00000374,421.5700
1626698211003000,1,3.54999626,421.3000
1626698211112000,1,0.00579197,421.3000
1626698214020000,1,6.41428000,421.0800
1626698214077000,1,5.28572000,421.0800
1626698214426000,1,3.55791000,421.0300
1626698215083000,1,0.00000761,421.0300
1626698220611000,1,0.05950000,420.6000
1626698221749000,1,1.00000000,420.3000
1626698224127000,1,0.50991312,420.1500
1626698224127000,1,0.05000390,420.0200
1626698224127000,1,0.96880166,420.0000
1626698224401000,1,0.03119834,420.0000
1626698224401000,1,3.53651166,419.6800
1626698225328000,1,0.06197000,419.5800
1626698243416000,1,4.33335000,420.2000
1626698245513000,1,0.00000809,420.2000
1626698251243000,1,0.84988000,419.3600
1626698251319000,1,0.00000935,419.3600
1626698251319000,1,9.52599065,419.3500
1626698251693000,1,2.08805776,419.3600
1626698251805000,1,0.00000001,419.3600
1626698252244000,1,0.83529535,419.2200
1626698252244000,1,2.08805777,419.2200
1626698252244000,1,5.42965260,419.2200
1626698252244000,1,1.16799428,419.2100
1626698252479000,1,8.35300000,419.2100
1626698263045000,1,0.99916000,420.1100
1626698263077000,1,0.00000273,420.1100
1626698263221000,1,3.56791000,419.7900
1626698263325000,1,1.36365448,419.7900
1626698263342000,1,4.58243552,419.7900
1626698263570000,1,0.99916273,419.7100
1626698265452000,1,3.57090000,419.3900
1626698278555000,1,0.00000715,419.3900
1626698302884000,1,20.28587000,418.3100
1626698303065000,1,10.94713000,418.3100
1626698304959000,1,0.10186707,418.0000
1626698304971000,1,0.39813293,418.0000
1626698304971000,1,1.78248238,417.9700
1626698304976000,1,0.61936670,417.9700
1626698308028000,1,0.00257437,417.3100
1626698310504000,1,0.90045385,416.4600
1626698310504000,1,2.28964615,416.4600
1626698312958000,0,3.32530000,417.0100
1626698313409000,0,3.06040000,417.0100
1626698313415000,0,10.50000000,417.0100
1626698313460000,0,1.86660000,417.0100
1626698313576000,0,1.30930000,417.0100
1626698313638000,0,17.00000000,417.0100
1626698313660000,0,1.00100000,417.0100
1626698313705000,0,1.00550000,417.0100
1626698313706000,0,8.00000000,417.0100
1626698313841000,0,1.09390000,417.0100
1626698313877000,0,1.35580000,417.0100
1626698313913000,0,0.30000000,417.0100
1626698313945000,0,1.15790000,417.0100
1626698314004000,0,23.36915000,417.0100
1626698314937000,0,0.09100000,417.8100
1626698327307000,1,9.57900000,417.0400
1626698335129000,0,2.14827149,417.3300
1626698335998000,1,1.18578865,416.7800
1626698356893000,1,2.20847000,418.3200
1626698367328000,0,4.00000000,419.4500
1626698372768000,0,3.50000000,419.5700
1626698391116000,0,3.50000000,420.1100
1626698399501000,0,3.50000000,420.3400
1626698401332000,1,0.50792558,420.0000
1626698402600000,1,1.49207000,420.0000
1626698406275000,1,0.00000442,420.0000
1626698411187000,1,0.73617587,419.4600
1626698411187000,1,1.84014413,419.4600
1626698411286000,1,0.00000636,419.4600
1626698415664000,1,4.78472000,419.2400
1626698415727000,1,0.00000656,419.2400
1626698426153000,0,0.27100000,419.2200
1626698427017000,0,0.19800000,419.3200
1626698427626000,0,0.25700000,419.4200
1626698428460000,0,0.21200000,419.5200
1626698428472000,0,0.27600000,419.6200
1626698432843000,1,9.51600000,419.3400
1626698451941000,0,0.19100000,419.7200
1626698454315000,0,0.21200000,419.8200
1626698500994000,1,1.01003063,419.8200
1626698500994000,1,2.55885937,419.8100
1626698515101000,1,0.99363000,419.8600
1626698515239000,1,0.00000489,419.8600
1626698519444000,1,0.99367000,419.6500
1626698519662000,1,0.00000271,419.6500
1626698525266000,0,0.20000000,419.3800
1626698535140000,0,3.50000000,420.1400
1626698535140000,0,1.70000000,420.1800
1626698535140000,0,9.51200000,420.2000
1626698535140000,0,7.43247068,420.2200
1626698542323000,0,0.28720000,420.5800
1626698546258000,1,0.98148861,419.9600
1626698546258000,1,0.98145592,419.9500
1626698574139000,1,2.72460000,420.0000
1626698574678000,1,9.51600000,419.8300
1626698611423000,1,0.93211522,419.2100
1626698611423000,1,2.32958955,419.1700
1626698611991000,1,4.52090000,419.1900
1626698622979000,0,2.38160000,419.5700
1626698623063000,0,1.11840000,419.5700
1626698623735000,1,4.00000000,419.1600
1626698623735000,1,1.00000000,419.1500
1626698635014000,0,3.53657000,418.7100
1626698642563000,0,3.50000000,418.6300
1626698686994000,0,3.05200000,418.4400
1626698690907000,1,3.58380000,418.0600
1626698691483000,1,3.50000000,418.0800
1626698691568000,1,0.00002888,418.0600
1626698691568000,1,0.89841424,417.8500
1626698691568000,1,5.32325688,417.7800
1626698695102000,0,8.60415431,418.5400
1626698719324000,0,1.46890000,418.8000
1626698719346000,0,1.52820000,418.8100
1626698748435000,1,3.57740000,418.8500
1626698749319000,1,0.00000491,418.8500
1626698749319000,1,0.87551509,418.5200
1626698779147000,1,2.99720000,417.6100
1626698839608000,0,3.50000000,418.3800
1626698885641000,1,3.58647694,417.7700
1626698906324000,1,16.64975000,417.3600
1626698906514000,1,0.00000642,417.3600
1626698906676000,1,14.96000000,417.3500
1626698906737000,1,8.27400000,417.3500
1626698907026000,1,6.40928000,417.3500
1626698907079000,1,1.75372000,417.3500
1626698915014000,0,3.50000000,417.0400
1626698931419000,0,0.05100000,416.9700
1626698940404000,0,3.50000000,417.0600
1626698943703000,0,0.69480000,417.0600
1626698981702000,0,1.03750000,417.4000
1626699012873000,1,3.58936000,417.3900
1626699024284000,0,0.69420000,417.4400
1626699027227000,1,0.00000356,417.3900
1626699030746000,1,1.03750000,416.7800
1626699063663000,1,0.59000000,416.8500
1626699063686000,1,3.00502827,416.8500
1626699074962000,0,1.09526130,417.2600
1626699216532000,0,9.50000000,417.7500
1626699216626000,0,4.50000000,417.7400
1626699216646000,0,0.51699512,417.7400
1626699299143000,0,0.12740000,416.9800
1626699324715000,1,3.59512000,416.8300
1626699456699000,1,0.14000000,416.8400
1626699456703000,1,0.00599000,416.8400
1626699544164000,1,5.11200000,416.8100
1626699544484000,1,8.94980000,416.7600
1626699544536000,1,0.30000000,416.7600
1626699544538000,1,4.50000000,416.7600
1626699544590000,1,0.80220000,416.7600
1626699551433000,0,0.20400000,416.6800
1626699575267000,0,0.30000000,415.3800
1626699575272000,0,0.87319823,415.3800
1626699609879000,1,5.50000000,415.1500
1626699609992000,1,5.30220000,415.1500
1626699644834000,0,0.34880000,415.4900
1626699650130000,0,3.50000000,415.6400
1626699651190000,0,1.16630000,415.7500
1626699658778000,0,42.71706000,415.7200
1626699658778000,0,4.40416789,415.8000
1626699658778000,0,0.09126408,415.8400
1626699667742000,1,1.68320000,415.3300
1626699697585000,1,0.50000000,415.0100
1626699697843000,0,0.23437500,415.0200
1626699698274000,1,3.99999999,415.0000
1626699698397000,1,0.00000001,415.0000
1626699699130000,1,3.30000000,414.7400
1626699699130000,1,6.33700000,414.7200
1626699700933000,1,2.30800000,414.7200
1626699700986000,1,0.94631384,414.7200
1626699701302000,1,0.04568616,414.7200
1626699701727000,1,0.30000000,414.5200
1626699702674000,1,1.84757806,414.5200
1626699708369000,1,0.05070380,414.2300
1626699729721000,0,0.35343794,414.4800
1626699818860000,0,0.84000000,415.3100
1626699832593000,0,3.50000000,415.6000
1626699832593000,0,1.50000000,415.6000
1626699874634000,0,0.68000000,416.0000
1626699875234000,0,0.30000000,416.1500
1626699908015000,1,0.20000000,415.8800
1626699908644000,1,0.20972000,415.7800
1626699961969000,1,1.98000000,415.9700
1626699962073000,1,2.33721389,415.9700
1626699965169000,1,0.19992000,415.9600
1626700028334000,1,0.25300000,416.2300
1626700050473000,1,0.31000000,416.1300
1626700086214000,1,0.21000000,416.0300
1626700086219000,1,0.00400000,416.0300
1626700104354000,1,0.10000000,415.9900
1626700105276000,1,0.07938000,415.9900
1626700198535000,0,0.11969492,415.6400
1626700205101000,1,3.60881000,415.3200
1626700205138000,1,0.00000659,415.3200
1626700370584000,1,0.17000000,415.3900
1626700370648000,1,0.00100000,415.3900
1626700442963000,0,4.00000000,416.2100
1626700461293000,0,0.11590000,416.8400
1626700512015000,1,0.32000000,416.5900
1626700514170000,1,0.29800000,416.4900
1626700587104000,0,3.59742324,417.3600
1626700587879000,1,0.07000000,416.9600
1626700610301000,1,8.73000000,417.3500
1626700667409000,0,8.57000000,417.8600
1626700667444000,0,0.00222275,417.8600
1626700689189000,0,0.11550000,418.1800
1626700705961000,1,0.19400000,417.8600
1626700705961000,1,16.16538400,417.8600
1626700706409000,1,0.49000000,417.8600
1626700713921000,1,2.80800000,417.8600
1626700713974000,1,0.82361600,417.8600
1626700714639000,1,0.20900000,417.7600
1626700714639000,1,0.20500000,417.6600
1626700714639000,1,0.18900000,417.5600
1626700715384000,1,0.17800000,417.4600
1626700715384000,1,0.06125000,417.4000
1626700717086000,1,8.57000000,417.4000
1626700790648000,0,0.07200000,417.9300
1626700817849000,1,5.39200000,417.4000
1626700975125000,0,8.94400000,417.2500
1626700975125000,0,4.00000000,417.2500
1626700975125000,0,9.58100000,417.2700
1626700975125000,0,3.05946690,417.3200
1626700992032000,1,0.41308960,417.0800
1626701010811000,0,0.09260000,417.4000
1626701142610000,1,4.10000000,416.3900
1626701142866000,1,8.31000000,416.2900
1626701169670000,0,1.00000000,416.5400
1626701257240000,0,0.81910000,416.3100
1626701405977000,1,3.53466054,415.5000
1626701495093000,0,6.70622716,415.6700
1626701495207000,0,5.37280838,415.6700
1626701495207000,0,2.27540162,415.6800
1626701504514000,1,3.50000000,415.3700
1626701504514000,1,3.60807813,415.3200
1626701504514000,1,4.14909461,415.3100
1626701504892000,1,6.01267654,415.2100
1626701507003000,1,2.30000000,415.0300
1626701511032000,1,1.20000000,415.0300
1626701630382000,0,5.00000000,414.9000
1626701736944000,0,1.00000000,415.2800
1626701865410000,0,0.97660000,415.4300
1626701885136000,1,2.00000000,414.9100
1626702067320000,1,1.13990000,414.9800
1626702074721000,1,5.90210000,414.9800
1626702074721000,1,11.00790000,414.9700
1626702074793000,1,0.00610000,414.9700
1626702075117000,1,0.06100000,414.9100
1626702126353000,0,4.38000000,414.7400
1626702126529000,0,0.00313539,414.7400
1626702144487000,1,1.00000000,414.3100
1626702144862000,0,0.46580000,414.8300
1626702189464000,1,3.50000000,414.3300
1626702189606000,1,0.24128011,414.3500
1626702189606000,1,0.87398291,414.3500
1626702189630000,1,2.08707662,414.3500
1626702253717000,0,3.20000000,415.4500
1626702253782000,0,0.00233964,415.4500
1626702253782000,0,8.22867391,415.4600
1626702280032000,0,0.30000000,415.7100
1626702336569000,1,0.75000000,414.3000
1626702650364000,1,3.00000000,413.9000
1626702651406000,1,11.02000000,413.9000
1626702661712000,1,40.98000000,413.9000
1626702678417000,0,0.50000000,414.6000
1626702728400000,1,1.30000000,414.5600
1626702966459000,1,1.00000000,413.9600
1626702977274000,0,0.61100000,414.2200
1626702978860000,1,0.00454533,413.9600
1626702978860000,1,0.53545467,413.8000
1626702978866000,1,7.57174813,413.8000
1626703130312000,1,8.82000000,413.7300
1626703172594000,0,0.48240000,413.9700
1626703285090000,1,0.92647300,414.0300
1626703285094000,1,2.57352700,414.0300
1626703285100000,1,3.61978565,414.0100
1626703325253000,1,2.00000000,414.2000
1626703337937000,0,1.00340000,414.8700
1626703338066000,0,1.09540000,414.8700
1626703419563000,1,4.04243849,415.1100
1626703449436000,1,2.09880000,414.3900
1626703449616000,1,1.51702162,414.3900
1626703449678000,1,15.51000000,414.2900
1626703464089000,1,3.61797355,414.1700
1626703497933000,0,2.00000000,414.1400
1626703506388000,0,0.38815100,414.1200
1626703506433000,0,0.86497447,414.1300
1626703507126000,0,1.43918349,414.1200
1626703520214000,1,0.45000000,413.8200
1626703524944000,1,0.35000000,413.6900
1626703524967000,1,0.35000000,413.6900
1626703525125000,1,2.96143730,413.6900
1626703525125000,1,0.34856270,413.6800
1626703525180000,1,0.00443730,413.6800
1626703525705000,1,0.42000000,413.5800
1626703525877000,1,0.00800000,413.5800
1626703526287000,1,0.42000000,413.4800
1626703528161000,1,3.66066893,413.4900
1626703528161000,1,0.00399999,413.4800
1626703528279000,1,0.00000001,413.4800
1626703528279000,1,0.35700000,413.3800
1626703571748000,0,1.02280000,414.9700
1626703571766000,0,1.01810000,414.9700
1626703571768000,0,1.12550000,414.9700
1626703585308000,1,0.21000000,415.5900
1626703587139000,1,1.64650000,415.6000
1626703587164000,1,1.94433252,415.6000
1626703587484000,1,0.00600000,415.5900
1626703587484000,1,0.29399999,415.4900
1626703590373000,1,0.00000001,415.4900
1626703590373000,1,0.25099998,415.3900
1626703591243000,1,0.00000002,415.3900
1626703591243000,1,0.31299997,415.2900
1626703591260000,1,0.00000003,415.2900
1626703601046000,1,0.30000000,415.1900
1626703601639000,1,3.33000000,415.1400
1626703602074000,1,0.25000000,415.0900
1626703602710000,1,0.00100000,415.0900
1626703602710000,1,0.26700000,414.9900
1626703602710000,1,0.27000000,414.8900
1626703614679000,0,1.55460000,415.3100
1626703637105000,0,0.14930300,415.4000
1626703637144000,0,0.00304700,415.4000
1626703638658000,0,1.42270000,415.8100
1626703651438000,0,7.53896551,416.2200
1626703668303000,1,3.50000000,416.5700
1626703668367000,0,0.30000000,416.5400
1626703668374000,0,0.20000000,416.5400
1626703688952000,0,1.98604480,417.2600
1626703688991000,0,0.31117079,417.2600
1626703689866000,0,0.35890873,417.2600
1626703689906000,0,1.07685225,417.2600
1626703690157000,0,1.98653242,417.2600
1626703690190000,0,0.98138753,417.2600
1626703690366000,0,0.33314033,417.2600
1626703691618000,0,1.47647016,417.2600
1626703719440000,0,2.83000000,417.7400
1626703719484000,0,0.00168878,417.7400
1626703745894000,0,0.31240000,417.4800
1626703840206000,0,0.54200000,417.8900
1626703844929000,0,2.31080000,417.8900
1626703885694000,0,1.07701345,417.9500
1626703916011000,1,8.48000000,417.1900
1626703916080000,1,0.00116561,417.1900
1626703949136000,1,10.34000000,416.1500
1626703991569000,0,9.50000000,416.2200
1626703997135000,0,8.76153000,416.5900
1626704102972000,1,8.33364772,416.0600
1626704132918000,0,8.69407987,416.7500
1626704146743000,0,4.40539276,416.9100
1626704218815000,0,0.21970000,417.7200
1626704276733000,0,1.15740000,417.3300
1626704306264000,1,4.36805870,416.6900
1626704306264000,1,8.50194130,416.6800
1626704308080000,1,2.80800000,416.7000
1626704308153000,1,0.76723397,416.7000
1626704308324000,1,0.15100000,416.6900
1626704308839000,1,1.79930000,416.5200
1626704308958000,1,1.77243724,416.5200
1626704309470000,1,3.58729000,416.4700
1626704313040000,1,0.00000319,416.4700
1626704313040000,1,3.55999681,416.2600
1626704313116000,1,0.00570388,416.2600
1626704326410000,1,3.58000000,416.1300
1626704326412000,1,0.00802908,416.1300
1626704341936000,1,4.36000000,415.8200
1626704341960000,1,0.00093418,415.8200
1626704416511000,1,3.50000000,415.2100
1626704428903000,0,4.34000000,415.6300
1626704449314000,0,5.70000000,417.1000
1626704457645000,0,0.16360000,417.7900
1626704648700000,0,4.18200000,416.7300
1626704739357000,1,0.16000000,416.0700
1626704739410000,1,0.00800000,416.0700
1626704747790000,1,0.17000000,415.9700
1626704747791000,1,0.00300000,415.9700
1626704924626000,0,1.84110000,416.1900
1626704924696000,0,5.92859000,416.1900
1626704924800000,0,5.81931000,416.1900
1626704924977000,0,0.15013000,416.2000
1626704985733000,1,16.64000000,416.4000
1626704985810000,1,0.58839999,416.4100
1626704985987000,1,1.47000000,416.4300
1626705040515000,0,16.64000000,416.1600
1626705040535000,0,0.00975642,416.1600
1626705088918000,0,4.11155592,416.3500
1626705121028000,0,2.04000000,416.8200
1626705143795000,1,0.24000000,416.3800
1626705143825000,1,0.00400000,416.3800
1626705218549000,1,3.50000000,416.7300
1626705219739000,1,0.22000000,416.7000
1626705261765000,0,4.10000000,417.5900
1626705272724000,0,0.09240000,418.3100
1626705281754000,1,0.19000000,417.8700
1626705293097000,0,2.00000000,417.7900
1626705293991000,1,0.19000000,417.7700
1626705294057000,1,0.00400000,417.7700
1626705306493000,1,4.18000000,417.6500
1626705338049000,1,0.16000000,417.3100
1626705338183000,1,0.00500000,417.3100
1626705468973000,0,0.19000000,417.6700
1626705468996000,0,0.00258000,417.6700
1626705511547000,0,3.98316815,417.7600
1626705511547000,0,6.55663185,417.7800
1626705549386000,1,0.15100000,417.3900
1626705599314000,0,7.84000000,417.7800
1626705599361000,0,0.64600000,417.7800
1626705600004000,0,17.23000000,417.9400
1626705612233000,1,0.15200000,417.8500
1626705673701000,1,0.21000000,417.5100
1626705673762000,1,0.00700000,417.5100
1626705674673000,1,4.14596156,417.4500
1626705679879000,1,0.20800000,417.4100
1626705679879000,1,1.42200000,417.4000
1626705680072000,1,0.21200000,417.3100
1626705693952000,1,0.17000000,417.2100
1626705694393000,1,0.00600000,417.2100
1626705758357000,1,16.03000000,416.7900
1626705758570000,1,0.61111285,416.7900
1626705758570000,1,8.54888715,416.7800
1626705854602000,0,8.63000000,417.2800
1626705854689000,0,1.30000000,417.2700
1626705906698000,1,0.17000000,417.1100
1626705906725000,1,0.00200000,417.1100
1626705978579000,0,6.71975642,417.1700
1626705978579000,0,8.67439701,417.2000
1626705978579000,0,3.59765932,417.2200
1626706019597000,0,4.34131000,417.1600
1626706057588000,1,3.59505000,416.9500
1626706059927000,1,0.23100000,416.9500
1626706061171000,1,0.21000000,416.8500
1626706061387000,1,0.00700000,416.8500
1626706061387000,1,0.21500000,416.7500
1626706061387000,1,0.15600000,416.6500
1626706061446000,1,0.19300000,416.5500
1626706061590000,1,0.87645488,416.4600
1626706061590000,1,0.20299999,416.4500
1626706061656000,1,0.00000001,416.4500
1626706061785000,1,2.19115027,416.3600
1626706061785000,1,0.21100000,416.3500
1626706061956000,1,1.64810000,416.1400
1626706070716000,1,16.64975000,415.5500
1626706157716000,0,16.64975000,416.6800
1626706157796000,0,5.17900000,416.6900
1626706157880000,0,1.20019509,416.7000
1626706157945000,0,9.31480491,416.7000
1626706167474000,0,0.20824000,417.3600
1626706181159000,1,4.24270173,417.2600
1626706349092000,1,12.63000000,416.5400
1626706524722000,0,0.75000000,416.6200
1626706525731000,0,0.17300000,416.6200
1626706528715000,0,0.18900000,416.5900
1626706529720000,0,0.19000000,416.5900
1626706591132000,0,3.73000000,416.2400
1626706663398000,0,0.21281680,416.5500
1626706675413000,0,0.00434320,416.5500
1626706698802000,0,8.90000000,416.7300
1626706811352000,0,0.10890000,416.6900
1626706913546000,1,16.64000000,415.4100
1626706913940000,1,18.50000000,415.3200
1626706914000000,1,3.50410000,415.3200
1626706936944000,0,1.29699079,415.4800
1626706936955000,0,1.29699079,415.4800
1626706980187000,0,0.10943000,415.2600
1626707026613000,0,0.16270000,415.5800
1626707029577000,0,8.00906000,415.5800
1626707029663000,0,10.50000000,415.5800
1626707029732000,0,2.04424000,415.5800
1626707033525000,0,11.77000000,415.5700
1626707033635000,0,2.27601000,415.5600
1626707033711000,0,0.00000842,415.5600
1626707033711000,0,10.20299158,415.5800
1626707035565000,0,0.00000842,415.5800
1626707094100000,1,0.26000000,415.7500
1626707101870000,1,0.00500000,415.7500
1626707101870000,1,0.29500000,415.6500
1626707101886000,1,0.00900000,415.6500
1626707106677000,0,3.60763510,416.0600
1626707138547000,1,0.21000000,416.0200
1626707141073000,1,0.00800000,416.0200
1626707141073000,1,1.29200000,415.9300
1626707141534000,1,7.26000000,415.9300
1626707141721000,1,0.21000000,415.9200
1626707141778000,1,0.00600000,415.9200
1626707146264000,1,0.19000000,415.9500
1626707146283000,1,0.00200000,415.9500
1626707182841000,0,3.60634421,416.2100
1626707182955000,0,4.17082907,416.2800
1626707182955000,0,8.22471494,416.2900
1626707277873000,0,0.11455000,417.4700
1626707342132000,1,3.50000000,417.0700
1626707342202000,0,7.93441000,417.0700
1626707342682000,0,0.00000567,417.0700
1626707376399000,1,3.50000000,417.1200
1626707480162000,1,0.09384951,417.6100
1626707480162000,1,3.50769026,417.5200
1626707480167000,1,0.49230974,417.5200
1626707480167000,1,5.51309767,417.5100
1626707480169000,1,3.43090233,417.5100
1626707480169000,1,2.57166394,417.5000
1626707481233000,0,9.55800000,418.1000
1626707579961000,0,0.13895420,418.4100
1626707579974000,0,0.00283580,418.4100
1626707600980000,1,9.54400000,418.3600
1626707623770000,1,1.30000000,418.2200
1626707642045000,0,7.97000000,418.5500
1626707642070000,0,0.00800000,418.5500
1626707660739000,1,4.10000000,418.2000
1626707660739000,1,1.51000000,418.2000
1626707778101000,1,0.73000000,418.1100
1626707778103000,1,0.98000000,418.1100
1626707779041000,1,4.16000000,418.0500
1626707783036000,1,8.54000000,417.9000
1626707815136000,0,6.03061158,418.2600
1626707955196000,0,5.91379000,417.8300
1626707955258000,0,3.73621000,417.8400
1626707957244000,0,5.91379000,417.8400
1626707984242000,0,1.40621000,417.9400
1626707984242000,0,7.89379000,417.9600
1626707984304000,0,11.02000000,417.9600
1626707984322000,0,8.55321000,417.9600
1626708002863000,0,0.13000000,418.0700
1626708003081000,0,0.00683000,418.0700
1626708153392000,1,3.59130000,417.3800
1626708153611000,1,0.00006320,417.3800
1626708153611000,1,4.22140088,417.2700
1626708153611000,1,1.82693592,417.2700
1626708200178000,0,0.12000000,417.4300
1626708200266000,0,0.00364000,417.4300
1626708240401000,0,0.10000000,417.5500
1626708337561000,0,0.27790000,417.1700
1626708393845000,1,3.59614000,416.8400
1626708423900000,0,1.37000000,416.9300
1626708423955000,0,2.65557320,416.9300
1626708531078000,0,19.76400000,416.7300
1626708543264000,0,0.12000000,416.9700
1626708543773000,0,0.00995000,416.9700
1626708572385000,1,3.59000000,416.4300
1626708577517000,1,3.50000000,416.2900
1626708642067000,1,1.00000000,415.7800
1626708670818000,0,8.06092000,416.4000
1626708704017000,0,0.16230000,416.7600
1626708788276000,0,0.13000000,416.5900
1626708847222000,0,0.00245000,416.5900
1626708882741000,0,1.00000000,416.7100
1626708918881000,0,0.20507636,416.5600
1626708986908000,0,3.48060000,416.3200
1626709012620000,1,8.27107000,415.9500
1626709081171000,0,0.46440000,416.0300
1626709143977000,0,1.56000000,415.9400
1626709144012000,0,7.46200000,415.9400
1626709144167000,0,18.31000000,415.9700
1626709242504000,0,3.50000000,415.9600
1626709242548000,0,0.00800000,415.9700
1626709394443000,0,0.24896000,415.9500
1626709692050000,0,0.12938000,416.5500
1626709770422000,0,0.15200000,416.7700
1626709770450000,0,4.41220000,416.7700
1626709770486000,0,1.01180000,416.7700
1626709779071000,0,7.97000000,416.8800
1626709779122000,0,7.97000000,416.8800
1626709779156000,0,0.20678000,416.8800
1626709779287000,0,4.82922000,416.8800
1626709868301000,0,4.22000000,416.6000
1626709870318000,0,7.20000000,416.6500
1626709962866000,1,0.80000000,415.5800
1626710100515000,1,4.04047000,415.3400
1626710105600000,1,4.43314000,414.9900
1626710123911000,0,6.49000000,415.4300
1626710123941000,0,1.98361000,415.4300
1626710229460000,1,1.30000000,415.1300
1626710295213000,0,3.50000000,414.9900
1626710295213000,0,7.48289570,415.0500
1626710301398000,1,4.26414258,414.4100
1626710301398000,1,8.12585742,414.3900
1626710331987000,0,1.30000000,414.5800
1626710331997000,0,2.62285242,414.5900
1626710332018000,0,2.62285242,414.5900
1626710332064000,0,7.50000000,414.5900
1626710332133000,0,1.31142620,414.5900
1626710332203000,0,4.03486896,414.5900
1626710345386000,1,16.64000000,414.1400
1626710348106000,0,1.25800000,414.4000
1626710374058000,0,0.62700000,414.4700
1626710391842000,0,14.75500000,414.4700
1626710391842000,0,4.80500000,414.4800
1626710391879000,0,0.00400000,414.4800
1626710392012000,0,8.37573000,414.5000
1626710426485000,0,0.25165000,415.0800
1626710542645000,1,0.39409154,415.4400
1626710542669000,1,1.13339924,415.4400
1626710652991000,0,0.27089588,414.9000
1626710706415000,0,2.15000000,414.6000
1626710731419000,0,8.44105966,415.0200
1626710731419000,0,4.11894034,415.0300
1626710740668000,0,0.13000000,415.1400
1626710740812000,0,0.00231000,415.1400
1626710852553000,1,4.12392000,415.6100
1626710853249000,1,1.73950000,415.5600
1626710853254000,1,6.72138000,415.5600
1626710943738000,0,1.39922752,415.4100
1626710945690000,0,2.40358061,415.4100
1626710956871000,0,0.25300000,415.4100
1626711155760000,1,0.06100000,414.6000
1626711207640000,0,0.16300000,414.9200
1626711256801000,1,3.61000000,414.4400
1626711256861000,1,0.00645812,414.4400
1626711287852000,0,12.09000000,414.4100
1626711342991000,0,10.00645000,414.8600
1626711343073000,0,14.53955000,414.8600
1626711343389000,0,0.11918000,414.9200
1626711343447000,0,1.14240000,415.0900
1626711414867000,1,3.50000000,415.5100
1626711414867000,1,4.17385602,415.5000
1626711414867000,1,3.60774698,415.4900
1626711450213000,1,3.60619000,415.6700
1626711498178000,0,2.44227943,416.1200
1626711558750000,0,0.14000000,416.1200
1626711558753000,0,0.00675000,416.1200
1626711868340000,0,0.04784573,415.9200
1626711917699000,0,14.60000000,415.9800
1626711917710000,0,4.63400000,415.9800
1626711917710000,0,2.91600000,415.9800
1626711979159000,1,0.00000280,415.6700
1626711989411000,1,9.14975000,415.2400
1626712110576000,1,1.00000000,415.0000
1626712135057000,0,3.50000000,415.0800
1626712135057000,0,3.64184215,415.1900
1626712142411000,0,0.23940000,415.1100
1626712194078000,1,0.91000000,414.7400
1626712194261000,1,0.00968024,414.7400
1626712309613000,0,0.50080000,414.7600
1626712328704000,1,3.61404000,414.7100
1626712432215000,0,0.47850000,413.8300
1626712461298000,0,0.55347630,413.7300
1626712461300000,0,0.55347630,413.7300
1626712461313000,0,0.27675200,413.7300
1626712488367000,0,4.21000000,413.7500
1626712488479000,0,4.21000000,413.7400
1626712488480000,0,0.31860785,413.7400
1626712488480000,0,0.00658392,413.7500
1626712513263000,0,0.06100000,413.9100
1626712514044000,0,0.49832356,413.9100
1626712514756000,0,0.72438000,413.7500
1626712514861000,0,0.00000274,413.7500
1626712514861000,0,1.79579726,413.9100
1626712514900000,0,7.44387918,413.9100
1626712516485000,0,27.89000000,414.0300
1626712519340000,0,0.43000000,414.1300
1626712519783000,0,0.00896000,414.1300
1626712520449000,0,0.99140000,414.3700
1626712804667000,0,0.46650000,414.1200
1626712879793000,0,0.15000000,414.4800
1626712879999000,0,0.00233000,414.4800
1626713060161000,0,6.40100000,414.3300
1626713060161000,0,0.15007000,414.3400
1626713060161000,0,17.47893000,414.3400
1626713091743000,0,6.60000000,414.3400
1626713161750000,1,4.08443000,413.6400
1626713171490000,0,0.11670000,414.0400
1626713174214000,0,0.25200000,413.9900
1626713262830000,0,0.00207000,414.3400
1626713262830000,0,4.38793000,414.4400
1626713262832000,0,0.00899463,414.4400
1626713323384000,0,0.15450000,414.8000
1626713364996000,0,1.67870000,415.5100
1626713472104000,1,4.08217000,415.3200
1626713925579000,1,0.09634932,414.8800
1626713940041000,0,0.39540000,415.3600
1626713973501000,1,1.82110000,414.8600
1626713973604000,1,7.79890000,414.8600
1626714046732000,0,28.59200000,415.3600
1626714046732000,0,18.28000000,415.3600
1626714046732000,0,0.23800000,415.3800
1626714065126000,0,3.50000000,415.3700
1626714118321000,0,1.16360000,415.2500
1626714134057000,1,9.62700000,415.0100
1626714159986000,1,7.02275642,414.9200
1626714159986000,1,9.62800000,414.8900
1626714161765000,1,1.30000000,414.7800
1626714217901000,0,4.30000000,415.3400
1626714218320000,0,0.00246595,415.3400
1626714243919000,0,16.64000000,415.6400
1626714336405000,1,16.64000000,415.0500
1626714379878000,0,3.43000000,415.3200
1626714400041000,1,4.10813000,414.9300
1626714571468000,0,5.50736265,415.3000
1626714571510000,0,0.63663735,415.3000
1626714571543000,0,23.11600000,415.3200
1626714705495000,0,1.27001147,415.9700
1626714705499000,0,0.81455825,415.9700
1626714705523000,0,0.30000000,416.0700
1626714705681000,0,8.22421181,416.0500
1626714798624000,0,2.35223310,416.3900
1626714826420000,1,12.66101000,415.7900
1626714852243000,0,2.15981201,415.9000
1626714852251000,0,2.15981201,415.9000
1626714864644000,0,9.09000000,415.8900
1626714865313000,0,3.24012777,415.8900
1626714865313000,0,9.11987223,415.9000
1626714865369000,0,0.00812777,415.9000
1626714869883000,0,16.60000000,415.9100
1626714869902000,0,17.74100000,415.9100
1626715016930000,0,0.17070742,415.6700
1626715047873000,0,4.10000000,416.4400
1626715047957000,0,0.00237995,416.4400
1626715050520000,1,0.16310000,416.6100
1626715051728000,1,0.00000454,416.6100
1626715160405000,0,0.29200000,416.7700
1626715160405000,0,0.13800000,416.7700
1626715189177000,0,0.00500000,416.7700
1626715195897000,0,0.13660000,417.1900
1626715243561000,0,5.80000000,417.1900
1626715243642000,0,2.79455299,417.1900
1626715370065000,1,1.30000000,417.3700
1626715480691000,0,0.23140000,417.4400
1626715534806000,1,8.02110000,417.0600
1626715534856000,1,0.00000219,417.0600
1626715552971000,1,2.69000000,416.9000
1626715602215000,0,3.59677352,417.3100
1626715602215000,0,8.10322648,417.3200
1626715624932000,1,12.68106000,417.3400
1626715736062000,0,8.67790000,417.4500
1626715886564000,0,0.09260000,417.4200
1626715938904000,1,8.81012000,417.0700
1626715943951000,1,4.06758000,416.9600
1626716078732000,0,0.85000000,416.8000
1626716163827000,0,4.11910000,417.3600
1626716163982000,0,1.72406000,417.3500
1626716164033000,0,4.11915096,417.3700
1626716164033000,0,8.61974036,417.4800
1626716165359000,0,2.92000000,417.6000
1626716243019000,1,8.03789000,417.1700
1626716255025000,0,0.29730000,417.5900
1626716318061000,0,0.11321116,417.4500
1626716573483000,1,0.11321116,416.3100
1626716597025000,0,0.64160000,417.0400
1626716621080000,0,0.46300000,417.2800
1626716644089000,0,0.11570000,417.4200
1626716664119000,0,1.00000000,417.7800
1626716698531000,0,0.34700000,417.6300
1626716761589000,1,1.07860000,416.9600
1626716761662000,1,10.45103000,416.9700
1626717014503000,0,0.19469353,417.1200
1626717173325000,1,0.15400000,416.6900
1626717190986000,1,0.14798000,416.5900
1626717252950000,0,2.00000000,416.8000
1626717319193000,0,0.46350000,416.8300
1626717377804000,0,0.18700000,416.8900
1626717380500000,1,0.26600000,416.8400
1626717380785000,0,0.25100000,416.8900
1626717381809000,0,0.38300000,416.8900
1626717382791000,0,0.14000000,416.8900
1626717386849000,0,0.29800000,416.9400
1626717389793000,0,0.22700000,416.9400
1626717474701000,0,2.03842671,417.0400
1626717474703000,0,2.31517278,417.0400
1626717614597000,0,4.41000000,417.3900
1626717614628000,0,0.00453051,417.3900
1626717614628000,0,4.11618791,417.4000
1626717614628000,0,8.32492176,417.4000
1626717877199000,1,4.07498838,417.3200
1626717877199000,1,8.68501162,417.3100
1626718108039000,0,0.77000000,417.3500
1626718108072000,0,3.43948031,417.3500
1626718261182000,1,0.15500000,417.5300
1626718261288000,1,0.15600000,417.4300
1626718261288000,1,1.14400000,417.3600
1626718363097000,0,0.69410000,417.6600
1626718557014000,1,4.40000000,416.5900
1626718557015000,1,0.00689354,416.5900
1626718637792000,1,3.59000000,416.5100
1626718637833000,1,0.00916212,416.5100
1626718694820000,0,4.19000000,417.0600
1626718837972000,0,3.47270000,417.2800
1626719456980000,1,3.98000000,416.7400
1626719726014000,0,3.98000000,417.6400
1626719727436000,0,2.35881495,417.7300
1626719727603000,0,1.03000000,417.7300
1626719727647000,0,4.50000000,417.7300
1626719727717000,0,6.81118505,417.7300
1626719820393000,0,0.15700000,417.8100
1626720014024000,0,2.64000000,417.6600
1626720014026000,0,5.63000000,417.6600
1626720014061000,0,0.01587731,417.6600
1626720117663000,0,0.12720000,417.8200
1626720173892000,1,8.64000000,417.2800
1626720193464000,1,0.15000000,417.0500
1626720194490000,1,0.00900000,417.0500
1626720195257000,1,1.52457596,416.7600
1626720195300000,1,2.05070897,416.7600
1626720195361000,1,5.12603207,416.7600
1626720196057000,0,0.53950000,417.1800
1626720590674000,1,0.61419999,415.9500
1626720590708000,1,3.57600689,415.9500
1626720734726000,0,0.50282063,415.6500
1626720736187000,0,1.74000000,415.6500
1626720740494000,0,6.39717937,415.6500
1626720740494000,0,4.30282063,415.6600
1626720781698000,0,0.38773676,415.5900
1626720786896000,1,4.05000000,415.1400
1626720787078000,1,0.00849625,415.1400
1626720787078000,1,8.57564750,415.1000
1626721152789000,0,5.41000000,415.6200
1626721153065000,0,2.64000000,415.6200
1626721153082000,0,0.00694189,415.6200
1626721267410000,1,1.30000000,415.5600
1626721270931000,1,6.01000000,415.5600
1626721270974000,1,3.54000000,415.5500
1626721436949000,0,2.90390000,415.6600
1626721476165000,0,0.14770000,415.5100
1626721495833000,0,0.11630000,415.5100
1626721504313000,0,4.28980000,415.5000
1626721648067000,0,4.13000000,415.2500
1626721909052000,0,0.11630000,415.5000
1626721944982000,0,0.10000000,415.3700
1626722191020000,1,3.62992922,414.6100
1626722191130000,1,5.00048131,414.6200
1626722426574000,0,8.63000000,414.4900
1626722426871000,0,0.00041053,414.4900
1626722426871000,0,4.99958947,414.5000
1626722473120000,0,0.00041053,414.5000
1626722540499000,0,0.11630000,415.4300
1626722582518000,0,0.09300000,415.2700
1626722641816000,1,1.30000000,414.7900
1626723062672000,1,2.67594327,416.5900
1626723382956000,0,0.23170000,416.9300
1626723383475000,1,1.00216144,416.5900
1626723383510000,1,0.68319426,416.5900
1626723417374000,1,0.15000000,416.7700
1626723417394000,1,0.00500000,416.7700
1626723437907000,1,0.31464430,416.5900
1626723437907000,1,0.61035570,416.3600
1626723701047000,0,3.59788665,417.1500
1626723701529000,0,3.59000000,417.1500
1626723701537000,0,0.00788665,417.1500
1626723724635000,0,2.16000000,417.1600
1626723729973000,0,1.43000000,417.1600
1626723729974000,0,0.00771184,417.1600
1626723738951000,0,3.59000000,417.1600
1626724231806000,1,0.14600000,416.5500
1626724231841000,1,0.03400000,416.5500
1626724232060000,1,0.17200000,416.4500
1626724519090000,1,0.22800000,416.9600
1626724726693000,1,0.87918000,417.6600
1626724728604000,1,0.22148000,417.5300
1626724762562000,1,0.30700000,417.4300
1626724766509000,1,0.22799999,417.3300
1626724769060000,1,0.00000001,417.3300
1626724769060000,1,0.26999999,417.2300
1626724800599000,0,8.78906000,417.6700
1626724843204000,0,0.12710000,418.0500
1626724949084000,1,0.34400000,417.2900
1626724960048000,1,0.32000000,417.1900
1626724960048000,1,0.35700000,417.0900
1626724960048000,1,0.36300000,416.9900
1626724960048000,1,0.26000000,416.9500
1626724964269000,0,3.50000000,417.2900
1626724964269000,0,6.50000000,417.2900
1626725080193000,0,0.18270000,417.1000
1626725229940000,0,3.60000000,416.7600
1626725229972000,0,0.00125530,416.7600
1626725302615000,0,3.60000000,416.7600
1626725302617000,0,0.00143400,416.7600
1626725330516000,0,3.60000000,416.7700
1626725330553000,0,0.00143187,416.7700
1626725331234000,0,4.12905892,416.8900
1626725331345000,0,0.08426651,416.8900
1626725332504000,0,7.99000000,416.9100
1626725566364000,1,4.32998000,416.6800
1626725566373000,1,0.00000619,416.6800
1626725571818000,0,0.90424173,416.9100
1626725724554000,0,3.59000000,417.0100
1626725724588000,0,0.00931730,417.0100
1626725779278000,1,0.17000000,417.1500
1626725779321000,1,0.00100000,417.1500
1626725795199000,1,0.06000000,417.0100
1626725876320000,0,0.15300000,416.8300
1626726180034000,0,3.52922282,416.8000
1626726268841000,0,0.17000000,416.8200
1626726268880000,0,0.17000000,416.8200
1626726605201000,0,3.60000000,415.9700
1626726605228000,0,0.00839222,415.9700
1626726605391000,0,3.53622438,415.9700
1626726657523000,0,3.60000000,416.1700
1626726657547000,0,0.00656435,416.1700
1626726669423000,0,4.23000000,416.4200
1626726837873000,0,0.22290000,416.0700
1626726944430000,0,2.17000000,416.0500
1626727075339000,0,3.60000000,416.0600
1626727198058000,0,2.13000000,415.8000
1626727198058000,0,1.47983132,415.8000
1626727350899000,1,1.30000000,416.2000
1626727364797000,0,0.23180000,416.6600
1626727638041000,1,4.11000000,417.1400
1626727686279000,0,0.11570000,417.6100
1626727702898000,1,0.72765938,417.1900
1626728024182000,0,0.14160000,416.1700
1626728191248000,0,3.60000000,415.8000
1626728600506000,0,0.20870000,416.6500
1626728745021000,0,0.13900000,416.8800
1626728790215000,1,4.32826696,416.3900
1626728790307000,1,2.10039080,416.3700
1626728790313000,1,2.42169230,416.3700
1626728790321000,1,1.42379101,416.3700
1626728790326000,1,1.50000000,416.3700
1626729279175000,0,0.30170000,416.2100
1626729329021000,0,0.50000000,416.3700
1626729357200000,0,4.24482335,416.8500
1626729357200000,0,8.82725415,416.8600
1626729357233000,0,3.60085359,416.8900
1626729697258000,1,0.16200000,417.6100
1626729697258000,1,0.17200000,417.5100
1626729697258000,1,0.96600000,417.4800
1626729709748000,1,8.22000000,417.4600
1626729712719000,1,0.17000000,417.4100
1626729712754000,1,0.00500000,417.4100
1626729815048000,0,8.70390053,417.7500
1626729815048000,0,9.57500000,417.7500
1626729815048000,0,4.00755649,417.7600
1626729815048000,0,3.30000000,417.7700
1626729815048000,0,3.63887691,417.7800
1626729815048000,0,0.32873984,417.8100
1626730071508000,1,4.22000000,417.0700
1626730343854000,1,8.59000000,417.1900
1626730343914000,1,0.00017915,417.1900
1626730455868000,0,0.10190000,417.3200
1626730921331000,0,0.18990000,417.1100
1626731393061000,1,0.19000000,415.0900
1626731393072000,1,0.00400000,415.0900
1626731393514000,1,0.50000000,415.0000
1626731393514000,1,0.16000000,414.9900
1626731393958000,1,0.22200000,414.8900
1626731395898000,1,0.16000000,414.7900
1626731503792000,0,0.09310000,414.9200
1626731521038000,1,0.22000000,414.5300
1626731521082000,1,0.00400000,414.5300
1626731533958000,1,0.24000000,414.4500
1626731533960000,1,0.00200000,414.4500
1626731536157000,1,0.25000000,414.3500
1626731547301000,1,0.00100000,414.3500
1626731547301000,1,0.21900000,414.2500
1626731551106000,0,0.23310000,414.3900
1626731825679000,1,3.62000000,414.0200
1626731825798000,1,0.00026374,414.0200
1626731982390000,1,3.62000000,413.8000
1626731982430000,1,0.00264284,413.8000
1626732033033000,0,0.42210000,414.2100
1626732216041000,0,8.22129000,415.0200
1626732216085000,0,0.00000700,415.0200
1626732216109000,0,4.13288646,415.0800
1626732216109000,0,3.35711354,415.0900
1626732260675000,1,0.17000000,415.4700
1626732260747000,1,0.00100000,415.4700
1626732295045000,1,6.00000000,416.0200
1626732543201000,0,0.11570000,417.5700
1626732555566000,1,0.80000002,416.9600
1626732670528000,1,0.15000000,417.9500
1626732670528000,1,0.00300000,417.9500
1626732716631000,1,0.52000000,417.9500
1626732720910000,1,0.00508817,417.9500
1626732768238000,0,0.80910000,417.8800
1626732883831000,1,4.27000000,417.7300
1626732941340000,0,0.23140000,417.4800
1626732951478000,1,4.08430750,417.0300
1626732952445000,1,7.30455642,416.9700
1626732952445000,1,8.09772370,416.9600
1626732991057000,0,10.64000000,417.2900
1626733141269000,0,0.11590000,416.7500
1626733192439000,0,0.15550000,416.1200
1626733509179000,0,0.12780000,415.7400
1626733543977000,0,1.24441373,415.7200
1626733543977000,0,4.63754269,415.7200
1626733566512000,0,4.31000000,416.4300
1626733567624000,0,0.10440000,416.7400
1626733569871000,0,4.01000000,416.9300
1626733570522000,0,4.65000000,416.9300
1626733736369000,0,5.17867955,418.3300
1626733736369000,0,6.87878994,418.3400
1626733757065000,1,0.09800000,417.8100
1626733757075000,1,4.06833293,417.8100
1626733759328000,1,0.05684000,417.8700
1626733759484000,1,0.10416000,417.8700
1626733825422000,1,0.17000000,417.9800
1626733838492000,1,16.64000000,417.7300
1626733838497000,1,0.00975642,417.7300
1626733847010000,1,4.30431048,417.4600
1626733847010000,1,8.21568952,417.4600
1626733895011000,1,3.59000000,417.4900
1626733902981000,1,0.00064588,417.4900
1626734157623000,0,4.80238172,417.5000
1626734157623000,0,1.09114335,417.5000
1626734157626000,0,3.73757718,417.5000
1626734157628000,0,2.45000000,417.5000
1626734158208000,0,1.79904656,417.7000
1626734158324000,0,0.48086482,417.6900
1626734158342000,0,0.30000000,417.6900
1626734158342000,0,1.51237472,417.6900
1626734158365000,0,0.76578733,417.7100
1626734158378000,0,0.67771632,417.7100
1626734158383000,0,0.37403529,417.7100
1626734158415000,0,0.44500000,417.7100
1626734158415000,0,0.30522846,417.7100
1626734158423000,0,1.44893083,417.7100
1626734257173000,1,3.58000000,417.9700
1626734257256000,1,0.00649161,417.9700
1626734257569000,1,3.58000000,417.9700
1626734348356000,1,0.45276000,417.7000
1626734769223000,0,4.85912899,418.2100
1626734786687000,1,0.18900000,418.0800
1626734831557000,1,0.30000000,417.5400
1626734831657000,1,5.50000000,417.5400
1626734852354000,1,0.16900000,417.3300
1626734852425000,0,0.11560000,417.7400
1626734861980000,1,0.15500000,417.2300
1626735089505000,0,4.15000000,417.3700
1626735138943000,1,9.57800000,416.9100
1626735139575000,1,15.72062835,416.8500
1626735145764000,0,1.00250000,417.2100
1626735216500000,0,0.69510000,416.9300
1626735450263000,1,4.28965631,416.3900
1626735604717000,0,1.68000000,416.9200
1626735681423000,0,1.93226086,416.9600
1626735681429000,0,3.62345938,416.9600
1626736119493000,1,3.59000000,417.2300
1626736121577000,1,0.00300672,417.2300
1626736121577000,1,3.58699328,417.2300
1626736209354000,1,3.59000000,417.3700
1626736211668000,1,0.00163371,417.3700
1626736211668000,1,4.35836629,417.2000
1626736211892000,1,0.00543357,417.2000
1626736213314000,1,3.59000000,417.2000
1626736213356000,1,0.00315584,417.2000
1626736468153000,0,8.41153618,416.8200
1626736468153000,0,4.10846382,416.8300
1626736468194000,0,0.00294676,416.8300
1626736594430000,1,0.21700000,416.7300
1626736596697000,1,0.19400000,416.6300
1626736596812000,1,0.20500000,416.5300
1626736598675000,1,0.15900000,416.7100
1626736599076000,1,0.18400000,416.6100
1626736601262000,1,0.18200000,416.5100
1626736601953000,1,0.22600000,416.4100
1626736613251000,1,0.18200000,416.3100
1626736724368000,0,25.00000000,416.6200
1626736724921000,0,8.82000000,416.6700
1626736753485000,0,0.58020000,416.2700
1626736828473000,1,0.93984182,416.0000
1626737005314000,0,0.29750000,415.6000
1626737852663000,0,4.03000000,417.6300
1626738143672000,0,21.77000000,418.3000
1626738143694000,0,3.23000000,418.3000
1626738161201000,0,1.41430000,418.3800
1626738225505000,0,3.58760438,418.4000
1626738225505000,0,1.73443484,418.4600
1626738315254000,1,4.05000000,418.0000
1626738316878000,1,8.43000000,417.9800
1626738476439000,0,2.14720000,418.4000
1626738521114000,1,3.60000000,417.5400
1626738533211000,0,0.23130000,417.6700
1626738597852000,0,0.24310000,417.2300
1626738660141000,0,0.47460000,417.2000
1626738763322000,1,1.57000000,416.3700
1626739021408000,1,7.00000000,415.0500
1626739126822000,0,1.74700000,414.7200
1626739236064000,0,0.09655052,414.8100
1626739236064000,0,0.14330797,414.8400
1626739329251000,1,4.18417396,413.8700
1626739329251000,1,8.58582604,413.8600
1626739336628000,1,0.00838611,413.8600
1626739442753000,0,1.04200000,414.2600
1626739497829000,1,3.60000000,413.8100
1626739497829000,1,3.62315833,413.7200
1626739497829000,1,4.03495276,413.7200
1626739501530000,0,8.69000000,414.0800
1626739501576000,0,0.00730547,414.0800
1626739523425000,0,1.01280000,414.2800
1626739640678000,0,8.75658985,414.5600
1626739647968000,0,4.26550000,414.9800
1626739648232000,0,6.37930000,415.0200
1626739732610000,0,1.39700000,414.8800
1626739741015000,1,8.17000000,414.4800
1626739741029000,1,0.00714211,414.4800
1626739767492000,1,4.16000000,414.1400
1626739774065000,0,0.09330000,414.3700
1626739843243000,0,1.35880000,414.7000
1626740061566000,0,8.25865831,417.1700
1626740061566000,0,1.83730169,417.1700
1626740065059000,0,3.60000000,418.1400
1626740110546000,1,6.60000000,418.1100
1626740110599000,1,2.95500000,418.1100
1626740118488000,0,1.15010000,418.7300
1626740129144000,0,0.09376279,419.0300
1626740129144000,0,0.09000624,419.1600
1626740129144000,0,0.27713097,419.2000
1626740174962000,1,5.54500000,419.3700
1626740184555000,0,0.09999999,420.2300
1626740184556000,0,0.00000001,420.2300
1626740185255000,0,1.18195856,420.9200
1626740189288000,0,0.13420000,420.8100
1626740189414000,0,0.00000820,420.8100
1626740198341000,0,0.10686328,421.3200
1626740204269000,0,2.29240000,421.3600
1626740210332000,0,0.08900729,421.3100
1626740210337000,0,0.00000001,421.3100
1626740261810000,1,1.30000000,421.0700
1626740273446000,1,4.32576966,420.4900
1626740273446000,1,2.50498832,420.4800
1626740273464000,1,0.47824006,420.4800
1626740274131000,1,5.65995000,420.4800
1626740275673000,1,3.56000000,420.2200
1626740316834000,0,0.09449608,420.9900
1626740316920000,0,0.00192849,420.9900
1626740322494000,0,0.07231000,421.3900
1626740322626000,0,0.00000843,421.3900
1626740530130000,0,0.47466841,417.7700
1626740764765000,0,4.41000000,418.8000
1626740849923000,0,0.57590000,419.2200
1626740878306000,0,8.55000000,419.7500
1626740878323000,0,0.00994535,419.7500
1626740884032000,0,1.18390000,420.0900
1626740909987000,1,9.51600000,419.7500
1626740943653000,1,5.53248000,419.6800
1626741000179000,1,8.77032863,419.5100
1626741000179000,1,9.52799137,419.5100
1626741010092000,0,1.64690000,419.6300
1626741033302000,0,0.05400000,420.2500
1626741033511000,0,0.00023882,420.2500
1626741239113000,0,0.08770000,419.5000
1626741285354000,0,3.79788000,420.1800
1626741285354000,0,17.88212000,420.1900
1626741384389000,1,1.09726615,419.2700
1626741472962000,0,1.95710000,419.5600
1626741477002000,1,4.06218000,419.1800
1626741494681000,0,1.16110000,419.7100
1626741584355000,0,4.09763000,419.8900
1626741597199000,1,2.28400000,420.1100
1626741638414000,0,2.28400000,420.1400
1626741698363000,1,0.15000000,419.4200
1626741698399000,1,0.00100000,419.4200
1626741885117000,0,3.57909140,419.4200
1626741900291000,0,8.19000000,419.5700
1626741961859000,1,0.92100000,418.6900
1626741961879000,1,7.17766239,418.6900
1626742004986000,0,3.60000000,418.9100
1626742004986000,0,3.06298498,418.9100
1626742004986000,0,3.60677456,418.9200
1626742004986000,0,3.58308616,418.9300
1626742004986000,0,0.09108385,418.9300
1626742004986000,0,48.97466000,418.9800
1626742004986000,0,41.93100106,419.0000
1626742004986000,0,1.52448747,419.0100
1626742005316000,0,2.55670000,419.0900
1626742066079000,1,0.52908662,418.4600
1626742066079000,1,2.08558385,418.4600
1626742066446000,1,3.62537830,418.4600
1626742073207000,1,0.76999999,418.2700
1626742073257000,1,0.52680009,418.2700
1626742073257000,1,0.52037062,418.2600
1626742073359000,1,0.25472787,418.2800
1626742157355000,1,0.05400000,418.1000
1626742299697000,0,5.64544000,418.3800
1626742439607000,0,3.60000000,416.9300
1626742439626000,0,0.00046286,416.9300
1626742507984000,1,5.50000000,416.3000
1626742508083000,1,1.06195301,416.3100
1626742508112000,1,4.50000000,416.3100
1626742513321000,1,0.36281309,415.9700
1626742513652000,1,0.43196750,415.9600
1626742516663000,0,0.08820000,416.2600
1626742612146000,1,0.23500000,416.2100
1626742612552000,1,0.23500000,416.1100
1626742612609000,1,0.04300000,416.1100
1626742612870000,1,0.31900000,416.0100
1626742612943000,1,0.30100000,415.9100
1626742612943000,1,3.02281664,415.8900
1626742614734000,1,4.76500000,415.8900
1626742615270000,1,0.33300000,415.8100
1626742670238000,1,4.15474181,415.5000
1626742801708000,0,8.00000000,415.2300
1626742869420000,1,5.50000000,414.8400
1626742869475000,1,6.20277000,414.8400
1626742870122000,1,1.33184257,414.5900
1626742870183000,1,1.26137224,414.5900
1626742870244000,1,0.23748605,414.5900
1626742870433000,1,3.59482240,414.5900
1626742870436000,1,0.74796467,414.5900
1626742870449000,1,0.98696027,414.5900
1626742942218000,0,5.70277000,414.8900
1626742942532000,0,5.50000000,414.8700
1626743103873000,1,0.55000000,413.5400
1626743104180000,1,4.92012416,413.5500
1626743104281000,1,0.26955000,413.5600
1626743107190000,1,0.42053046,412.9400
1626743157444000,1,4.99999999,412.2500
1626743157449000,1,0.00000001,412.2500
1626743171117000,1,3.60000000,411.4800
1626743180083000,1,0.59452000,410.9900
1626743180136000,1,1.09110000,411.0900
1626743180153000,1,0.59452447,411.0900
1626743180153000,1,3.90694372,411.0900
1626743180157000,1,0.00000448,410.9900
1626743180262000,1,1.48711346,410.8100
1626743180322000,1,0.59452448,410.8400
1626743180507000,1,1.00000000,410.6900
1626743180566000,1,0.48631119,410.6900
1626743180566000,1,0.51368881,410.6500
1626743180623000,1,0.48631119,410.6500
1626743180623000,1,0.01368881,410.5000
1626743180825000,1,0.50000000,410.5100
1626743180859000,1,1.11910247,410.5200
1626743183599000,1,2.48089000,410.5200
1626743186376000,1,0.48631119,410.5000
1626743207643000,1,0.56684000,410.4400
1626743207753000,1,3.72353266,410.4400
1626743207762000,1,1.41712000,410.4400
1626743207775000,1,14.93450734,410.4400
1626743306392000,0,1.09110000,411.4300
1626743566843000,0,0.16450000,411.1700
1626743583754000,1,0.66345126,410.4100
1626743586282000,1,0.15000000,410.0000
1626743586282000,1,3.00000000,410.0000
1626743586282000,1,3.69594380,409.9900
1626743587933000,1,3.62932000,409.8700
1626743588423000,1,0.00000148,409.8700
1626743588423000,1,1.42519852,409.8400
1626743588614000,1,0.10000000,409.6700
1626743589846000,1,3.58179000,409.6700
1626743589902000,1,0.00000157,409.6700
1626743590330000,1,3.68338863,409.6100
1626743591810000,1,3.60000000,409.0900
1626743592457000,1,3.66566000,409.0800
1626743592809000,1,0.00000441,409.0800
1626743593460000,1,0.44269000,408.9000
1626743593680000,1,3.67800000,408.8900
1626743594222000,1,0.00000630,408.8900
1626743594222000,1,3.64461370,408.7300
1626743613242000,1,0.05140370,408.4400
1626743621705000,1,0.21000000,407.8800
1626743622167000,1,0.17000000,407.4100
1626743649569000,1,0.16500000,407.8100
1626743650262000,1,0.16099999,407.7100
1626743650365000,1,0.00000001,407.7100
1626743650485000,1,0.16200000,407.6100
1626743658032000,1,0.16100000,407.5100
1626743661509000,0,1.42510000,407.7400
1626743670856000,1,3.60000000,406.8500
1626743673520000,1,0.56255000,406.7800
1626743675332000,1,1.02170000,406.7500
1626743675468000,1,0.69856849,406.7500
1626743676208000,1,1.18950000,406.2500
1626743741860000,0,2.21120000,406.8700
1626743773857000,1,26.67400000,407.5700
1626743828450000,0,5.00000000,407.8500
1626743871117000,1,0.68686000,407.1800
1626743871158000,1,0.00000900,407.1800
1626743871377000,1,0.48935475,407.1700
1626743936687000,0,3.60000000,407.6400
1626743936687000,0,11.92235642,407.7400
1626743936687000,0,8.43861151,407.7500
1626743936687000,0,0.09421599,407.7800
1626743936687000,0,4.19566728,407.8000
1626743936687000,0,3.06298497,407.8000
1626743936687000,0,3.68075818,407.8100
1626743936687000,0,3.68172474,407.8300
1626743936687000,0,3.65493993,407.9000
1626743936687000,0,25.00000000,407.9400
1626743936687000,0,0.09005062,407.9400
1626743936687000,0,23.01060432,407.9500
1626743936908000,0,2.76240000,407.7400
1626743937060000,0,0.30000000,407.7400
1626744033514000,0,0.99820000,408.6900
1626744070112000,0,0.60000000,408.8400
1626744077018000,1,16.64975000,408.0000
1626744077330000,1,8.49975000,407.8600
1626744077809000,1,0.89181846,407.8100
1626744112803000,0,0.23680000,407.9000
1626744139176000,1,8.85819000,406.8600
1626744157738000,0,10.14975000,407.0900
1626744226535000,0,6.50000000,407.8100
1626744227410000,0,6.00000000,407.8500
1626744242419000,1,6.21880000,407.2900
1626744269906000,0,0.23740000,406.8300
1626744274034000,0,6.21880000,406.9000
1626744399403000,0,0.11180000,406.0900
1626744403101000,1,1.30000000,405.6200
1626744403142000,1,4.38020000,405.5700
1626744403182000,1,0.00000686,405.5700
1626744407040000,1,7.00000000,405.5200
1626744413491000,0,1.02897152,405.3000
1626744413491000,0,4.92602848,405.3200
1626744425960000,0,1.30000000,404.8900
1626744471120000,0,0.54940000,405.6100
1626744498177000,1,3.69984000,405.1400
1626744551483000,1,8.94400000,405.9800
1626744568921000,0,7.00524000,406.3400
1626744598708000,0,0.71470000,405.5100
1626744616990000,0,9.87700000,405.0200
1626744626784000,0,8.50000000,405.4800
1626744626854000,0,1.36000000,405.4800
1626744771656000,0,0.16640000,406.3000
1626744827512000,1,3.69000000,405.9700
1626744827628000,1,0.00264200,405.9700
1626744881455000,0,0.09510000,406.2600
1626745014669000,0,4.45489000,406.6500
1626745065758000,0,4.80811000,406.3700
1626745094718000,1,0.83877000,406.0500
1626745249526000,0,2.20920000,406.6800
1626745250265000,0,0.23750000,406.6800
1626745268486000,1,1.30000000,406.2900
1626745422907000,0,4.50000000,406.8700
1626745570361000,0,0.11880000,406.6400
1626745698946000,1,2.07488308,406.5100
1626745698965000,1,1.91394213,406.5100
1626745699077000,1,5.48909565,406.5200
1626745699100000,1,1.43001000,406.5200
1626745699104000,1,2.12573548,406.5200
1626745899526000,0,12.00000000,405.8800
1626745899671000,0,5.00000000,405.8900
1626745929558000,1,1.30000000,405.9000
1626745929588000,1,5.16123000,405.9000
1626745973264000,1,9.15486000,405.6900
1626745973299000,1,0.00000008,405.6900
1626745973299000,1,0.29575582,405.6800
1626745973327000,1,1.37201000,405.6800
1626745973368000,1,0.56999000,405.6800
1626745973387000,1,2.29270000,405.6800
1626745973417000,1,5.31954418,405.6800
1626746025996000,0,0.66360000,406.1600
1626746076326000,0,0.23770000,406.2800
1626746204903000,0,0.16160000,406.6000
1626746215569000,1,3.68942000,406.3300
1626746378599000,1,0.19400000,405.8400
1626746471172000,0,16.64000000,406.5600
1626746485125000,0,6.35782000,406.8500
1626746491379000,1,9.79500000,407.5000
1626746546194000,1,0.20300000,408.0300
1626746598644000,1,0.17400000,407.8400
1626746598753000,1,0.16000000,407.7400
1626746718985000,1,8.67428000,407.0900
1626746776863000,0,6.50628000,407.2200
1626746862703000,0,5.00000000,406.4200
1626746881469000,0,2.17775000,406.9200
1626746934666000,1,9.82600000,406.6100
1626746938746000,0,0.71240000,406.7800
1626746958623000,1,0.15000000,406.4200
1626746963299000,1,0.20100000,406.4200
1626747035000000,0,0.11850000,407.7500
1626747065837000,1,0.47300000,407.4400
1626747127733000,1,0.45000000,407.4400
1626747127734000,1,0.00200000,407.4400
1626747138038000,0,0.15410000,407.5900
1626747159685000,1,0.27900000,407.3300
1626747160510000,1,0.30200000,407.2300
1626747221223000,1,0.29900000,407.0100
1626747236482000,1,0.29200000,406.8000
1626747238003000,1,0.30300000,406.7000
1626747300426000,1,0.15000000,406.6800
1626747300528000,1,0.00900000,406.6800
1626747302401000,1,0.20500000,406.5800
1626747302771000,1,0.18000000,406.4800
1626747305589000,1,0.00800000,406.4800
1626747305589000,1,0.21348000,406.3800
1626747322868000,0,9.82600000,406.4500
1626747496547000,0,0.76070000,407.5700
1626747519237000,1,1.24821195,407.0900
1626747519260000,1,1.24821195,407.0900
1626747519573000,1,1.62259617,407.0900
1626747543265000,1,1.23651381,406.7000
1626747543310000,1,7.92590000,406.7000
1626747543311000,1,5.41220744,406.7000
1626747577834000,0,0.28510000,406.6200
1626747579076000,1,3.66445182,406.3500
1626747579076000,1,3.68926554,406.3500
1626747587590000,1,0.15600000,406.0400
1626747685121000,0,14.28000000,405.6700
1626747747534000,1,13.89000000,404.5900
1626747748897000,1,3.68211494,404.3600
1626747750175000,1,8.60735000,404.2100
1626747794792000,1,2.00000000,403.5100
1626747799919000,1,0.05210360,402.6500
1626747800853000,1,0.70000000,402.6000
1626747801029000,1,3.60000000,402.1600
1626747801029000,1,5.02512000,402.1400
1626747805180000,0,2.37600000,402.5100
1626747808782000,1,3.60000000,402.1800
1626747821433000,1,9.92000000,402.5000
1626747833814000,1,3.60000000,403.0000
1626748049552000,0,0.36830000,403.1600
1626748078283000,0,15.08942000,403.0300
1626748142827000,1,0.15000000,403.2200
1626748142895000,1,0.00700000,403.2200
1626748149163000,0,9.90900000,403.5100
1626748207899000,0,7.41745000,402.8900
1626748209719000,0,0.13900000,403.2300
1626748267485000,0,0.09590000,402.7500
1626748275449000,1,1.30000000,402.3800
1626748283445000,1,2.42000000,402.3800
1626748283453000,1,0.00443425,402.3800
1626748289287000,1,3.72000000,402.5700
1626748289447000,1,0.00292188,402.5700
1626748289454000,1,8.33173785,402.4900
1626748289714000,1,16.64974875,402.2900
1626748289714000,1,4.11536085,402.2800
1626748290734000,1,5.02000000,402.2900
1626748310901000,0,1.06800000,402.7700
1626748340635000,1,0.72621889,402.5100
1626748340642000,1,2.99702448,402.5100
1626748395517000,0,0.71507578,402.8400
1626748430167000,1,0.19000000,402.5300
1626748433494000,1,0.19799999,402.4300
1626748433497000,1,0.00000001,402.4300
1626748434155000,1,0.16000000,402.3300
1626748434485000,1,0.00700000,402.3300
1626748434852000,1,3.72661000,402.2500
1626748435174000,1,0.00000974,402.2500
1626748435174000,1,0.19999026,402.2300
1626748435257000,1,0.00200974,402.2300
1626748438999000,1,0.18999999,402.1300
1626748438999000,1,0.00000001,402.1300
1626748439181000,1,0.72791780,402.1300
1626748451349000,1,0.18999999,402.0300
1626748451357000,1,0.00000001,402.0300
1626748452464000,1,0.18000000,401.9300
1626748457870000,1,0.00700000,401.9300
1626748457870000,1,0.18300000,401.8300
1626748458891000,1,0.00200000,401.8300
1626748458891000,1,0.19399999,401.7300
1626748458905000,1,0.00000001,401.7300
1626748460835000,1,1.06800000,401.3600
1626748500560000,1,5.11692000,401.6600
1626748615161000,0,8.00000000,402.8500
1626748660492000,0,2.64696267,402.7200
1626748707513000,0,3.60000000,402.4200
1626748708355000,0,6.00000000,402.4800
1626748735369000,1,1.83609852,402.1800
1626748817976000,0,2.29970000,401.9700
1626748830165000,0,4.31000000,402.0900
1626748929293000,1,0.07200000,401.6200
1626748945930000,1,16.64696000,401.3600
1626748946878000,1,1.13740000,401.3500
1626748947806000,1,3.11569821,401.3500
1626748947918000,1,1.74690179,401.3500
1626749052588000,1,0.16600000,401.0200
1626749065475000,1,9.97300000,400.4200
1626749065933000,1,0.05561000,400.4000
1626749070558000,1,4.24280000,400.0000
1626749070581000,1,4.27342000,400.0000
1626749071101000,1,6.48378000,400.0000
1626749071101000,1,56.07569602,400.0000
1626749072326000,1,1.03380000,400.0000
1626749077038000,0,5.27660000,400.3900
1626749080847000,0,11.37315000,400.6700
1626749095118000,0,5.30485673,400.7600
1626749095118000,0,2.31798533,400.7700
1626749153069000,1,0.27800000,401.4200
1626749153718000,1,0.22000000,401.3200
1626749157356000,1,0.23000000,401.2200
1626749158232000,1,0.23299999,401.1200
1626749158251000,1,0.00000001,401.1200
1626749159758000,1,0.25900000,401.0200
1626749183358000,1,3.60000000,400.9200
1626749207775000,1,3.60000000,401.3600
1626749332621000,0,1.00060000,402.3600
1626749353062000,1,0.15100000,401.9800
1626749354390000,1,4.51947000,401.8700
1626749399873000,0,4.51000000,402.4800
1626749399874000,0,0.00947375,402.4800
1626749412779000,1,0.17500000,402.0500
1626749438705000,1,0.15400000,401.8200
1626749557523000,1,3.88150000,401.4100
1626749606736000,1,9.94500000,401.5200
1626749704656000,0,0.10000000,401.8300
1626749717810000,1,3.73612000,401.2200
1626749719170000,1,10.56557000,401.0900
1626749732126000,1,0.15000000,400.9200
1626749732298000,1,0.00900000,400.9200
1626749733754000,1,0.16600000,400.8200
1626749733754000,1,0.17300000,400.7200
1626749733754000,1,0.18100000,400.6200
1626749776009000,1,2.26000000,401.0000
1626749854908000,0,10.56557000,401.4300
1626749901026000,1,6.47000000,400.8500
1626749901111000,1,3.60000000,400.8400
1626749961427000,1,3.60000000,400.3800
1626749961464000,1,3.74360650,400.3300
1626749961464000,1,3.78797756,400.3300
1626749961553000,1,6.18902244,400.3300
1626749961553000,1,3.74360650,400.3300
1626749991898000,1,8.15993011,400.0900
1626749993084000,1,19.14000000,400.0000
1626749993199000,1,10.17975000,400.0200
1626750011909000,0,1.30000000,400.5900
1626750011985000,0,2.94562603,400.6000
1626750012017000,0,9.50295000,400.5900
1626750012095000,0,2.94562000,400.5800
1626750030140000,0,7.36000000,400.8900
1626750030618000,0,0.00614763,400.8900
1626750038550000,1,3.73868000,400.8400
1626750040096000,1,0.00000284,400.8400
1626750179820000,0,2.90118000,402.0300
1626750179820000,0,4.31882000,402.0400
1626750179902000,0,4.31882000,402.0300
1626750201822000,0,0.05300000,401.8700
1626750230931000,1,3.73181000,401.6900
1626750260778000,0,0.07400000,401.6100
1626750266723000,1,7.01246000,401.1600
1626750471444000,1,3.74339000,400.4600
1626750472367000,1,0.00000216,400.4600
1626750472367000,1,4.34222784,400.3400
1626750504439000,1,0.09502069,400.1300
1626750504439000,1,3.27797931,400.1300
1626750531966000,1,3.69859024,400.0000
1626750533802000,1,3.60000000,400.0100
1626750534059000,1,3.60000000,400.0100
1626750534661000,1,6.03729000,400.0100
1626750535318000,1,3.60000000,400.0000
1626750537947000,1,3.60000000,400.0000
1626750538799000,1,3.60000000,400.0000
1626750558921000,0,1.00030000,400.8600
1626750582042000,0,11.50000000,401.3900
1626750794458000,0,4.14945000,401.6400
1626750794458000,0,0.06055000,401.6500
1626750833585000,1,3.73637000,401.1600
1626750844145000,0,0.12330000,401.4000
1626750851403000,1,1.00030000,400.9700
1626750926775000,1,15.64945000,400.0100
1626750926970000,1,0.00000642,400.0100
1626750926970000,1,0.81151914,400.0000
1626750937265000,1,8.44039460,400.0000
1626750937265000,1,5.00000000,400.0000
1626750937265000,1,0.10000000,400.0000
1626750937265000,1,0.80000000,400.0000
1626750937265000,1,0.64130000,400.0000
1626750937265000,1,1.00000000,400.0000
1626750937265000,1,6.00000000,400.0000
1626750937265000,1,0.25000000,400.0000
1626750937265000,1,1.00000000,400.0000
1626750937265000,1,3.00000000,400.0000
1626751014785000,0,0.15940000,399.9000
1626751023404000,1,0.30000000,399.2600
1626751031431000,0,0.23437500,398.6900
1626751038822000,0,0.23437500,399.0500
1626751038926000,0,1.09720000,399.0500
1626751063248000,1,0.05290350,396.8600
1626751063454000,1,1.09720000,396.5400
1626751063467000,1,2.70850000,396.5400
1626751072217000,0,0.06600000,397.7600
1626751078706000,0,1.30000000,397.4600
1626751078722000,0,0.30000000,397.4600
1626751078829000,0,0.49275000,397.4600
1626751084759000,1,3.60000000,397.7800
1626751130804000,0,0.09556172,396.1000
1626751130835000,1,2.42644000,396.1100
1626751143527000,0,9.10840000,396.5400
1626751146294000,0,0.21880000,397.7300
1626751154676000,1,3.60000000,396.2000
1626751161775000,1,3.60000000,395.6200
1626751162109000,1,4.00000000,395.2600
1626751162109000,1,1.00000000,395.2500
1626751215133000,1,0.17100000,396.2200
1626751263968000,1,0.15300000,395.4500
1626751277081000,0,0.09011629,394.9400
1626751278116000,0,0.09472542,394.8900
1626751278116000,0,0.00271588,394.9400
1626751278116000,0,1.17473960,395.0000
1626751379179000,1,0.05991488,394.5200
1626751498673000,0,1.00000000,396.7200
1626751528397000,1,3.78182000,396.3500
1626751528819000,1,5.48598000,396.2500
1626751528819000,1,3.62242000,396.2400
1626751546696000,0,1.15130000,397.3000
1626751562464000,1,0.30000000,396.7900
1626751578152000,1,1.15140000,396.2000
1626751578205000,1,7.53255000,396.2000
1626751598794000,0,2.81000000,396.6600
1626751598794000,0,0.57539722,396.6600
1626751598807000,0,1.00660000,396.6600
1626751598882000,0,2.99127276,396.6700
1626751598917000,0,1.08960000,396.6500
1626751598919000,0,0.31483113,396.6500
1626751599027000,0,1.40490000,396.6400
1626751599073000,0,2.00872724,396.6700
1626751599207000,1,8.29712807,396.6600
1626751626168000,1,0.21500000,396.7600
1626751647732000,1,0.18900000,396.6600
1626751648472000,1,0.22400000,396.5600
1626751648472000,1,0.18700000,396.4600
1626751648472000,1,1.68520000,396.4400
1626751688016000,1,10.07400000,396.2800
1626751688182000,1,3.78249000,396.2600
1626751717641000,1,0.00000515,396.2600
1626751776320000,1,0.23400000,395.1800
1626751791761000,0,5.00000000,395.5500
1626751801649000,1,0.22400000,395.5200
1626751802329000,1,0.16600000,395.4200
1626751802821000,1,0.22000000,395.3200
1626751812614000,0,0.10500000,395.8300
1626751824758000,1,0.15300000,395.2200
1626751828420000,1,0.18700000,395.1200
1626751852929000,1,1.75760000,394.9400
1626751891952000,1,0.11300000,394.8600
1626751941052000,1,0.32045485,394.2600
1626751941052000,1,0.32197863,394.2600
1626751941134000,1,2.35000000,394.2700
1626751941135000,1,3.36806345,394.2700
1626751941150000,1,2.84080243,394.2700
1626751941170000,1,0.74689945,394.2500
1626751941246000,1,1.51300000,394.1300
1626751941247000,1,0.35401207,394.1300
1626751961457000,1,0.07757807,393.8800
1626751961468000,1,0.00000001,393.8800
1626751985498000,1,7.44845706,394.4100
1626752002683000,0,0.60800000,394.2300
1626752003128000,0,0.92056718,394.2300
1626752012518000,1,3.80199000,394.1600
1626752029593000,1,3.80840000,393.5400
1626752030030000,1,0.00000674,393.5400
1626752030030000,1,0.99999325,393.5100
1626752030037000,1,0.00000675,393.5100
1626752074252000,1,8.50000000,392.5700
1626752075249000,1,10.17800000,392.4400
1626752091303000,1,3.82151000,392.0300
1626752092468000,1,10.19600000,391.7800
1626752093115000,1,0.60522028,391.4200
1626752093115000,1,0.60301793,391.4200
1626752093115000,1,3.79176179,391.4100
1626752134907000,0,1.17200000,393.5400
1626752218030000,0,3.60000000,395.2000
