timestamp ms,type,amount,price
1621900839413000,1,33.32046037,750.75
1621900839708000,1,0.03000000,750.75
1621900839941000,1,0.09375000,750.75
1621900840010000,1,33.33210735,750.75
1621900840806000,1,9.29844738,749.80
1621900843636000,0,2.01603550,750.21
1621900843636000,0,2.00000000,750.39
1621900843636000,0,1.14566835,750.40
1621900843636000,0,5.16155040,750.40
1621900843636000,0,4.36578125,750.40
1621900843636000,0,0.79576915,750.43
1621900843636000,0,1.20068621,750.43
1621900845176000,0,4.82582473,750.60
1621900845176000,0,0.09281250,751.20
1621900845176000,0,0.00136277,751.37
1621900864041000,1,0.19800000,748.41
1621900864650000,1,0.20100000,748.22
1621900864822000,1,0.15899999,748.03
1621900864864000,1,0.00000001,748.03
1621900865241000,1,0.15300000,747.84
1621900865490000,0,0.09375000,747.47
1621900865840000,1,0.10625000,747.65
1621900866338000,0,0.18300000,747.12
1621900866681000,0,0.09562500,746.75
1621900866681000,0,0.07637500,747.07
1621900871107000,1,0.31546563,745.12
1621900871270000,1,0.00000001,745.12
1621900898700000,1,1.35000000,745.44
1621900899679000,1,0.09375000,744.98
1621900899984000,1,0.09468750,744.82
1621900900547000,1,0.09562500,744.48
1621900926686000,0,0.05160000,748.85
1621900938301000,0,0.08237500,750.05
1621900953379000,0,0.05920308,751.96
1621900953405000,0,0.00120823,751.96
1621900956676000,0,0.06413667,754.37
1621900958143000,1,0.03649848,752.93
1621900962079000,0,0.03682573,755.72
1621900963240000,0,2.63610000,756.39
1621900980528000,0,1.19617054,760.00
1621900989670000,0,0.02382946,760.00
1621900989670000,0,0.00058218,760.10
1621900991088000,0,0.75000000,762.00
1621900997402000,0,0.39200000,764.70
1621901000096000,0,0.00800000,764.70
1621901000460000,0,0.02823302,765.89
1621901000460000,0,0.00057618,765.89
1621901000646000,0,0.70246290,766.68
1621901005151000,0,0.09656250,768.54
1621901005151000,0,0.03321911,768.77
1621901006944000,0,2.00000000,768.76
1621901006944000,0,7.03219493,768.77
1621901006944000,0,0.09281250,768.92
1621901006944000,0,0.04199954,768.96
1621901006944000,0,0.48112218,768.99
1621901009291000,1,0.09468750,766.74
1621901009291000,1,0.09375000,766.71
1621901009291000,1,3.20000000,766.36
1621901009291000,1,1.95144090,766.33
1621901009291000,1,5.07936486,766.04
1621901010049000,1,1.95140000,766.33
1621901010983000,1,0.00004090,766.33
1621901028721000,1,0.09375000,764.10
1621901028721000,1,0.23625000,763.72
1621901073075000,1,0.33000000,761.07
1621901108423000,1,0.33000000,766.58
1621901111225000,0,0.27440000,768.99
1621901113254000,0,0.55000000,768.99
1621901115237000,0,0.00447782,768.99
1621901116939000,0,0.04180680,769.80
1621901116939000,0,0.00085320,769.80
1621901123665000,0,0.02860930,771.68
1621901124693000,1,0.09375000,771.74
1621901125322000,1,2.05110000,770.83
1621901126129000,1,0.09375000,770.83
1621901126417000,1,4.95515000,770.83
1621901135461000,1,0.15500000,771.23
1621901135709000,0,0.09375000,770.85
1621901135906000,1,0.05825000,771.04
1621901136754000,1,0.15199999,770.85
1621901137015000,1,0.00000001,770.85
1621901139538000,0,0.09187500,770.74
1621901139617000,1,0.09375000,771.00
1621901139623000,1,0.09187500,771.00
1621901139644000,1,2.01462710,771.00
1621901143740000,1,0.09375000,768.36
1621901143740000,1,0.23625000,768.01
1621901179543000,1,0.09468750,769.45
1621901179543000,1,3.20000000,769.07
1621901179543000,1,0.09000000,769.04
1621901179543000,1,0.10031250,768.84
1621901179543000,1,1.85266176,768.66
1621901188665000,0,0.10000000,771.04
1621901195826000,0,1.94000000,770.76
1621901202565000,1,0.17900000,770.21
1621901203109000,1,0.19800000,770.02
1621901203608000,1,0.18500000,769.83
1621901204225000,1,0.16900000,769.64
1621901207151000,1,0.17100000,769.45
1621901269828000,0,0.06410000,772.16
1621901273576000,0,0.09500000,773.81
1621901274215000,0,2.97032089,773.76
1621901274231000,0,0.84496942,773.76
1621901274481000,0,6.18470969,773.76
1621901274481000,0,0.06492231,774.34
1621901304106000,1,0.09375000,773.86
1621901304106000,1,0.09093750,773.76
1621901304106000,1,0.09562500,773.55
1621901304106000,1,3.20000000,773.48
1621901304106000,1,1.04518000,773.47
1621901304106000,1,27.76001463,773.42
1621901304238000,0,1.93700000,773.73
1621901326404000,1,1.93420000,773.74
1621901326522000,1,4.53790000,773.74
1621901327561000,1,3.82790000,773.74
1621901333980000,0,1.93917765,774.45
1621901333980000,0,2.00000000,774.76
1621901333980000,0,1.62772348,774.77
1621901363970000,0,1.93000000,776.67
1621901399783000,1,3.20000000,771.43
1621901421534000,0,0.09000000,773.04
1621901421534000,0,0.04359783,773.19
1621901458554000,0,3.20000000,771.33
1621901458554000,0,1.90000000,771.35
1621901458554000,0,1.94616968,771.36
1621901458554000,0,5.56621854,771.69
1621901470123000,1,0.04200000,768.75
1621901471506000,1,0.00000530,768.75
1621901471946000,1,1.99000000,767.89
1621901472057000,1,7.51000000,767.89
1621901547781000,1,3.09455287,767.27
1621901547905000,1,0.06315414,767.27
1621901551322000,1,0.77250006,766.28
1621901584720000,1,0.10230163,767.94
1621901599526000,1,10.00000000,767.34
1621901617488000,1,0.20874000,765.72
1621901617529000,1,0.00426000,765.72
1621901663194000,0,0.05660000,767.61
1621901679012000,0,0.09187500,766.94
1621901679251000,1,0.11000000,766.96
1621901679256000,1,0.00512500,766.96
1621901679372000,0,0.09375000,766.58
1621901679459000,1,0.09425000,766.77
1621901679477000,1,2.00000000,765.17
1621901701150000,1,8.00000000,765.72
1621901707258000,1,0.19200000,765.11
1621901728993000,1,0.96572040,767.38
1621901733030000,1,0.09562500,766.82
1621901742710000,0,0.19370000,766.60
1621901772287000,0,10.00000000,767.00
1621901875361000,1,0.09375000,774.79
1621901875410000,1,2.00000000,774.54
1621901875619000,1,0.46800000,774.41
1621901875619000,1,1.44380000,774.38
1621901875645000,1,2.46866278,774.37
1621901875646000,1,3.50784964,774.37
1621901875661000,1,3.84000000,774.37
1621901875696000,1,0.18348758,774.37
1621901875696000,1,0.32652067,774.22
1621901875697000,1,0.08047933,774.22
1621901875697000,1,0.42400000,774.03
1621901875726000,1,1.71251703,774.38
1621901876029000,1,0.41100000,773.84
1621901876029000,1,0.45500000,773.65
1621901876581000,1,0.39800000,773.46
1621901885289000,1,0.39000000,773.27
1621901885830000,1,0.41100000,773.08
1621901887257000,1,0.17000000,773.40
1621901888240000,1,0.21500000,773.21
1621901888825000,1,0.17600000,773.02
1621901889300000,1,0.15900000,772.83
1621901889346000,1,0.15700000,772.64
1621901889487000,0,0.17400000,772.18
1621901889882000,0,0.17900000,771.95
1621901890295000,0,0.15200000,771.14
1621901890461000,1,0.09656250,771.11
1621901890465000,1,0.09375000,771.11
1621901890486000,1,5.78619950,771.11
1621901891080000,0,0.09375000,771.08
1621901891145000,0,3.10625000,771.08
1621901911429000,0,10.00000000,775.82
1621901940640000,1,6.30000000,773.70
1621901968603000,0,1.93390000,776.70
1621901968654000,0,2.00000000,776.83
1621901968654000,0,8.30000000,776.84
1621901968949000,0,1.19000000,776.76
1621901969187000,0,8.81000000,776.76
1621901982640000,0,0.02784121,777.47
1621901983034000,0,0.00056819,777.47
1621901983166000,0,2.00000000,778.60
1621901983166000,0,7.34700000,778.62
1621901984599000,0,2.36892328,778.62
1621901984601000,0,25.28407672,778.62
1621902002207000,0,0.04116519,779.98
1621902018311000,1,0.21700000,778.69
1621902018844000,1,0.25899999,778.49
1621902018850000,1,0.00000001,778.49
1621902018915000,1,0.27800000,778.29
1621902018983000,1,0.22500000,778.09
1621902018983000,1,0.22000000,777.89
1621902018983000,1,5.97651200,777.87
1621902018983000,1,4.02348800,777.87
1621902019259000,1,0.24000000,777.69
1621902019330000,1,0.00400000,777.69
1621902019540000,1,0.29900000,777.49
1621902019946000,1,0.25900000,777.29
1621902073991000,1,0.09562500,775.51
1621902073991000,1,0.09562500,775.34
1621902073991000,1,0.13875000,775.13
1621902076457000,0,1.19000000,777.13
1621902076457000,0,8.81000000,777.13
1621902077986000,0,0.71500000,777.13
1621902078008000,0,0.65618036,777.13
1621902078169000,0,1.00897559,777.13
1621902078169000,0,7.61984405,777.13
1621902108028000,0,0.00084011,779.98
1621902108273000,1,0.09375000,779.62
1621902108273000,1,0.23625000,779.58
1621902115678000,1,10.24600000,779.32
1621902115696000,1,7.90000000,779.25
1621902126885000,1,4.50070000,777.28
1621902126949000,1,0.00009241,777.28
1621902143353000,1,0.33000000,776.20
1621902174640000,0,0.19070000,779.78
1621902187644000,1,3.00000000,780.91
1621902211481000,1,0.26000000,779.53
1621902217756000,1,0.25700000,779.33
1621902218780000,1,0.08300000,779.13
1621902218976000,1,0.24700000,779.13
1621902220372000,0,0.09656250,779.20
1621902220372000,0,0.18443750,779.30
1621902220733000,0,0.09375000,779.13
1621902220867000,1,0.14025000,779.21
1621902221097000,0,0.24000000,778.83
1621902221584000,1,0.09375000,778.81
1621902221649000,1,0.19525000,778.81
1621902222200000,1,0.26200000,778.61
1621902222822000,1,0.14000000,778.41
1621902236846000,1,0.12978161,778.48
1621902239656000,0,1.92600000,779.40
1621902239700000,0,0.00093913,779.40
1621902312413000,0,0.20000000,781.17
1621902314522000,1,0.07876417,781.17
1621902314621000,1,0.01217333,781.17
1621902314621000,1,1.03540000,780.78
1621902314621000,1,0.03500000,780.78
1621902314621000,1,0.09000000,780.77
1621902314621000,1,0.03500000,780.77
1621902314621000,1,8.44055582,780.63
1621902316283000,1,0.09375000,781.56
1621902316283000,1,1.90779959,781.45
1621902316283000,1,0.09468750,781.40
1621902316283000,1,1.92839862,781.27
1621902316283000,1,0.09093750,781.22
1621902316283000,1,5.88442679,781.22
1621902323803000,0,0.02820950,783.26
1621902330720000,1,3.20690000,783.68
1621902332094000,1,0.00005853,783.68
1621902336356000,0,0.09187500,784.36
1621902336356000,0,3.20000000,784.45
1621902336356000,0,1.12992500,784.46
1621902375646000,1,0.32499999,783.83
1621902375711000,1,0.00000001,783.83
1621902375778000,1,0.30800000,783.63
1621902377195000,1,0.36900000,783.43
1621902377579000,1,0.09375000,783.23
1621902377584000,1,0.26225000,783.23
1621902378224000,1,0.27700000,783.03
1621902378560000,1,0.06069973,782.83
1621902378589000,1,0.31930027,782.83
1621902379216000,1,0.40000000,782.63
1621902379673000,1,0.32500000,782.43
1621902413960000,0,1.02283349,781.33
1621902443504000,0,3.20000000,785.70
1621902443651000,0,0.59156072,785.70
1621902449784000,1,0.04178563,783.80
1621902449784000,1,6.03051437,783.60
1621902462712000,0,1.04180000,783.03
1621902466472000,1,0.32000000,781.59
1621902466472000,1,0.33856000,781.39
1621902472525000,1,0.01344000,781.39
1621902472525000,1,0.36037120,781.19
1621902474288000,1,0.00762880,781.19
1621902474378000,1,0.41500000,780.99
1621902474538000,1,0.43500000,780.79
1621902474538000,1,0.36000000,780.59
1621902474755000,1,0.45900000,780.39
1621902474755000,1,0.42700000,780.19
1621902474755000,1,1.92102859,779.30
1621902474755000,1,2.00000000,779.06
1621902474755000,1,3.13552237,779.05
1621902491839000,0,0.37180000,779.01
1621902561019000,0,2.00000000,778.28
1621902561019000,0,10.00000000,778.29
1621902561757000,0,31.16879974,779.00
1621902581797000,1,0.09375000,784.74
1621902582251000,1,0.09000000,784.74
1621902583115000,1,0.31625000,784.74
1621902585929000,1,0.77200000,784.28
1621902585964000,1,9.22800000,784.28
1621902586160000,1,3.64330000,783.43
1621902587741000,1,0.00002718,783.43
1621902587741000,1,0.09372282,783.43
1621902588643000,1,9.70815164,783.43
1621902608591000,1,3.13600000,780.43
1621902611215000,0,1.20000000,781.62
1621902611345000,0,1.92220000,781.80
1621902611360000,0,10.00000000,781.84
1621902611794000,0,0.03000000,782.00
1621902642739000,0,0.09468750,781.95
1621902642739000,0,0.68864481,782.10
1621902672833000,1,6.00000000,775.00
1621902711944000,1,0.16200000,776.32
1621902766807000,1,0.09562500,778.37
1621902766807000,1,0.14256001,778.21
1621902947784000,1,0.16499999,779.11
1621902948113000,1,0.00000001,779.11
1621902948113000,1,0.15899998,778.91
1621902948122000,1,0.00000002,778.91
1621902948178000,1,0.21900000,778.71
1621902948271000,1,0.17800000,778.51
1621902953395000,0,1.94622442,780.28
1621903007633000,0,0.06330000,782.02
1621903045014000,0,10.00000000,782.64
1621903047343000,0,0.30000000,784.50
1621903047360000,0,0.18558950,784.50
1621903047407000,0,0.52700000,784.50
1621903047793000,0,0.37284637,784.50
1621903074207000,1,0.65000000,783.30
1621903099273000,1,0.03000000,783.90
1621903099638000,1,0.18700000,783.90
1621903101335000,0,1.78993471,784.32
1621903101477000,0,0.12449082,784.32
1621903101477000,0,3.20000000,784.32
1621903101477000,0,0.09093750,784.54
1621903101477000,0,6.90806250,784.63
1621903108620000,1,0.18200000,783.70
1621903108620000,1,0.14800000,783.50
1621903111582000,1,0.04400000,783.50
1621903111582000,1,0.18399999,783.30
1621903112006000,1,0.00000001,783.30
1621903112006000,1,0.21099998,783.10
1621903112779000,1,0.00000002,783.10
1621903112880000,1,0.21299999,782.90
1621903112883000,1,0.00000001,782.90
1621903113132000,1,0.18199999,782.70
1621903113718000,1,0.00000001,782.70
1621903113745000,1,0.15500000,782.50
1621903182795000,0,0.06760657,782.97
1621903223636000,0,0.10000000,783.07
1621903275259000,1,3.20000000,780.32
1621903275259000,1,0.80000000,780.32
1621903373313000,1,0.07105844,784.32
1621903383067000,0,2.41600353,786.02
1621903383247000,0,3.60000000,786.02
1621903383391000,0,3.98399647,786.02
1621903385359000,0,10.00000000,787.51
1621903387200000,0,8.98740000,787.51
1621903396165000,0,2.00000000,788.00
1621903401209000,0,0.14000000,789.00
1621903401209000,0,0.02800960,789.05
1621903402657000,0,4.90000000,790.00
1621903402753000,1,0.06391268,788.68
1621903403419000,0,0.09800000,790.00
1621903403794000,0,0.00200000,790.00
1621903408559000,0,0.09400000,791.18
1621903414013000,1,1.36351015,788.42
1621903415102000,0,0.10390000,790.24
1621903450993000,1,0.23100000,792.74
1621903454048000,1,0.25699999,792.54
1621903454057000,1,0.00000001,792.54
1621903454070000,1,0.28200000,792.34
1621903454782000,1,0.25480000,792.14
1621903454836000,1,0.00520000,792.14
1621903456018000,1,0.22399999,791.94
1621903456045000,1,0.00000001,791.94
1621903456045000,1,0.19700000,791.74
1621903456175000,1,0.22599999,791.54
1621903456662000,1,0.00000001,791.54
1621903456662000,1,0.48256639,791.35
1621903456700000,1,9.51743361,791.35
1621903456796000,1,0.25099999,791.34
1621903456821000,1,0.00000001,791.34
1621903553480000,0,0.18606559,785.07
1621903562471000,0,2.00000000,783.99
1621903596800000,1,0.09656250,780.12
1621903596800000,1,1.92004706,780.11
1621903596800000,1,1.90339044,780.09
1621903617639000,0,0.15942611,778.97
1621903618910000,0,2.29212710,779.00
1621903624597000,1,1.92370000,778.94
1621903654914000,1,1.92710000,777.63
1621903698931000,1,1.92340000,778.91
1621903705863000,1,1.92533386,778.44
1621903705865000,1,0.09375000,778.15
1621903705865000,1,3.20764708,778.09
1621903705865000,1,0.09187500,777.91
1621903705865000,1,1.66839212,777.76
1621903706371000,1,1.35000000,777.51
1621903714632000,0,3.20000000,778.46
1621903714632000,0,1.76219023,778.74
1621903724432000,0,0.19050000,779.53
1621903740678000,1,1.94830975,778.29
1621903752872000,1,0.24100000,777.54
1621903752872000,1,0.19300000,777.35
1621903765133000,0,0.09562500,779.79
1621903765133000,0,0.28547500,779.88
1621903801581000,1,0.21340507,780.49
1621903808328000,0,0.10312500,785.09
1621903808328000,0,0.08156250,785.30
1621903815659000,1,0.50000001,785.64
1621903829061000,0,1.03570000,787.23
1621903829181000,0,1.28670000,787.23
1621903842002000,1,3.20000000,788.96
1621903842747000,1,0.26299999,789.13
1621903843008000,1,0.00000001,789.13
1621903843008000,1,0.16899999,788.93
1621903843799000,1,0.13700000,788.93
1621903844010000,1,0.00000001,788.93
1621903844010000,1,0.23699998,788.73
1621903844080000,1,0.00000002,788.73
1621903844773000,1,0.26099999,788.53
1621903844776000,1,0.00000001,788.53
1621903844821000,1,0.29500000,788.33
1621903844875000,1,0.24200000,788.13
1621903845024000,1,0.21299999,787.93
1621903845025000,1,0.00000001,787.93
1621903845081000,1,10.00000000,787.69
1621903847865000,1,0.29300000,787.73
1621903866003000,1,13.63775130,781.15
1621903875416000,0,1.29420000,785.11
1621903986372000,1,1.92040000,780.30
1621904049889000,0,0.05000000,779.15
1621904058425000,0,0.09656250,779.51
1621904058425000,0,0.09000000,779.79
1621904058425000,0,3.20000000,779.81
1621904058425000,0,2.00000000,779.85
1621904058425000,0,1.62664512,779.86
1621904070797000,0,0.24810000,778.79
1621904080596000,1,0.08812500,776.75
1621904082783000,1,0.50143144,776.21
1621904098984000,0,0.06370000,777.66
1621904146579000,0,3.20000000,777.91
1621904146579000,0,0.70000000,777.93
1621904146579000,0,1.93060213,777.94
1621904146579000,0,0.09000000,777.96
1621904146579000,0,1.91059470,778.03
1621904146579000,0,6.64969408,778.07
1621904146579000,0,3.68468944,778.08
1621904146579000,0,0.09000000,778.19
1621904146579000,0,1.90154960,778.26
1621904146579000,0,1.92233570,778.35
1621904146579000,0,0.09468750,778.36
1621904146579000,0,3.21700802,778.54
1621904146579000,0,1.90088747,778.61
1621904146579000,0,11.33939449,778.71
1621904149354000,0,1.93060000,777.94
1621904154280000,1,1.92890000,776.96
1621904188459000,0,0.00000213,777.94
1621904191318000,0,0.25450000,778.86
1621904207208000,1,0.75232071,776.19
1621904207497000,1,0.34457860,776.19
1621904266352000,1,0.18620000,773.84
1621904266353000,1,0.00380000,773.84
1621904266506000,1,0.22400000,773.65
1621904266506000,1,0.23000000,773.46
1621904266506000,1,0.04600000,773.27
1621904275137000,1,0.12000000,773.27
1621904278699000,1,0.17444000,773.08
1621904281423000,1,0.00356000,773.08
1621904281423000,1,0.16644000,772.89
1621904281467000,1,0.00556000,772.89
1621904283362000,1,0.22800000,772.70
1621904283367000,1,0.19400000,772.51
1621904284004000,1,0.22900151,771.98
1621904284023000,1,0.19400000,771.98
1621904288754000,0,2.14470000,772.40
1621904299121000,1,0.09093750,770.14
1621904299121000,1,0.40906250,770.00
1621904304404000,0,0.90000000,769.39
1621904311996000,1,4.70200000,768.54
1621904312001000,1,3.00052000,768.54
1621904312090000,1,2.69048000,768.54
1621904322085000,1,0.16325112,767.90
1621904322114000,1,10.41200000,767.58
1621904324647000,1,0.06189801,765.96
1621904327163000,0,1.95720000,767.36
1621904328644000,0,0.00006995,767.36
1621904329714000,1,0.09368005,767.55
1621904331867000,0,1.95520000,768.15
1621904340898000,0,0.00008344,768.15
1621904342348000,0,1.95300000,768.83
1621904342354000,0,0.00044869,768.83
1621904342674000,1,1.40046068,769.26
1621904342810000,0,0.00000001,769.39
1621904344396000,0,0.74700000,770.89
1621904344498000,0,0.09375000,770.89
1621904344528000,0,4.15925000,770.89
1621904347693000,1,0.09281250,770.01
1621904347797000,0,0.09375000,769.98
1621904347857000,0,1.25164217,769.98
1621904349322000,1,0.09000000,770.30
1621904349322000,1,0.09375000,770.26
1621904349420000,0,0.09375000,770.23
1621904349435000,0,3.56414699,770.23
1621904359584000,0,0.05165292,771.45
1621904361782000,0,0.03873969,772.38
1621904361782000,0,3.20000000,772.38
1621904361782000,0,0.00006915,772.40
1621904361782000,0,0.09468750,773.38
1621904361782000,0,0.09281250,773.56
1621904361782000,0,1.94432234,773.56
1621904361782000,0,6.08020189,773.59
1621904370949000,1,0.02905477,771.57
1621904378845000,1,1.94270000,771.35
1621904378891000,1,0.00006170,771.35
1621904378891000,1,6.82188404,771.30
1621904380807000,1,10.00000000,770.62
1621904382218000,1,3.60000000,770.62
1621904382255000,1,6.40000000,770.62
1621904401938000,0,0.09375000,769.11
1621904401938000,0,3.20000000,769.25
1621904401938000,0,0.09187500,769.27
1621904401938000,0,1.95294606,769.28
1621904401938000,0,1.92286694,769.32
1621904401938000,0,2.50168570,769.36
1621904405750000,0,1.95050000,768.86
1621904406444000,0,1.95290000,769.28
1621904407917000,0,0.00004606,769.28
1621904407917000,0,1.95294606,769.28
1621904411739000,0,1.71300000,769.99
1621904418634000,0,1.94850000,770.73
1621904439806000,0,1.94510000,772.14
1621904439964000,0,0.01134571,772.14
1621904440036000,0,1.95810000,772.41
1621904470381000,0,1.94350000,772.71
1621904497503000,1,0.16339718,771.44
1621904528163000,0,5.00000000,775.00
1621904528986000,0,1.93770000,775.08
1621904535418000,0,1.09900000,776.39
1621904537215000,0,0.72900000,777.05
1621904537219000,0,0.00011116,777.05
1621904539802000,0,1.36000000,777.06
1621904539815000,0,0.00085450,777.06
1621904545241000,1,3.20000000,777.80
1621904545309000,0,1.51100000,777.77
1621904548302000,1,1.33459690,778.25
1621904554862000,0,1.93545906,780.59
1621904554862000,0,3.20000000,780.63
1621904554862000,0,1.92495388,780.72
1621904554862000,0,1.92532026,780.83
1621904554862000,0,0.09375000,780.87
1621904554862000,0,0.09000000,780.98
1621904554862000,0,1.44605680,781.05
1621904561555000,1,12.80000000,779.73
1621904561571000,1,12.80000000,779.73
1621904561594000,1,24.52298000,779.73
1621904564686000,0,0.09187500,779.07
1621904564686000,0,0.09562500,779.08
1621904564686000,0,0.09281250,779.12
1621904564686000,0,0.09000000,779.32
1621904564686000,0,1.95214573,779.45
1621904564686000,0,0.20614599,779.46
1621904565623000,1,3.20000000,777.55
1621904567394000,0,1.41642567,777.64
1621904567416000,0,0.51572171,777.64
1621904569368000,0,1.93210000,777.64
1621904571990000,0,0.00004738,777.64
1621904571990000,0,1.93214738,777.64
1621904587555000,0,1.93000000,778.60
1621904589133000,0,0.00002873,778.60
1621904592560000,0,1.92740000,779.40
1621904592565000,0,0.00009913,779.40
1621904592565000,0,3.21560087,779.43
1621904592786000,0,0.00017338,779.43
1621904592786000,0,1.84722662,779.58
1621904692911000,1,0.09093750,771.27
1621904692911000,1,3.20000000,771.12
1621904692911000,1,0.10500000,771.09
1621904692911000,1,6.36718620,770.79
1621904719458000,0,1.94610000,771.44
1621904719750000,0,0.00007208,771.44
1621904725120000,1,0.67540964,770.29
1621904728351000,0,0.28386544,771.14
1621904732609000,0,1.94750000,771.17
1621904732782000,0,10.37500000,771.32
1621904829915000,1,0.52700000,770.29
1621904829915000,1,1.97299248,770.29
1621904837388000,0,1.94000000,771.31
1621904882567000,0,1.94000000,770.15
1621904931869000,1,0.71478348,766.29
1621904932032000,1,2.52860422,766.29
1621904935112000,1,3.60000000,766.01
1621904935179000,1,0.62161400,766.01
1621904960006000,0,0.25170000,767.71
1621904964549000,0,10.42700000,767.47
1621904968986000,1,0.09375000,769.30
1621904972706000,0,0.12410000,770.56
1621904999896000,1,0.16562000,770.49
1621905000349000,1,0.00338000,770.49
1621905002411000,1,0.15800000,770.30
1621905005092000,1,2.00000000,769.70
1621905005205000,1,2.00000000,769.69
1621905034777000,1,6.88661090,765.51
1621905035134000,0,0.28808855,765.44
1621905036707000,0,0.07233872,765.44
1621905037123000,0,0.00147630,765.44
1621905040222000,1,0.28000000,765.16
1621905050849000,1,0.03226680,764.24
1621905054143000,1,0.05518848,763.69
1621905056555000,1,0.09281250,762.24
1621905056555000,1,0.08718750,762.22
1621905059320000,0,0.09656250,763.04
1621905059320000,0,0.13405115,763.24
1621905067311000,1,0.22000000,760.95
1621905071930000,1,0.16879160,760.61
1621905075835000,1,0.16366000,761.25
1621905075916000,1,0.00334000,761.25
1621905077189000,1,0.16660000,761.06
1621905085066000,1,0.00340000,761.06
1621905085066000,1,0.16660000,760.87
1621905087688000,0,0.07896393,761.66
1621905088089000,1,0.02881200,760.87
1621905097938000,1,0.00058800,760.87
1621905098054000,1,0.18873624,760.68
1621905098561000,1,0.00326376,760.68
1621905098561000,1,0.19201472,760.49
1621905101944000,0,1.97220000,761.09
1621905103018000,1,3.20000000,760.51
1621905105634000,0,0.00009623,761.09
1621905105634000,0,1.97120377,761.55
1621905105673000,0,0.00018597,761.55
1621905105673000,0,10.51181403,761.58
1621905105739000,0,0.39599411,761.77
1621905105739000,0,6.94565992,761.78
1621905151278000,1,1.96342968,762.84
1621905163027000,1,0.09562500,760.60
1621905163027000,1,2.00000000,760.44
1621905163027000,1,10.50500000,760.43
1621905174845000,1,1.97320000,759.61
1621905206295000,0,1.97510000,760.09
1621905249754000,0,0.40600000,759.91
1621905249775000,0,3.60000000,759.91
1621905249785000,0,3.20180365,759.91
1621905287922000,1,0.03000000,761.88
1621905287958000,1,0.12200000,761.88
1621905299460000,1,0.03000000,761.69
1621905341682000,1,0.23061365,765.96
1621905342101000,0,9.77114252,768.12
1621905347855000,1,0.80331877,765.43
1621905377668000,1,1.95440000,763.78
1621905393040000,0,3.20000000,766.44
1621905401051000,0,3.13600000,767.18
1621905401150000,0,0.06400000,767.18
1621905405999000,0,0.20780000,767.14
1621905448681000,0,1.95000000,769.37
1621905449251000,0,0.00220178,769.37
1621905449251000,0,3.69423970,769.43
1621905451388000,0,0.60000000,770.00
1621905451388000,0,6.81116815,770.13
1621905463569000,0,1.95000000,769.98
1621905463873000,0,0.00018221,769.98
1621905473892000,0,1.94000000,770.01
1621905477783000,0,0.59000000,770.56
1621905477830000,0,1.35846372,770.56
1621905478265000,0,2.00000000,770.94
1621905478347000,0,0.05000000,772.92
1621905482837000,1,1.93700000,773.09
1621905519247000,0,1.90533525,772.44
1621905519803000,0,0.03810670,772.44
1621905521469000,0,0.00077769,772.44
1621905521469000,0,1.93922231,772.44
1621905543783000,0,3.20000000,772.78
1621905543783000,0,1.94000000,772.81
1621905555036000,0,1.94666141,771.35
1621905555455000,0,1.94666141,771.35
1621905585050000,1,2.00000000,770.00
1621905588227000,0,1.90980239,770.41
1621905588292000,0,0.03897556,770.41
1621905588446000,0,1.90980239,770.41
1621905619722000,1,0.29000000,768.06
1621905621034000,1,0.26000000,767.87
1621905621048000,1,0.30800000,767.68
1621905621048000,1,0.29900000,767.49
1621905621224000,1,0.31100000,767.30
1621905621224000,1,6.41790000,767.18
1621905621624000,1,0.04000000,767.24
1621905621689000,1,0.33400000,767.11
1621905621977000,1,0.24000000,766.92
1621905622391000,1,0.32300000,766.73
1621905622396000,1,12.80000000,766.64
1621905622430000,1,3.59120000,766.64
1621905622479000,1,12.80000000,766.64
1621905622535000,1,13.37230000,766.64
1621905622627000,1,1.97500870,766.64
1621905622638000,1,1.39972037,766.64
1621905622648000,1,2.17631194,766.64
1621905622655000,1,0.17571899,766.64
1621905624101000,0,0.09281250,766.29
1621905624198000,1,0.79000000,766.36
1621905624865000,1,3.20000000,764.72
1621905624865000,1,0.12059031,764.70
1621905624865000,1,6.45055221,764.69
1621905625383000,1,7.78062568,764.69
1621905668913000,0,0.06000000,767.91
1621905669011000,0,0.00082461,767.91
1621905669830000,1,0.09292539,767.91
1621905669926000,0,0.09468750,767.89
1621905669927000,0,1.25971359,767.89
1621905670021000,0,0.04470609,768.98
1621905671599000,1,0.09562500,768.73
1621905671676000,0,2.28100000,768.71
1621905672709000,0,0.30576000,770.25
1621905678671000,0,0.03375309,770.24
1621905702318000,0,2.00000000,773.18
1621905702318000,0,3.20000000,773.19
1621905712850000,1,3.20000000,771.66
1621905714043000,0,1.90507843,772.40
1621905715057000,0,0.03810157,772.40
1621905721941000,0,0.00077758,772.40
1621905721941000,0,1.93922242,772.79
1621905721988000,0,0.00364724,772.79
1621905731030000,0,1.94262470,772.81
1621905731030000,0,2.91737530,772.96
1621905731153000,0,0.32145584,772.96
1621905738998000,0,1.94260000,772.83
1621905739075000,0,0.00009853,772.83
1621905739075000,0,2.00000000,773.12
1621905810014000,1,0.30900000,764.66
1621905815277000,1,0.00003293,764.66
1621905834414000,1,0.10000000,764.10
1621905834832000,1,0.00148289,764.10
1621905889317000,0,0.19700444,764.49
1621905928888000,1,0.33497454,761.36
1621905949996000,0,0.39069948,762.48
1621905950079000,0,1.57853949,762.48
1621906031363000,1,1.66900000,760.17
1621906040253000,0,0.20000000,759.86
1621906040253000,0,10.33700000,759.87
1621906058483000,0,1.97640000,759.69
1621906081140000,1,1.95650000,756.82
1621906081383000,1,0.09375000,755.56
1621906081383000,1,2.00000000,755.50
1621906081383000,1,1.11825000,755.49
1621906082713000,1,1.72696787,755.83
1621906084209000,0,2.00000000,756.56
1621906084302000,0,2.00000000,756.70
1621906084355000,0,10.58800000,756.72
1621906084519000,0,6.59145592,756.90
1621906084519000,0,1.96694408,756.91
1621906113436000,0,0.25868849,758.67
1621906119809000,1,10.54300000,757.40
1621906138896000,1,10.57000000,755.48
1621906157826000,0,3.20000000,758.35
1621906157826000,0,3.92817595,758.48
1621906157826000,0,6.99182405,758.48
1621906166397000,1,1.70000000,755.96
1621906181095000,0,0.10542029,756.97
1621906203335000,1,3.00000005,753.48
1621906205289000,1,0.08420041,752.55
1621906224760000,1,3.20000000,750.08
1621906224760000,1,0.02800960,750.05
1621906226234000,1,0.21509358,748.71
1621906226236000,1,2.98490642,748.71
1621906226236000,1,14.28641108,748.58
1621906226727000,1,3.20000000,746.50
1621906226727000,1,9.73314505,745.76
1621906227692000,0,2.00293384,749.50
1621906230471000,0,2.00000000,750.00
1621906235890000,1,0.21297853,747.97
1621906257324000,0,3.20000000,748.24
1621906257324000,0,1.57522347,748.25
1621906267557000,0,0.09463125,747.79
1621906268090000,0,1.48480000,747.76
1621906270275000,0,0.07980204,748.61
1621906270837000,0,0.21349819,748.61
1621906272990000,0,0.27964514,749.20
1621906279864000,0,0.38630000,750.84
1621906281230000,1,2.00000000,748.59
1621906281521000,1,0.20000000,747.73
1621906321638000,0,1.60000000,752.02
1621906321642000,0,10.51853391,752.02
1621906335469000,0,0.05634216,756.06
1621906341374000,0,0.03294350,756.79
1621906341374000,0,0.03245650,756.97
1621906349320000,0,0.06743498,756.73
1621906352822000,0,0.05195246,757.40
1621906371778000,1,2.00000000,756.32
1621906371778000,1,8.55700000,756.31
1621906372953000,1,0.09375000,755.33
1621906372953000,1,1.90625000,755.24
1621906373424000,1,0.09375000,755.36
1621906373424000,1,0.07771982,754.84
1621906388226000,0,0.03038000,754.46
1621906391253000,1,0.57000000,753.49
1621906424371000,1,0.13400000,752.93
1621906424419000,1,0.00096000,752.93
1621906432056000,1,0.22800000,752.16
1621906432315000,1,0.00008461,752.16
1621906471994000,1,0.07600000,752.39
1621906472274000,1,0.00003966,752.39
1621906540284000,1,2.00870000,745.18
1621906540293000,1,0.00003628,745.18
1621906557370000,0,0.08583106,745.42
1621906559444000,1,2.01167512,744.59
1621906564139000,1,0.00000008,744.59
1621906564139000,1,2.04389758,744.46
1621906564139000,1,0.02820950,744.26
1621906564139000,1,2.00000000,744.26
1621906564139000,1,0.60846224,744.25
1621906572682000,0,2.01330000,745.77
1621906585779000,1,2.00000000,746.18
1621906651123000,1,1.64823496,745.03
1621906652370000,1,4.47710000,745.15
1621906652388000,1,6.24990000,745.15
1621906653317000,0,0.91056249,744.81
1621906670197000,1,0.49999999,743.00
1621906678077000,1,0.00000001,743.00
1621906684683000,0,2.02160000,742.84
1621906686092000,0,0.00007787,742.84
1621906686092000,0,2.00000000,743.62
1621906686092000,0,3.35992213,743.63
1621906686285000,0,2.01969525,743.52
1621906703623000,0,2.01780000,744.29
1621906703812000,0,0.00006364,744.29
1621906712737000,0,0.01858291,744.81
1621906731287000,0,1.97378885,745.97
1621906734940000,0,3.13600000,746.40
1621906735200000,0,0.06400000,746.40
1621906750372000,0,3.13600000,747.69
1621906758631000,0,1.96739991,748.03
1621906767180000,0,1.39160000,748.00
1621906768510000,0,0.27440000,748.25
1621906769857000,0,0.39545538,748.26
1621906769862000,0,0.00000001,748.26
1621906769862000,0,2.00556498,748.42
1621906853173000,0,1.97622465,744.43
1621906859435000,0,1.76467502,743.51
1621906873709000,0,3.13600000,742.80
1621906877553000,0,2.02024910,743.07
1621906883738000,0,2.00000000,742.33
1621906883738000,0,8.94400000,742.34
1621906897329000,1,10.78000000,740.30
1621906898026000,1,4.00000000,740.00
1621906898491000,1,0.28551877,739.07
1621906900465000,1,2.91448123,739.07
1621906900465000,1,2.01298964,739.05
1621906900465000,1,2.00000000,738.91
1621906900465000,1,3.18471266,738.90
1621906905557000,1,0.02800000,738.47
1621906906113000,1,0.00040940,738.47
1621906919936000,0,1.20000000,740.18
1621906926616000,0,2.02000000,740.99
1621906933942000,0,2.94000000,741.64
1621906934005000,0,0.26000000,741.64
1621906942912000,0,2.02322566,742.32
1621906964745000,0,2.01840000,743.97
1621906965012000,0,0.00000710,743.97
1621906965012000,0,1.99999290,744.16
1621906965174000,0,1.70000000,744.16
1621906983376000,0,2.01810000,743.96
1621906985219000,0,2.01550000,744.89
1621906990229000,0,0.12960000,744.72
1621907008016000,0,2.01380000,745.40
1621907009157000,0,0.00004971,745.40
1621907017509000,1,0.26158284,744.26
1621907023305000,1,10.72400000,744.25
1621907033980000,0,0.07140000,744.35
1621907040103000,1,3.13400000,743.27
1621907052990000,1,6.91533731,740.12
1621907052990000,1,3.94510687,740.11
1621907052995000,1,2.00000000,740.04
1621907052995000,1,8.78200000,740.03
1621907053183000,1,2.02350000,739.89
1621907104091000,0,2.00000000,735.28
1621907104991000,0,0.09300000,735.28
1621907105213000,0,0.00075000,735.28
1621907105225000,0,2.04172852,736.04
1621907106168000,0,8.63040000,737.26
1621907109411000,1,3.20000000,736.74
1621907109484000,0,3.50700000,736.74
1621907110880000,1,1.50056807,737.16
1621907111166000,0,0.30000000,739.07
1621907111166000,0,27.18440000,739.08
1621907117081000,0,0.00006582,739.08
1621907126096000,0,0.34000000,741.77
1621907130304000,1,3.79259903,740.44
1621907130306000,1,4.78540180,740.44
1621907130308000,1,5.22747904,740.44
1621907130309000,1,0.65760136,740.44
1621907130309000,1,3.20000000,740.43
1621907130309000,1,1.36987768,740.41
1621907130311000,1,5.22747904,740.40
1621907130312000,1,2.83585435,740.40
1621907130344000,1,0.09375000,740.40
1621907130405000,1,2.00000000,740.42
1621907130405000,1,2.36050000,740.40
1621907130510000,1,2.00000000,740.41
1621907130730000,1,1.09222000,740.16
1621907130841000,1,0.35000000,738.50
1621907131102000,0,1.08684000,737.97
1621907132693000,0,0.09468750,736.53
1621907132693000,0,0.09656250,736.54
1621907132693000,0,15.10201231,736.89
1621907133105000,1,1.10160000,733.86
1621907133105000,1,3.20000000,733.84
1621907133994000,1,0.02800000,732.68
1621907134136000,1,3.20000000,732.71
1621907134136000,1,0.00060930,732.68
1621907134698000,0,0.09562500,734.27
1621907134698000,0,0.09468750,734.30
1621907134698000,0,0.09093750,734.49
1621907134698000,0,3.20000000,734.63
1621907134698000,0,2.04578212,734.66
1621907134698000,0,13.92184859,734.71
1621907135236000,1,2.83900000,731.54
1621907135240000,1,19.00000000,731.54
1621907135241000,1,3.57200000,731.54
1621907135264000,0,0.09093750,731.55
1621907135264000,0,0.09750000,731.74
1621907135370000,1,30.24410000,731.78
1621907135379000,1,1.90046250,731.78
1621907137653000,0,0.09562500,732.25
1621907137785000,0,0.02777674,734.44
1621907138865000,1,0.09468750,732.76
1621907138865000,1,0.09093750,732.57
1621907138865000,1,3.01277457,732.40
1621907139428000,0,0.09375000,734.07
1621907139428000,0,0.09281250,734.32
1621907139428000,0,0.04237332,734.42
1621907140698000,1,0.09000000,731.93
1621907140766000,0,3.60000000,731.79
1621907140791000,0,0.09375000,731.79
1621907140817000,0,0.09281250,731.79
1621907140853000,0,16.64827373,731.79
1621907147541000,0,0.03136000,735.69
1621907147563000,0,0.00064000,735.69
1621907153421000,1,0.03000000,736.29
1621907153471000,1,0.09375000,736.29
1621907153511000,1,2.41370223,736.23
1621907153511000,1,2.00000000,735.87
1621907160751000,0,2.00000000,735.52
1621907160751000,0,10.90200000,735.53
1621907160852000,0,2.00000000,735.52
1621907160933000,0,2.04460000,736.27
1621907163128000,0,23.34010000,737.12
1621907164974000,0,0.00005493,737.12
1621907169104000,0,0.09375000,736.14
1621907169691000,1,3.20000000,735.30
1621907170054000,0,0.09375000,735.14
1621907170054000,0,0.09000000,735.51
1621907170054000,0,0.09468750,735.70
1621907170054000,0,1.75792965,735.87
1621907172925000,1,3.20000000,734.49
1621907174427000,1,0.09375000,734.36
1621907175121000,1,20.26500000,734.40
1621907175121000,1,0.09562500,734.20
1621907175639000,1,0.09375000,734.29
1621907176160000,0,2.04197429,735.54
1621907176484000,0,2.04190000,735.54
1621907177281000,0,0.00007429,735.54
1621907233804000,1,2.00000000,738.49
1621907233804000,1,10.81100000,738.48
1621907271089000,1,0.07367537,741.11
1621907288580000,1,0.03800000,741.20
1621907297115000,0,1.98294510,742.50
1621907297171000,0,0.04046827,742.50
1621907308843000,0,1.03898239,743.42
1621907311875000,0,1.97794253,743.90
1621907364065000,1,0.08690624,740.92
1621907389768000,0,2.25912278,742.84
1621907425679000,1,0.09187500,741.33
1621907425679000,1,0.07687500,741.22
1621907426375000,1,0.09213471,741.62
1621907433222000,0,3.13600000,743.26
1621907435126000,0,1.97981998,743.51
1621907463350000,0,2.01340000,746.07
1621907464632000,0,0.00006553,746.07
1621907466860000,0,2.00640140,747.51
1621907469132000,0,1.96734544,748.34
1621907472798000,1,3.20000000,746.36
1621907474682000,0,2.00900000,747.34
1621907480720000,0,0.00008235,747.34
1621907480720000,0,2.00901765,747.34
1621907481118000,0,0.00006470,747.34
1621907482468000,0,1.96890070,747.34
1621907496512000,0,2.01140000,746.23
1621907509111000,0,1.96995060,746.83
1621907514945000,0,2.00860000,747.32
1621907536588000,1,0.09468750,746.72
1621907536733000,1,7.60200000,746.68
1621907611302000,1,2.00370000,746.72
1621907611986000,1,0.00003522,746.72
1621907619871000,0,3.20000000,747.00
1621907619871000,0,2.00960407,747.03
1621907619871000,0,0.04366134,747.20
1621907664275000,1,10.77500000,740.97
1621907694581000,0,0.42140000,739.87
1621907694839000,0,1.60845202,739.87
1621907695489000,0,0.70952000,739.87
1621907696172000,0,0.39788000,739.87
1621907698475000,0,2.02610838,741.07
1621907729483000,0,7.50244873,745.76
1621907767460000,0,0.60760000,745.59
1621907794349000,0,1.97693669,744.44
1621907804014000,0,0.35094174,745.02
1621907813570000,0,3.13600000,744.87
1621907853957000,0,2.01290000,745.83
1621907854203000,0,0.00003226,745.83
1621907927030000,1,0.09468750,744.59
1621907927030000,1,3.20000000,744.58
1621907927030000,1,3.87384741,744.55
1621907927030000,1,2.02243115,744.50
1621907928093000,0,3.20000000,745.57
1621907945958000,0,1.99512828,747.96
1621907946092000,0,2.00000000,748.14
1621907949830000,1,0.09281250,749.07
1621907951859000,1,0.09300000,749.10
1621908005921000,1,0.30000000,746.66
1621908009022000,0,0.09093750,745.85
1621908009139000,1,1.28300000,745.92
1621908068189000,0,3.13600000,743.72
1621908086873000,0,1.98137035,742.71
1621908127278000,0,2.01140000,746.67
1621908247304000,0,0.19794062,747.80
1621908248147000,0,1.80960000,747.80
1621908320761000,1,10.74400000,743.65
1621908328380000,0,0.06650000,743.70
1621908357145000,0,2.02230000,742.56
1621908394921000,0,0.00009179,742.56
1621908413940000,1,0.28164056,744.83
1621908470296000,1,0.28277105,742.74
1621908490111000,1,0.05700000,740.79
1621908490647000,1,0.00056239,740.79
1621908493717000,1,0.24200000,739.82
1621908493809000,1,0.00074064,739.82
1621908498220000,0,0.19706536,740.42
1621908502348000,1,0.03900000,739.26
1621908504014000,1,0.00004427,739.26
1621908507829000,0,0.22038509,739.87
1621908547321000,1,6.86700000,738.16
1621908573368000,0,0.13450000,736.26
1621908591911000,0,2.00000000,735.27
1621908591911000,0,10.00000000,735.28
1621908655218000,0,0.02758621,731.96
1621908717745000,0,2.04610000,733.85
1621908747498000,0,2.00000000,731.26
1621908747498000,0,10.80000000,731.27
1621908747571000,0,0.14700000,731.27
1621908747612000,0,1.70000000,731.26
1621908781360000,0,2.01377166,730.65
1621908832445000,1,0.02800000,726.89
1621908832532000,1,0.00080920,726.89
1621908832980000,1,3.20000000,726.53
1621908832980000,1,2.00000000,726.01
1621908832980000,1,6.85950369,726.00
1621908841112000,0,0.09562500,726.30
1621908841112000,0,0.56927500,726.36
1621908843204000,0,0.09375000,726.25
1621908843204000,0,2.41900000,726.29
1621908843204000,0,0.06645000,726.44
1621908843280000,0,7.61010000,726.26
1621908843280000,0,3.40590000,726.26
1621908843917000,0,2.41600000,726.44
1621908843917000,0,0.78400000,726.45
1621908877761000,1,0.46358898,727.54
1621908886613000,1,2.00000000,728.64
1621908886613000,1,10.80000000,728.63
1621908886711000,1,2.05600000,728.50
1621908886885000,1,7.73010000,728.48
1621908891651000,0,0.07280000,729.01
1621908907657000,0,2.05790000,729.81
1621908933359000,1,0.09468750,729.87
1621908933359000,1,0.09562500,729.71
1621908933359000,1,0.05968750,729.61
1621908939113000,0,2.92040000,730.44
1621908946217000,0,2.05380000,730.89
1621908960848000,0,2.01054983,731.76
1621908976295000,1,0.13700000,729.33
1621908978827000,1,0.23000000,729.20
1621908988372000,1,0.13000000,726.88
1621908990836000,1,1.91666308,726.88
1621908990836000,1,0.16563692,726.77
1621909007661000,1,1.00000000,725.00
1621909027204000,0,2.07720000,723.31
1621909035072000,1,0.09375000,723.34
1621909035072000,1,0.33040658,723.00
1621909041715000,1,0.09000000,724.70
1621909042173000,1,0.00562500,724.70
1621909042173000,1,0.07486485,724.57
1621909047888000,1,10.00000000,725.22
1621909072387000,1,4.12923202,725.00
1621909072387000,1,1.54584514,724.54
1621909074753000,0,3.20000000,726.20
1621909074753000,0,0.09281250,726.43
1621909074753000,0,0.39507408,726.57
1621909101330000,1,0.25000000,725.19
1621909120293000,1,2.00000000,723.26
1621909120293000,1,6.99469683,723.26
1621909132845000,0,2.22020000,724.73
1621909151978000,0,2.45000000,725.00
1621909155290000,1,0.08129873,724.05
1621909155572000,0,0.05000000,725.00
1621909163580000,1,0.13999820,723.85
1621909169049000,0,2.07045574,725.18
1621909185935000,0,0.17050000,726.15
1621909203963000,1,0.24049416,724.65
1621909208046000,0,2.06830000,725.72
1621909212861000,0,2.77978086,727.52
1621909219423000,0,3.81112793,729.47
1621909229568000,0,0.10715455,730.07
1621909229568000,0,9.89284545,730.09
1621909238003000,0,0.07875859,730.22
1621909253629000,1,0.15800000,729.39
1621909257578000,0,0.04500000,730.85
1621909260872000,0,0.00050720,730.85
1621909261338000,0,0.10715500,731.92
1621909261338000,0,9.69334206,731.92
1621909264959000,1,1.81502186,730.91
1621909404185000,0,0.56838824,737.32
1621909434954000,0,3.20000000,736.38
1621909451754000,0,1.37702477,733.81
1621909456857000,0,1.58760000,732.96
1621909456890000,0,1.61240000,732.96
1621909466390000,0,3.13600000,732.27
1621909500614000,1,2.05937413,731.80
1621909500614000,1,2.04782727,731.79
1621909501104000,1,10.00000000,730.96
1621909501832000,1,0.04168088,730.39
1621909505062000,0,2.05370000,731.06
1621909533238000,0,2.00000000,737.61
1621909533238000,0,9.23210000,737.62
1621909547774000,1,1.60300000,735.89
1621909581572000,1,0.31235523,732.79
1621909598535000,1,12.80000000,733.00
1621909598553000,1,7.20000000,733.00
1621909598553000,1,5.60000000,733.00
1621909598578000,1,5.30300000,733.00
1621909667277000,0,0.30000000,732.32
1621909671941000,0,1.82537761,734.75
1621909671955000,0,2.92933415,734.75
1621909671959000,0,0.77718049,734.75
1621909671962000,0,0.50951176,734.75
1621909673713000,0,0.29684104,736.11
1621909673733000,0,0.27154696,736.11
1621909673733000,0,0.19950300,736.11
1621909722940000,0,2.03840000,736.61
1621909729274000,0,0.00000790,736.61
1621909729274000,0,2.03819210,736.66
1621909736668000,0,0.00003971,736.66
1621909747292000,1,0.30000000,735.32
1621909747313000,1,0.09375000,735.32
1621909747445000,1,2.96261757,735.32
1621909747461000,1,2.80800000,735.32
1621909747481000,1,3.83563243,735.32
1621909814768000,0,6.98944668,737.13
1621909825423000,0,4.06222956,738.59
1621909859946000,0,2.03254223,738.63
1621909860268000,0,2.03250000,738.63
1621909865043000,0,0.00004223,738.63
1621909865043000,0,0.39666177,738.63
1621909865533000,0,1.63588046,738.63
1621909865533000,0,2.87211954,738.63
1621909865865000,0,4.07680000,738.63
1621909887523000,0,1.99544978,737.38
1621909890366000,0,0.03990900,737.38
1621909907628000,0,0.00081447,737.38
1621909931375000,0,0.04830000,739.41
1621909939564000,0,0.87396400,739.42
1621909941023000,0,1.13299829,739.42
1621909955808000,0,0.04168088,741.06
1621909955808000,0,0.03011912,741.12
1621909987161000,0,1.29360000,740.27
1621909993914000,0,2.02882122,739.89
1621910063882000,0,0.26499200,740.49
1621910064310000,0,1.76280888,740.49
1621910064310000,0,3.10074382,740.49
1621910067494000,0,3.61022467,740.41
1621910075323000,0,6.47226058,739.77
1621910075801000,0,0.13208695,739.77
1621910160042000,0,2.02210000,742.38
1621910160042000,0,0.00004078,742.38
1621910197411000,0,3.20000000,744.59
1621910197411000,0,0.69140000,744.60
1621910210471000,0,0.12970000,744.36
1621910287364000,0,1.20000000,745.02
1621910287364000,0,2.01510943,745.04
1621910287627000,0,2.01510000,745.04
1621910340444000,0,2.02110000,742.67
1621910341623000,0,25.60000000,743.44
1621910341777000,0,16.42040000,743.44
1621910341887000,0,4.06112219,743.44
1621910419809000,1,10.77300000,741.58
1621910474781000,0,3.20000000,741.98
1621910474781000,0,0.38532902,742.01
1621910478718000,0,0.13379360,741.98
1621910492424000,1,6.80850000,740.68
1621910501120000,1,0.04095485,739.00
1621910501634000,1,0.00083581,739.00
1621910505335000,1,0.08967215,738.52
1621910514833000,0,0.09093750,739.25
1621910514833000,0,0.09000000,739.41
1621910514833000,0,3.20000000,739.46
1621910514833000,0,1.39305338,739.46
1621910520889000,1,0.19794062,739.06
1621910523650000,0,0.76789100,741.11
1621910523650000,0,3.19070500,741.11
1621910523650000,0,5.84140400,741.11
1621910523931000,0,0.19999999,741.11
1621910523931000,0,0.00000001,741.11
1621910524945000,1,0.09375000,741.24
1621910525117000,0,3.60000000,741.11
1621910525198000,0,0.09375000,741.11
1621910525212000,0,0.09187500,741.11
1621910525346000,0,6.12062500,741.11
1621910529894000,1,3.60000000,741.14
1621910541044000,0,1.15640000,742.18
1621910579652000,0,0.23716000,739.43
1621910738578000,1,10.83600000,737.65
1621910756484000,0,0.02750650,737.55
1621910794665000,1,2.03565340,736.15
1621910794665000,1,2.02080983,735.73
1621910794665000,1,0.79189153,735.66
1621910821089000,1,0.05527001,735.17
1621910823065000,1,0.06334364,734.39
1621910826597000,0,0.09468750,734.54
1621910826597000,0,0.09858964,734.58
1621910843456000,1,0.09375000,734.25
1621910843470000,1,0.04984127,734.25
1621910859813000,0,10.90700000,733.82
1621910868520000,0,2.04540000,734.27
1621910911209000,0,2.05220000,731.70
1621910933640000,0,1.32496000,731.59
1621910934388000,0,2.05203769,731.83
1621910964714000,0,3.20000000,734.92
1621910964714000,0,2.04396235,734.95
1621910964714000,0,3.20000000,734.96
1621910964714000,0,1.69425961,734.99
1621910991042000,0,10.00000000,732.65
1621910994039000,1,1.15200000,732.09
1621910994736000,1,9.76400000,732.09
1621910994778000,1,7.00670000,731.90
1621910999767000,0,0.96390000,731.73
1621911004036000,1,0.37600000,730.58
1621911005718000,1,0.09187500,729.94
1621911005718000,1,2.00000000,729.92
1621911005718000,1,3.20000000,729.91
1621911005718000,1,4.84634696,729.87
1621911051844000,0,0.04910000,727.91
1621911063663000,0,0.09187500,726.41
1621911063663000,0,0.24882500,726.54
1621911066295000,1,0.38490713,725.09
1621911085715000,0,2.06920000,725.84
1621911086785000,0,0.00003701,725.84
1621911099926000,0,2.07340000,724.20
1621911117147000,0,2.07360000,724.07
1621911117424000,0,0.00000651,724.07
1621911122526000,0,0.00000023,724.20
1621911123439000,0,2.00000000,725.66
1621911123439000,0,0.10125000,725.75
1621911140158000,1,2.06950000,724.02
1621911142826000,0,2.07160000,724.67
1621911162686000,0,0.00008586,724.67
1621911177639000,0,0.10000000,724.54
1621911177639000,0,1.97180000,724.66
1621911177643000,0,0.10001405,724.66
1621911193891000,1,2.07190000,722.56
1621911207552000,0,2.07660000,723.12
1621911208032000,0,0.00002046,723.12
1621911208298000,0,0.41629344,723.45
1621911208301000,0,0.19128557,723.45
1621911215214000,1,0.32794667,721.14
1621911215341000,1,0.09375000,721.14
1621911215439000,1,3.17830333,721.14
1621911215439000,1,6.40000000,721.14
1621911216341000,1,0.02910910,721.10
1621911217269000,0,0.09300000,720.74
1621911217615000,1,0.09375000,720.71
1621911217642000,1,3.10625000,720.71
1621911218220000,0,0.00075000,720.74
1621911218220000,0,3.37175000,720.98
1621911218255000,0,2.06360000,720.78
1621911218728000,0,2.08330000,720.83
1621911218820000,0,0.00005337,720.83
1621911218820000,0,6.62814663,720.98
1621911221984000,0,11.10400000,720.78
1621911221985000,0,2.08330000,720.83
1621911224631000,1,3.20000000,720.65
1621911230543000,0,0.00005337,720.83
1621911230543000,0,2.08334663,720.83
1621911232626000,0,2.08170000,721.63
1621911239526000,0,0.00007660,721.63
1621911239526000,0,0.09093750,722.09
1621911284503000,1,3.20000000,722.70
1621911284503000,1,1.78051401,722.68
1621911301281000,1,3.20000000,720.92
1621911301281000,1,0.09093750,720.89
1621911301281000,1,0.09562500,720.72
1621911301281000,1,1.57464851,720.56
1621911324740000,1,0.09000000,724.56
1621911324740000,1,0.28371118,724.40
1621911424320000,1,2.08670000,721.90
1621911435167000,1,9.37150000,721.66
1621911449611000,0,3.20000000,719.80
1621911455564000,1,11.10100000,719.32
1621911522156000,1,0.02930900,715.31
1621911522486000,1,0.09187500,714.04
1621911522486000,1,0.09281250,713.86
1621911522486000,1,0.20902126,713.85
1621911523078000,1,0.09000000,714.02
1621911523078000,1,0.41046416,713.89
1621911523110000,1,0.09093750,714.23
1621911523110000,1,2.78953584,713.89
1621911523110000,1,0.09562500,713.85
1621911523110000,1,0.09375000,713.65
1621911523110000,1,2.11787455,713.64
1621911523110000,1,0.08174275,713.56
1621911523110000,1,3.49343056,712.79
1621911523110000,1,2.07193004,712.63
1621911523110000,1,15.10201231,711.45
1621911523110000,1,2.10880137,711.44
1621911538791000,0,2.37160000,715.42
1621911556846000,0,0.54609790,718.92
1621911560119000,0,0.09463125,719.90
1621911574656000,1,2.08430985,718.52
1621911607268000,0,0.09095625,715.13
1621911633549000,1,2.09000000,713.64
1621911636614000,1,2.11213063,711.76
1621911636619000,1,1.20300000,711.76
1621911636848000,1,4.21660000,711.76
1621911658028000,1,5.00000000,711.00
1621911675941000,0,1.20000000,711.04
1621911676190000,0,0.09281250,711.38
1621911698912000,1,3.00000000,713.78
1621911751485000,0,2.09970000,715.19
1621911763052000,0,7.18420000,715.50
1621911763796000,0,2.09680000,716.03
1621911811691000,1,2.11120000,714.09
1621911812271000,1,2.00000000,713.77
1621911812309000,1,0.35946900,713.41
1621911812309000,1,10.83153100,713.33
1621911821235000,1,2.00000000,711.19
1621911821235000,1,4.03495326,711.18
1621911821235000,1,2.09229773,710.95
1621911821235000,1,0.35946900,710.83
1621911821235000,1,7.33463691,710.75
1621911821235000,1,2.09630274,710.73
1621911821235000,1,2.10597318,710.64
1621911821235000,1,2.13719592,710.62
1621911821235000,1,3.50653543,710.38
1621911821235000,1,4.52042047,709.59
1621911825602000,1,2.10806932,710.84
1621911825602000,1,2.00000000,710.84
1621911825602000,1,11.22900000,710.83
1621911825602000,1,2.72394290,710.67
1621911832388000,0,3.13600000,712.55
1621911832417000,0,0.06400000,712.55
1621911855071000,0,3.20000000,711.78
1621911855071000,0,1.42226800,711.81
1621911857658000,0,3.20000000,710.73
1621911857658000,0,44.16555600,710.76
1621911863225000,1,2.10630000,709.72
1621911882020000,1,0.02960890,709.52
1621911882020000,1,2.10439110,709.41
1621911882024000,1,0.02970624,709.41
1621911882134000,1,2.09047591,709.36
1621911934642000,1,2.10510000,706.49
1621911937153000,1,1.90000000,704.94
1621911937153000,1,7.53170000,704.93
1621911937324000,1,0.00003000,704.93
1621911937324000,1,2.10877000,704.93
1621911937479000,1,0.00003100,704.93
1621911937479000,1,0.35946899,704.93
1621911937510000,1,0.00000001,704.93
1621911938947000,1,0.02921262,703.73
1621911942917000,1,0.00059618,703.73
1621911951826000,0,2.13280000,704.39
1621911952415000,0,0.00002225,704.39
1621911952415000,0,2.00000000,704.72
1621911952432000,0,3.55510000,704.82
1621911952438000,0,0.00009617,704.82
1621911952438000,0,3.93950704,705.00
1621911952444000,0,7.30100000,705.11
1621911953833000,0,2.94890000,705.40
1621911953859000,0,3.20000000,705.40
1621911955400000,0,3.85110000,705.40
1621911955400000,0,6.14890000,705.40
1621911956732000,0,3.60000000,705.40
1621911956791000,0,3.18017900,705.40
1621911984205000,0,3.20000000,702.05
1621911984205000,0,0.09187500,702.79
1621911984205000,0,1.70812500,702.98
1621911987365000,1,0.10200000,700.72
1621911987721000,1,0.00090843,700.72
1621911992314000,1,0.20000000,700.00
1621911992314000,1,0.30000000,700.00
1621911992314000,1,1.00000000,700.00
1621911992314000,1,1.00000000,700.00
1621912004058000,0,2.14250000,700.84
1621912012867000,0,0.00007853,700.84
1621912012867000,0,2.14022147,701.50
1621912012975000,0,2.97870000,701.87
1621912041678000,1,2.10840000,704.52
1621912061048000,1,2.12980000,703.56
1621912061068000,1,0.00002643,703.56
1621912061104000,1,11.35100000,703.43
1621912061104000,1,1.44900000,703.41
1621912066071000,1,0.09375000,701.35
1621912066216000,1,1.36705725,701.35
1621912124618000,0,2.12580000,706.74
1621912128112000,0,0.00003477,706.74
1621912128112000,0,2.12406523,707.41
1621912128565000,0,0.00007189,707.41
1621912128565000,0,1.99992811,707.42
1621912128890000,0,2.00000000,707.41
1621912167927000,1,0.09375000,704.78
1621912167932000,1,3.10625000,704.78
1621912168594000,1,2.00000000,704.54
1621912168594000,1,1.92000000,704.53
1621912168953000,1,0.08000000,704.53
1621912169869000,1,0.09375000,704.22
1621912169963000,1,0.31200000,704.22
1621912169970000,1,10.93425000,704.22
1621912172912000,1,0.45700000,702.48
1621912173968000,1,3.26500000,702.45
1621912178652000,1,0.64932336,701.85
1621912201880000,1,2.13850000,700.67
1621912202164000,1,0.00000424,700.67
1621912209895000,1,1.06140000,700.23
1621912216835000,1,1.70000000,700.03
1621912216835000,1,2.12368894,699.82
1621912216835000,1,2.14964879,699.70
1621912217038000,1,0.64932300,699.65
1621912217038000,1,5.77687700,699.65
1621912217145000,1,6.30000000,699.12
1621912218190000,1,3.20000000,698.30
1621912218796000,1,0.03000870,697.94
1621912220154000,1,3.20000000,697.08
1621912220154000,1,1.60209887,697.03
1621912222664000,0,2.15030000,698.00
1621912222942000,0,0.00001814,698.00
1621912230772000,1,3.20000000,696.90
1621912232273000,1,3.20000000,696.53
1621912233258000,1,11.46000000,696.32
1621912239353000,0,0.08906250,697.77
1621912239353000,0,1.13133000,697.89
1621912239353000,0,0.92990750,698.00
1621912241308000,0,2.00000000,697.38
1621912241308000,0,9.46900000,697.39
1621912247685000,0,3.20000000,697.74
1621912253178000,0,0.71000000,698.84
1621912257432000,0,0.10636533,699.57
1621912264173000,0,2.11276649,700.74
1621912264285000,0,2.00000000,700.98
1621912264387000,0,2.00000000,700.97
1621912271325000,0,0.07220145,702.38
1621912292582000,1,0.09600000,703.53
1621912293063000,1,0.00056250,703.53
1621912294076000,1,3.10400000,702.82
1621912294851000,1,0.09600000,702.82
1621912295567000,1,3.57380100,702.45
1621912295567000,1,6.42619900,702.45
1621912296045000,1,11.38300000,702.16
1621912296045000,1,1.15181000,701.87
1621912296045000,1,2.12727116,701.18
1621912296045000,1,0.09562500,700.87
1621912296045000,1,6.37594794,699.81
1621912297295000,0,0.09000000,703.74
1621912297295000,0,0.09281250,703.77
1621912297295000,0,3.01718750,704.08
1621912297404000,0,0.09656250,703.73
1621912297404000,0,5.90343750,704.08
1621912297690000,0,6.88555164,704.08
1621912297690000,0,3.69124836,704.09
1621912301844000,1,3.20000000,703.20
1621912302535000,0,2.00000000,703.40
1621912302535000,0,1.20000000,703.41
1621912302538000,1,0.09750000,700.79
1621912302538000,1,0.03280002,700.66
1621912303922000,1,0.09375000,702.80
1621912304246000,0,0.09187500,703.42
1621912304306000,0,0.00187500,703.42
1621912304970000,0,0.08911875,703.73
1621912305056000,0,0.00181875,703.73
1621912315353000,0,0.03537990,704.92
1621912347540000,0,75.97101000,706.43
1621912347540000,0,2.12556626,706.65
1621912353290000,1,0.09000000,705.80
1621912353290000,1,0.31000000,705.80
1621912355634000,0,0.07200000,707.52
1621912355833000,0,0.00020145,707.52
1621912386780000,1,0.07200000,708.07
1621912403608000,0,0.24304000,706.50
1621912406197000,1,2.10608788,705.17
1621912458063000,0,2.00000000,704.73
1621912517959000,1,2.12760000,704.21
1621912523626000,1,2.11260000,703.89
1621912523631000,1,0.00008805,703.89
1621912523631000,1,1.99991195,703.81
1621912523655000,1,11.35000000,703.80
1621912540656000,1,2.15754010,700.23
1621912540656000,1,11.39795990,700.23
1621912540658000,1,0.00004010,700.23
1621912540772000,1,2.00000000,700.04
1621912549734000,1,1.29560000,699.86
1621912574486000,1,2.12819450,700.03
1621912574519000,1,2.00000000,700.01
1621912574519000,1,10.80000000,700.00
1621912581837000,0,0.09562500,700.76
1621912581837000,0,0.25437500,700.97
1621912617238000,0,0.35000000,698.85
1621912659401000,0,1.60000000,697.24
1621912662197000,0,2.15180000,697.82
1621912662227000,0,0.00008208,697.82
1621912667589000,0,1.53144661,699.07
1621912671371000,0,8.40000000,701.09
1621912671456000,0,1.60000000,701.09
1621912673574000,1,0.09000000,700.75
1621912673688000,0,0.09375000,700.71
1621912673689000,0,3.20000000,700.71
1621912673691000,0,0.09375000,700.71
1621912718941000,1,2.12919749,702.80
1621912718941000,1,0.10000000,702.80
1621912719018000,1,2.11617016,702.59
1621912719018000,1,0.10000000,702.59
1621912720711000,0,2.00000000,701.79
1621912725931000,0,0.13574952,701.79
1621912737599000,0,3.20000000,699.41
1621912737599000,0,4.64000000,699.44
1621912757865000,1,2.16400000,699.19
1621912759196000,1,0.09000000,697.91
1621912767080000,1,2.12540000,697.26
1621912770622000,0,0.09000000,698.06
1621912771547000,0,3.20000000,698.68
1621912771547000,0,2.00000000,698.71
1621912771547000,0,0.04118692,698.73
1621912795509000,0,3.20000000,698.64
1621912795509000,0,3.29348000,698.71
1621912802905000,1,5.49910000,699.14
1621912804381000,1,0.00007020,699.14
1621912821165000,0,5.78983224,702.82
1621912821540000,0,12.80000000,702.82
1621912821547000,0,12.80000000,702.82
1621912821565000,0,6.49000000,702.82
1621912827734000,0,3.20000000,704.15
1621912827734000,0,1.07063420,704.18
1621912828345000,0,0.08715580,704.18
1621912828345000,0,0.27270020,704.20
1621912828552000,0,0.63869649,704.20
1621912828617000,0,1.08860331,704.20
1621912828617000,0,1.19023718,704.21
1621912828621000,0,0.80810000,704.21
1621912828704000,0,0.00166282,704.21
1621912828880000,0,0.28591028,704.33
1621912828882000,0,1.24948626,704.33
1621912828906000,0,1.19886233,704.33
1621912828921000,0,0.36432338,704.33
1621912828924000,0,0.10141775,704.33
1621912828924000,0,0.27098816,704.46
1621912829102000,0,0.28525011,704.46
1621912829117000,0,1.30300000,704.46
1621912829120000,0,0.80976282,704.46
1621912829188000,0,1.19680809,704.46
1621912829308000,0,0.22704697,704.46
1621912829321000,0,2.13044958,704.46
1621912829343000,0,1.95434677,704.46
1621912829482000,0,1.21223482,704.46
1621912829537000,0,0.90798473,704.46
1621912829543000,0,1.05512795,704.46
1621912838465000,1,0.11536859,704.46
1621912838470000,1,0.00000001,704.46
1621912839987000,0,0.30122696,703.96
1621912840017000,0,0.75809169,703.96
1621912840078000,0,0.14068135,703.96
1621912840104000,0,0.03730000,704.03
1621912894930000,0,2.12280000,707.49
1621912894946000,0,0.00003024,707.49
1621912894946000,0,2.00000000,707.53
1621912901816000,1,0.20000000,706.92
1621912961983000,0,3.85760612,707.18
1621912961983000,0,0.11884788,707.22
1621912980455000,0,2.12682759,705.95
1621912991400000,0,2.08850749,704.82
1621912991406000,0,0.04262260,704.82
1621913021818000,0,2.09847962,704.43
1621913021854000,0,0.04282611,704.43
1621913023359000,0,2.72099003,704.40
1621913023359000,0,0.04358020,704.40
1621913038006000,1,11.36200000,703.00
1621913038151000,1,4.27030000,702.81
1621913038812000,1,11.36600000,702.66
1621913132355000,1,7.17670000,704.30
1621913132458000,1,3.60000000,704.30
1621913132616000,1,0.41946787,704.30
1621913132743000,1,0.14683213,704.30
1621913133129000,1,0.51843902,704.16
1621913133135000,1,0.52249224,704.16
1621913133232000,1,6.13582053,704.16
1621913133511000,1,1.76073261,703.98
1621913138564000,1,1.48723273,703.98
1621913138566000,1,2.48604321,703.98
1621913138569000,1,0.33264401,703.98
1621913138597000,1,0.09375000,703.98
1621913138686000,1,2.75909149,703.98
1621913138695000,1,1.27497022,703.98
1621913138696000,1,0.46980192,703.98
1621913138703000,1,1.48412127,703.98
1621913138732000,1,1.27497022,703.98
1621913138735000,1,1.68252663,703.98
1621913138745000,1,0.70029233,703.98
1621913138761000,1,1.89191880,703.54
1621913138762000,1,2.13364974,703.54
1621913138770000,1,5.87914031,703.54
1621913138944000,1,2.11329556,703.54
1621913138952000,1,1.42723278,703.54
1621913139049000,1,1.51263843,703.54
1621913139227000,1,1.30013423,703.54
1621913139323000,1,32.97530015,703.54
1621913140285000,1,0.24700000,703.38
1621913140466000,1,9.75300000,703.38
1621913143465000,0,2.13716888,704.46
1621913143467000,0,0.00000001,704.46
1621913143878000,0,2.15400000,704.67
1621913144254000,0,0.00041269,704.67
1621913145445000,1,1.40000000,705.29
1621913148609000,0,0.26218591,705.54
1621913148611000,0,0.69374648,705.54
1621913148629000,0,0.50509665,705.54
1621913148693000,0,0.65651875,705.54
1621913148696000,0,7.88245221,705.54
1621913148696000,0,3.20000000,705.58
1621913148696000,0,1.65112887,705.61
1621913148772000,0,1.65112887,705.76
1621913148940000,0,3.55331851,705.90
1621913148964000,1,0.09187500,704.56
1621913148964000,1,2.12833621,704.21
1621913148964000,1,0.22103750,704.21
1621913148964000,1,0.09093750,704.16
1621913148964000,1,2.15031389,704.06
1621913148964000,1,7.22853213,703.64
1621913148964000,1,2.12307167,703.63
1621913148964000,1,0.09187500,703.57
1621913148964000,1,2.10511351,703.43
1621913148964000,1,3.54898527,703.42
1621913148964000,1,2.16144536,703.21
1621913148964000,1,6.17595469,703.16
1621913149155000,1,0.14752996,704.49
1621913149284000,0,1.49780832,705.72
1621913149516000,0,1.49780832,705.31
1621913149535000,0,0.31214913,705.31
1621913149571000,0,0.37912838,705.31
1621913149585000,0,1.93079758,705.31
1621913149902000,1,0.09000000,704.84
1621913149902000,1,2.18553937,704.49
1621913150547000,1,0.61760608,704.49
1621913151503000,0,3.20000000,704.88
1621913151503000,0,0.09000000,705.42
1621913167625000,1,0.09468750,704.48
1621913167625000,1,2.12729616,703.90
1621913167625000,1,2.14824120,703.84
1621913167625000,1,0.62977514,703.65
1621913173769000,1,0.08999999,703.58
1621913173988000,1,0.00000001,703.58
1621913186644000,1,2.14230000,703.09
1621913212627000,1,2.13460000,701.87
1621913212722000,1,0.00001018,701.87
1621913212902000,1,7.70000000,701.22
1621913213358000,1,0.52852306,701.27
1621913213360000,1,0.10285735,701.27
1621913213370000,1,0.93423673,701.27
1621913257847000,1,0.99999999,700.15
1621913257972000,1,0.00000001,700.15
1621913279866000,0,0.31323757,699.73
1621913291574000,0,10.00000000,702.59
1621913320290000,0,6.98560000,702.41
1621913321463000,0,12.80000000,702.41
1621913322184000,1,1.35772562,701.70
1621913322236000,1,1.84227438,701.70
1621913323226000,1,2.00000000,701.47
1621913324257000,1,9.75300000,700.65
1621913325073000,0,0.09562500,701.21
1621913325141000,1,7.14980269,701.24
1621913385982000,1,11.40000000,700.47
1621913406914000,0,11.37500000,703.22
1621913412929000,0,0.09100000,703.38
1621913420224000,0,0.00087500,703.38
1621913439647000,0,1.15300000,705.61
1621913439839000,0,0.00018000,705.61
1621913440086000,0,3.20000000,705.62
1621913440396000,0,2.00000000,705.68
1621913440627000,0,0.09600000,706.00
1621913440998000,0,0.00056250,706.00
1621913446991000,0,0.10600000,705.58
1621913447057000,0,3.09400000,705.58
1621913448993000,0,8.67680000,706.34
1621913449067000,0,7.12930000,706.34
1621913449406000,0,0.00007664,706.34
1621913449437000,0,0.10000000,706.53
1621913449437000,0,0.10000000,706.63
1621913459689000,1,2.14212930,706.61
1621913459712000,1,0.00000001,706.61
1621913466705000,0,0.09468750,707.13
1621913472266000,0,0.05450000,708.60
1621913479023000,1,1.14235000,707.68
1621913486609000,1,0.53310095,707.42
1621913486799000,1,0.53308682,707.42
1621913491716000,0,0.14891065,708.45
1621913500363000,0,3.20000000,708.45
1621913501983000,1,2.13380000,707.47
1621913509940000,1,2.11830000,707.36
1621913518997000,1,2.11830000,707.34
1621913519131000,1,0.00006177,707.34
1621913524011000,0,0.09468750,708.15
1621913548416000,1,0.09281250,707.05
1621913585152000,1,11.31600000,705.78
1621913758400000,0,0.82320000,706.57
1621913764759000,0,0.66640000,706.52
1621913764973000,0,2.53360000,706.52
1621913768694000,0,0.25453360,705.84
1621913785743000,0,3.13600000,704.85
1621913792468000,0,3.20000000,705.19
1621913792468000,0,0.54309654,705.27
1621913792468000,0,2.04615546,705.28
1621913803757000,0,0.24686207,705.33
1621913803757000,0,0.94873793,705.34
1621913808322000,0,2.12829391,705.37
1621913841022000,0,1.25440000,706.54
1621913853022000,0,5.25280000,707.90
1621913853504000,0,4.54288800,707.90
1621913855223000,0,73.59479540,707.61
1621913870501000,1,2.11886235,707.36
1621913870502000,1,2.11886235,707.36
1621913870554000,1,1.20591664,707.36
1621913870588000,1,2.11880000,707.15
1621913873706000,0,2.12300000,706.94
1621913877227000,1,0.25000000,707.30
1621913888637000,1,1.18500000,704.41
1621913888645000,1,3.00762098,704.41
1621913889279000,1,1.18500000,704.41
1621913893032000,1,2.00000000,703.75
1621913933134000,1,0.52458189,703.10
1621913954887000,0,7.34200810,703.53
1621913991472000,1,0.09100000,698.88
1621913991509000,1,0.00087500,698.88
1621914009751000,1,0.09468750,699.76
1621914009751000,1,0.81932542,699.73
1621914012865000,0,10.00000000,701.72
1621914013663000,0,0.79896535,701.72
1621914014182000,0,9.20100000,701.72
1621914039861000,0,3.13600000,703.94
1621914042632000,0,2.11508389,704.46
1621914048799000,0,2.11254610,704.68
1621914073949000,1,4.33760000,702.20
1621914088392000,0,3.20000000,703.55
1621914088392000,0,7.17196258,703.58
1621914089716000,0,0.09003750,703.99
1621914095387000,0,0.09100000,704.40
1621914095870000,0,1.94013064,704.40
1621914095996000,0,9.32386936,704.40
1621914096204000,0,0.74658871,704.52
1621914096235000,0,0.96118996,704.52
1621914096259000,0,0.09375000,704.52
1621914096297000,0,0.09847133,704.52
1621914096434000,0,1.90000000,704.53
1621914096434000,0,23.79900000,704.54
1621914096645000,0,33.18132000,704.54
1621914135116000,0,7.48250000,708.45
1621914135143000,0,0.00001558,708.45
1621914210635000,1,10.00000000,704.86
1621914256501000,1,3.20000000,708.99
1621914256669000,0,6.80000000,708.95
1621914256813000,0,1.45600000,709.02
1621914256946000,0,1.45600000,708.95
1621914257125000,0,1.74400000,708.95
1621914282350000,1,0.14000000,709.82
1621914311863000,0,2.11822000,708.79
1621914325079000,1,5.50000000,708.19
1621914389568000,0,3.13600000,705.41
1621914432793000,0,0.54671469,704.65
1621914434753000,0,2.13107053,704.68
1621914434753000,0,3.20000000,704.68
1621914434753000,0,2.73703287,705.05
1621914453757000,1,2.22244752,706.81
1621914454071000,1,0.97755247,706.81
1621914454093000,1,0.00000001,706.81
1621914454581000,1,1.96000000,706.69
1621914536128000,0,2.12576746,706.45
1621914536128000,0,3.09348465,706.45
1621914545789000,1,12.80000000,705.53
1621914545802000,1,6.20000000,705.53
1621914547820000,0,0.45080000,705.73
1621914552447000,0,1.64239609,705.73
1621914552455000,0,0.03351829,705.73
1621914559740000,0,2.12470000,706.47
1621914561353000,0,11.32200000,706.99
1621914565783000,0,0.09187500,707.76
1621914565792000,0,10.00000000,707.88
1621914569031000,0,2.12000000,708.45
1621914570544000,0,0.00004800,708.45
1621914592737000,1,3.50000000,709.46
1621914607176000,0,0.06970000,710.71
1621914618880000,0,2.06551427,712.50
1621914618995000,0,0.04215335,712.50
1621914626819000,0,2.10760000,712.50
1621914632872000,0,0.00006762,712.50
1621914632872000,0,0.09000000,712.68
1621914632872000,0,0.09562500,712.83
1621914632872000,0,0.09783836,712.93
1621914632872000,0,0.12316902,712.94
1621914638838000,0,2.11050000,711.41
1621914640480000,0,0.00008191,711.41
1621914640480000,0,2.10861809,712.07
1621914640652000,0,0.00008839,712.07
1621914651895000,1,11.23200000,711.27
1621914669020000,0,0.08140000,711.74
1621914687189000,1,11.27400000,708.75
1621914687708000,1,11.28000000,708.75
1621914715639000,1,11.30000000,707.53
1621914737881000,1,0.78700000,706.13
1621914741891000,1,0.09281250,704.97
1621914751533000,0,0.20540000,705.74
1621914754930000,1,2.62799999,704.30
1621914777580000,0,0.07130000,704.64
1621914924004000,0,2.11510000,710.45
1621914970120000,0,2.10640000,713.01
1621914973663000,1,3.20000000,713.04
1621914979724000,0,7.25970000,714.52
1621915007578000,0,2.10000000,715.42
1621915019626000,1,4.00000000,714.43
1621915021250000,1,3.20000000,713.95
1621915039244000,0,2.09848000,715.60
1621915041402000,1,0.50000000,714.98
1621915075481000,0,2.09783000,715.71
1621915091468000,0,0.36276722,715.26
1621915092030000,0,0.36276722,715.26
1621915093043000,0,0.03280066,715.26
1621915096995000,0,1.88990000,714.87
1621915117915000,0,1.88950000,715.17
1621915118027000,0,0.00004803,715.17
1621915147858000,0,1.88670000,716.18
1621915151738000,0,0.00000707,716.18
1621915171595000,1,4.04344388,715.48
1621915171640000,1,0.27471676,715.48
1621915171768000,1,5.08552037,715.48
1621915171861000,1,0.39900000,715.48
1621915171865000,1,1.36131899,715.48
1621915175123000,0,1.88741000,715.83
1621915175224000,0,0.00000258,715.83
1621915185382000,0,0.21300000,716.05
1621915185382000,0,12.58700000,716.23
1621915201397000,1,0.20661217,714.38
1621915201607000,1,0.08251666,714.38
1621915201616000,1,0.80578440,714.38
1621915201640000,1,0.49881891,714.38
1621915201783000,1,0.43648025,714.38
1621915201844000,1,0.14720469,714.38
1621915201847000,1,1.02258292,714.38
1621915201847000,1,0.90967218,714.32
1621915201873000,1,0.22936500,714.32
1621915253290000,0,3.13600000,710.12
1621915264776000,1,4.50000000,708.54
1621915266184000,0,3.20000000,708.54
1621915282906000,0,3.20000000,708.29
1621915285188000,0,2.00000000,708.33
1621915301032000,0,2.12747770,707.81
1621915301032000,0,1.41285546,707.82
1621915305944000,0,0.07080667,707.82
1621915305973000,0,0.00144503,707.82
1621915353794000,0,0.09375000,715.30
1621915353794000,0,0.09187500,715.45
1621915353906000,0,0.09000000,715.66
1621915377743000,0,0.20720000,716.84
1621915474700000,0,1.25520463,718.09
1621915474700000,0,6.39688224,718.50
1621915475256000,0,1.25520000,718.09
1621915478035000,1,0.18408770,716.82
1621915505093000,0,1.04846000,716.28
1621915509786000,0,0.00000691,716.28
1621915525279000,0,0.98794000,715.83
1621915525337000,0,0.00000999,715.83
1621915525579000,0,1.04814000,716.41
1621915532698000,0,0.00000842,716.41
1621915532698000,0,8.49999158,716.75
1621915546877000,1,2.06415873,716.66
1621915586032000,0,1.04400000,719.08
1621915586042000,0,0.00004296,719.08
1621915587005000,0,1.04339000,719.54
1621915587042000,0,0.00000891,719.54
1621915589718000,0,2.10355000,720.22
1621915589929000,0,0.00000559,720.22
1621915590437000,0,2.09120000,720.54
1621915590712000,0,0.31300000,720.62
1621915601189000,1,3.20000000,718.78
1621915609541000,0,2.06010000,720.40
1621915609723000,0,2.05527000,720.56
1621915624071000,0,0.11838010,720.16
1621915634788000,0,0.05485810,720.72
1621915634788000,0,2.10851648,720.72
1621915634788000,0,3.23000904,720.85
1621915635678000,1,3.20000000,719.67
1621915671366000,0,1.04425000,718.82
1621915671710000,0,0.00000111,718.82
1621915685809000,0,0.06478488,720.13
1621915685809000,0,0.15509572,720.14
1621915685871000,0,0.00000001,720.14
1621915689761000,0,0.06490000,720.92
1621915692380000,0,0.05283000,721.77
1621915692535000,0,0.00000076,721.77
1621915692564000,0,2.05870000,721.90
1621915708886000,1,3.20000000,721.84
1621915714136000,0,0.09093750,722.43
1621915714136000,0,2.10178123,722.53
1621915714136000,0,0.09000000,722.59
1621915714136000,0,11.08100000,722.72
1621915714136000,0,0.09375000,722.79
1621915714136000,0,1.03960314,722.80
1621915714136000,0,3.84561141,722.92
1621915714136000,0,3.20000000,722.95
1621915714136000,0,5.74306609,722.97
1621915715529000,0,0.09375000,722.22
1621915726882000,0,1.03840000,723.45
1621915727303000,0,0.00005078,723.45
1621915764198000,0,1.03780000,723.41
1621915764869000,0,0.00000458,723.41
1621915833275000,1,2.60024204,724.48
1621915834846000,0,3.20000000,725.31
1621915834846000,0,0.82840745,725.34
1621915834846000,0,2.04497525,725.51
1621915834846000,0,2.00356507,725.55
1621915864249000,1,1.14500000,724.70
1621915886503000,0,0.82905000,724.39
1621915926311000,0,0.06790000,726.28
1621915937850000,1,3.54318000,724.82
1621915959589000,0,2.09641192,725.74
1621915959589000,0,7.90358808,725.75
1621915980532000,1,4.50000000,723.20
1621915980533000,1,2.29761969,723.20
1621915980533000,1,8.75838031,723.15
1621915980623000,1,2.29761969,723.15
1621915983689000,1,3.80338691,722.56
1621915992170000,0,3.20000000,723.51
1621916029750000,1,6.98920000,720.36
1621916077301000,1,0.03962307,720.94
1621916087249000,1,3.00000000,721.06
1621916101434000,0,0.83435000,720.08
1621916104691000,0,0.00000306,720.08
1621916105819000,0,2.29600000,721.23
1621916105843000,0,7.70400000,721.23
1621916108377000,0,4.23927000,722.50
1621916108596000,0,5.76073000,722.50
1621916111583000,0,3.20000000,723.78
1621916111583000,0,4.23927000,723.81
1621916111583000,0,2.56073000,723.81
1621916111766000,0,0.63927000,723.81
1621916111844000,0,2.56073000,723.81
1621916152218000,1,2.00000000,720.12
1621916152218000,1,2.08052580,720.05
1621916161288000,1,0.54602339,720.05
1621916161288000,1,2.07097661,720.04
1621916161455000,1,0.54602339,720.04
1621916164456000,1,0.23466920,718.65
1621916164475000,1,0.86722459,718.65
1621916164513000,1,0.15597030,718.65
1621916164520000,1,1.61460969,718.65
1621916164598000,1,0.36400304,718.65
1621916164633000,1,1.28456501,718.65
1621916164779000,1,0.40100000,718.65
1621916173078000,0,0.06710000,719.01
1621916198452000,1,0.10583000,716.67
1621916201227000,1,0.00000646,716.67
1621916208949000,1,0.07880875,715.60
1621916211240000,0,1.25781000,716.27
1621916220325000,1,0.07665000,716.32
1621916221594000,1,0.43000000,716.34
1621916222655000,1,1.53900000,716.34
1621916226203000,1,0.06160605,716.35
1621916226206000,1,0.00000001,716.35
1621916227577000,1,0.00000951,716.32
1621916231089000,1,0.05300000,715.26
1621916231142000,1,0.00031527,715.26
1621916274759000,0,1.05240214,713.70
1621916274759000,0,3.20000000,713.70
1621916274759000,0,3.20000000,714.05
1621916274759000,0,6.31681621,714.05
1621916290918000,1,3.20000000,712.65
1621916290918000,1,0.09281250,712.62
1621916290918000,1,2.00000000,712.55
1621916290918000,1,11.21300000,712.54
1621916290976000,0,2.00000000,712.51
1621916291015000,0,0.09375000,712.51
1621916291016000,0,12.50000000,712.51
1621916291050000,0,8.90043750,712.51
1621916295228000,0,1.05240000,713.70
1621916295259000,0,0.00000214,713.70
1621916295328000,0,11.21100000,713.84
1621916319210000,1,3.20000000,712.59
1621916343120000,0,4.98440000,711.64
1621916343188000,0,2.00000000,711.63
1621916343188000,0,0.12580000,711.64
1621916394673000,0,0.09656250,712.08
1621916394673000,0,3.86531084,712.21
1621916394673000,0,1.53861080,712.22
1621916404103000,0,0.84469428,711.30
1621916429922000,1,0.44992130,707.21
1621916441202000,1,0.09000000,705.24
1621916441202000,1,1.10000000,705.18
1621916445088000,1,3.20000000,705.27
1621916445468000,1,3.20000000,705.10
1621916445624000,1,0.07000000,704.37
1621916448393000,1,0.09750000,703.65
1621916448393000,1,1.35000000,703.53
1621916453834000,1,0.07000000,703.04
1621916454552000,1,11.36400000,703.03
1621916485671000,0,0.85387000,703.57
1621916486219000,0,0.00000492,703.57
1621916486219000,0,6.90329508,703.90
1621916500198000,0,0.85441000,703.16
1621916517312000,0,0.00000073,703.16
1621916517312000,0,3.20000000,703.67
1621916517312000,0,5.11020000,703.67
1621916517312000,0,1.68980000,703.67
1621916517393000,0,0.05300000,703.74
1621916517440000,0,0.80078712,703.74
1621916517440000,0,1.34721288,704.05
1621916517488000,0,1.11090000,704.10
1621916558389000,1,1.00000000,700.00
1621916585284000,1,2.00000000,699.04
1621916594801000,0,0.09187500,702.61
1621916594801000,0,3.81679257,702.68
1621916594817000,0,0.12100000,702.68
1621916605597000,1,1.00000000,700.00
1621916642029000,1,0.09375000,695.29
1621916642029000,1,0.09000000,695.11
1621916642029000,1,1.81625000,694.95
1621916647425000,0,0.54454281,698.88
1621916647637000,0,2.00010000,698.88
1621916647793000,0,1.00000000,698.88
1621916648393000,0,2.75789124,698.88
1621916648740000,0,3.69746595,698.88
1621916672696000,0,0.09187500,701.30
1621916672696000,0,0.09468750,701.57
1621916672696000,0,0.81132161,701.68
1621916679944000,1,2.00000000,699.00
1621916679944000,1,11.42300000,698.99
1621916680074000,1,2.00000000,698.99
1621916681285000,1,11.43100000,698.56
1621916702995000,1,0.09375000,697.18
1621916702995000,1,0.09468750,697.06
1621916702995000,1,0.09187500,697.05
1621916702995000,1,0.17903644,696.84
1621916712979000,0,2.54464200,700.77
1621916712979000,0,3.01775800,700.77
1621916713080000,0,4.43759000,700.77
1621916751612000,0,0.62953062,701.30
1621916823819000,0,1.17500000,701.07
1621916834364000,1,1.00000000,699.26
1621916872385000,0,0.64461000,699.15
1621916895480000,1,2.15067352,696.38
1621916910868000,0,1.70000000,698.39
1621916943135000,1,0.23683308,698.01
1621917170807000,0,0.13710000,704.49
1621917229230000,1,0.13395506,706.61
1621917297458000,0,3.20000000,706.50
1621917305723000,0,0.10000000,708.61
1621917306912000,0,0.00046630,708.61
1621917307023000,1,0.09328370,708.64
1621917307023000,1,0.06866529,708.37
1621917317467000,0,10.00000000,710.00
1621917317765000,0,0.06459972,709.96
1621917386640000,1,1.35300000,710.82
1621917503646000,1,11.23200000,711.09
1621917521103000,1,3.19570000,711.33
1621917525072000,1,0.00005674,711.33
1621917540018000,0,0.04506000,710.52
1621917540129000,0,0.00000637,710.52
1621917543565000,0,0.04793320,710.91
1621917546546000,0,0.03523090,710.90
1621917562002000,0,0.15595350,711.87
1621917562147000,0,0.61802960,711.87
1621917587140000,1,2.10548000,711.64
1621917725531000,0,4.27792721,717.25
1621917730021000,1,3.51567000,715.89
1621917730250000,1,0.54352000,715.90
1621917730265000,1,2.09280000,715.90
1621917764478000,0,0.56902510,717.05
1621917764576000,0,1.11032351,717.06
1621917764633000,0,1.38078964,717.06
1621917803333000,1,2.09000000,716.92
1621917803423000,0,3.20000000,716.94
1621917831130000,0,0.30000000,716.55
1621917838247000,1,3.00000000,715.02
1621917856277000,1,4.10134000,715.54
1621917862456000,1,5.00000000,715.02
1621917862530000,1,10.00000000,715.00
1621917863117000,1,2.87500000,715.00
1621917863219000,1,2.12500000,715.00
1621917865692000,0,0.08496283,715.32
1621917915325000,1,2.00000000,716.98
1621917918331000,1,3.20000000,715.71
1621917925334000,1,3.20000000,715.05
1621917930981000,1,3.20000000,713.95
1621917965778000,0,0.09656250,712.90
1621917965778000,0,0.11163750,713.01
1621917968772000,1,0.32057000,710.51
1621917989720000,0,0.10728000,713.35
1621917990134000,0,0.00000467,713.35
1621917990538000,0,0.08000000,713.34
1621917990583000,0,0.00046351,713.34
1621918025439000,0,0.03114044,714.01
1621918025451000,0,0.00063552,714.01
1621918092950000,0,1.16400000,717.77
1621918093636000,0,4.62331151,718.20
1621918093638000,0,6.52168849,718.20
1621918094494000,0,1.52145376,718.76
1621918099897000,0,1.99781869,720.14
1621918123864000,0,2.00000000,720.39
1621918126071000,0,0.09093750,720.39
1621918126071000,0,0.09093750,720.54
1621918126071000,0,0.09187500,720.71
1621918126071000,0,0.72625000,720.72
1621918188327000,1,2.07793000,721.14
1621918297663000,1,4.62792000,719.90
1621918310486000,0,0.05135557,719.99
1621918350487000,1,11.10000000,719.75
1621918351200000,0,0.06700000,720.18
1621918357870000,0,0.10000000,719.68
1621918378034000,0,0.03877345,719.06
1621918412042000,1,1.00000000,720.37
1621918445391000,0,0.05370000,719.96
1621918506953000,1,1.00000000,720.61
1621918534557000,0,0.06880000,719.80
1621918549843000,0,2.08702000,719.26
1621918566964000,1,2.11540000,717.81
1621918572630000,0,0.63588382,718.31
1621918583737000,0,2.08440000,720.41
1621918597528000,1,8.58702000,719.39
1621918597663000,1,2.57380000,719.21
1621918598011000,1,0.08000000,719.09
1621918601411000,0,0.49708487,719.92
1621918611754000,1,3.20000000,717.63
1621918660883000,0,3.20000000,717.68
1621918660883000,0,2.09168062,717.71
1621918660883000,0,3.20000000,717.86
1621918660883000,0,11.14500000,718.02
1621918660883000,0,1.32445803,718.21
1621918673596000,1,0.68100000,716.68
1621918673714000,1,11.15300000,716.54
1621918781062000,0,3.20000000,717.80
1621918832555000,1,3.19999999,718.20
1621918832607000,1,0.00000001,718.20
1621918854440000,0,3.20000000,715.48
1621918878257000,0,2.74311000,714.94
1621918878347000,0,0.45689000,714.94
1621918983100000,1,0.13869000,713.18
1621918983634000,1,0.00000061,713.18
1621918983945000,1,0.07151000,713.19
1621918984125000,1,0.00000811,713.19
1621918984673000,1,0.05364000,713.20
1621918984828000,1,0.00000061,713.20
1621918988062000,1,0.05504774,711.84
1621918988884000,0,0.35940209,712.36
1621918990143000,1,0.35940000,711.03
1621918992333000,0,0.29363306,712.02
1621918993268000,0,0.21000000,712.09
1621918998570000,0,0.26225580,712.29
1621919004811000,0,0.19111245,712.34
1621919006652000,0,0.24626939,712.25
1621919011877000,1,1.00000000,711.07
1621919019597000,1,0.18945030,711.04
1621919019597000,1,0.00000209,711.03
1621919024781000,0,0.12617651,711.80
1621919035381000,1,0.06698197,710.58
1621919035381000,1,2.04201803,710.26
1621919050561000,0,2.00000000,710.91
1621919054747000,1,1.00000000,709.88
1621919062641000,0,0.05420200,710.62
1621919078668000,1,3.18641032,709.79
1621919093338000,0,1.69570000,708.39
1621919093598000,0,0.00003030,708.39
1621919093598000,0,1.99996970,708.74
1621919130776000,1,2.14975774,706.46
1621919130976000,1,0.61400000,706.46
1621919185924000,0,1.48810000,706.31
1621919241034000,0,1.70330000,705.12
1621919276808000,1,5.44276000,705.76
1621919281144000,0,2.00000000,705.93
1621919328023000,0,0.11620000,706.30
1621919374691000,1,2.12586000,705.03
1621919436944000,0,0.32124000,710.31
1621919437521000,0,0.24093000,710.30
1621919437882000,0,0.00000050,710.30
1621919438187000,0,0.18069000,710.29
1621919438468000,0,0.00000800,710.29
1621919440540000,1,0.30744181,710.06
1621919440636000,0,0.13281548,710.28
1621919443829000,0,0.00000050,710.31
1621919448692000,1,12.80000000,710.07
1621919448923000,1,0.93145608,710.07
1621919448994000,1,0.51642924,710.07
1621919490980000,0,1.68980000,710.88
1621919557004000,0,1.47630000,711.53
1621919558273000,0,0.13572000,712.18
1621919558992000,0,0.00000986,712.18
1621919561119000,1,0.33482683,712.55
1621919569719000,1,0.22159230,712.47
1621919576357000,0,0.25112000,713.53
1621919576661000,0,0.00000013,713.53
1621919577844000,0,0.16436385,713.52
1621919578455000,1,0.12662725,712.96
1621919579039000,0,6.28160000,713.98
1621919579062000,0,7.10160000,713.98
1621919579096000,0,5.69842522,713.98
1621919579465000,1,0.12662725,714.01
1621919586037000,1,3.20000000,713.89
1621919596815000,1,7.50000000,713.03
1621919613668000,1,3.05172000,711.80
1621919613680000,1,0.05000000,711.80
1621919613700000,1,3.28360000,711.80
1621919613756000,1,3.00000000,711.80
1621919613780000,1,2.19630522,711.80
1621919616315000,0,1.47752000,711.14
1621919616404000,0,0.00000644,711.14
1621919628476000,0,0.93394000,713.09
1621919631448000,0,0.05081000,713.08
1621919631801000,0,0.00000363,713.08
1621919631842000,0,0.00000102,713.09
1621919662552000,0,0.03734802,713.09
1621919663370000,1,4.00000000,713.44
1621919684735000,1,2.74227000,711.43
1621919694900000,0,0.06665965,712.27
1621919707033000,0,2.10803000,712.10
1621919708940000,0,0.07330000,712.89
1621919711516000,0,2.10556000,712.91
1621919732973000,0,3.20000000,714.03
1621919732973000,0,2.00000000,714.05
1621919737326000,0,2.10200000,714.02
1621919737506000,0,0.00000530,714.02
1621919772405000,0,2.09530000,716.44
1621919772405000,0,0.00002973,716.44
1621919807225000,0,0.05390000,716.41
1621919870462000,0,3.20000000,713.97
1621919872974000,1,2.10110000,713.60
1621919878710000,1,0.00003094,713.60
1621919878710000,1,2.10113094,713.60
1621919880238000,0,1.00000000,713.60
1621919952890000,0,2.05495091,715.98
1621920023206000,1,7.04340000,717.32
1621920025264000,0,3.20000000,718.19
1621920098967000,0,2.48485269,720.26
1621920134843000,1,3.20000000,718.28
1621920134843000,1,2.61325953,718.25
1621920177332000,0,2.60779000,719.54
1621920189102000,0,2.00000000,718.11
1621920270231000,0,0.09440000,716.16
1621920289638000,0,2.50000000,717.77
1621920394677000,0,0.04800000,721.69
1621920394677000,0,2.03220000,721.70
1621920465240000,0,2.03924351,721.38
1621920468368000,0,13.00000000,721.91
1621920475239000,1,0.09800000,721.74
1621920483683000,0,2.00000000,722.60
1621920491998000,1,0.00200000,721.74
1621920495859000,1,12.80000000,720.57
1621920495977000,1,2.70000000,720.58
1621920496053000,0,0.09375000,721.16
1621920496053000,0,0.09000000,721.32
1621920496053000,0,0.81625000,721.47
1621920496868000,1,3.22276266,719.12
1621920496971000,1,0.75447468,719.11
1621920550780000,0,1.48960000,719.53
1621920551172000,0,0.33320000,719.53
1621920551640000,0,0.25808857,719.53
1621920562582000,0,2.08702000,719.20
1621920564438000,0,0.00000694,719.20
1621920573124000,0,2.08480000,719.93
1621920573132000,0,0.00008903,719.93
1621920573217000,0,12.80000000,720.11
1621920589552000,1,2.02790000,719.53
1621920589650000,1,7.54933000,719.53
1621920657255000,1,3.20000000,714.59
1621920657323000,1,2.00000000,714.44
1621920657780000,0,3.20000000,714.41
1621920658339000,1,10.00000000,713.75
1621920666826000,0,0.22440544,714.13
1621920670597000,1,0.13260752,713.45
1621920674191000,0,2.00000000,713.83
1621920682668000,1,0.10042000,713.29
1621920682872000,1,0.00000138,713.29
1621920706383000,0,0.11213398,713.55
1621920707389000,0,1.11720000,713.55
1621920744912000,0,1.47300000,713.46
1621920745334000,0,0.00009206,713.46
1621920760056000,1,0.08003977,712.54
1621920760926000,1,0.07037430,712.58
1621920774414000,1,0.05686199,711.78
1621920775462000,0,0.07450000,712.69
1621920781381000,1,0.05130780,711.35
1621920785501000,1,0.04996000,710.32
1621920785617000,1,0.00000627,710.32
1621920786118000,1,0.13545400,710.02
1621920786395000,1,0.00000001,710.02
1621920788106000,0,0.04996627,710.31
1621920788225000,0,1.26850000,710.30
1621920788232000,0,0.83356954,710.30
1621920788232000,0,0.43495046,710.31
1621920788431000,0,0.78361160,710.31
1621920788564000,1,0.78361000,710.31
1621920792551000,0,0.48491000,710.31
1621920794722000,0,1.26765358,710.93
1621920794722000,0,2.11262553,711.34
1621920794722000,0,2.00000000,711.45
1621920794722000,0,4.70474132,711.46
1621920805632000,0,0.10050000,711.54
1621920834656000,0,4.03811197,710.64
1621920834656000,0,1.26770172,710.66
1621920834656000,0,4.69418631,710.69
1621920854208000,0,11.25000000,710.96
1621920898389000,0,1.05741000,709.97
1621920908201000,0,2.54606000,710.16
1621920908313000,0,4.00000000,710.16
1621920914759000,0,3.20000000,710.38
1621920914759000,0,1.05656931,710.41
1621920914759000,0,7.80988780,710.46
1621920935792000,1,2.98092000,708.03
1621920935934000,1,0.21908000,708.03
1621920936050000,1,12.78958596,707.83
1621920936216000,1,4.01621637,707.80
1621920936216000,1,4.94270502,707.80
1621920936923000,1,1.54926206,707.89
1621920937150000,1,1.35000000,707.99
1621920937220000,1,0.06565495,707.99
1621920937427000,1,1.28400734,707.56
1621920998627000,0,0.43800000,705.79
1621921012034000,1,1.50000000,707.68
1621921020043000,1,1.50000000,706.19
1621921020521000,1,0.11000000,705.95
1621921034576000,0,2.13000000,707.30
1621921034697000,0,0.00007209,707.30
1621921038423000,1,3.20000000,706.93
1621921095182000,0,1.06340000,705.86
1621921097390000,0,11.32100000,706.74
1621921129897000,0,0.36044410,709.45
1621921159631000,1,3.20000000,710.40
1621921180624000,1,11.65289000,708.92
1621921183434000,0,0.09375000,709.22
1621921183434000,0,0.00835000,709.57
1621921184658000,0,1.05925000,708.93
1621921187192000,0,0.00000269,708.93
1621921256107000,0,0.84889000,707.55
1621921259027000,0,0.00000682,707.55
1621921270314000,0,6.86529000,710.43
1621921270519000,0,0.63415000,710.60
1621921290422000,0,6.62291000,714.10
1621921290538000,0,3.37709000,714.10
1621921298961000,1,3.13600000,713.75
1621921307039000,1,0.06400000,713.75
1621921307039000,1,0.15306020,713.75
1621921307045000,1,0.00442980,713.75
1621921331666000,1,1.50000000,715.21
1621921341645000,1,0.06270000,714.44
1621921349303000,1,3.20000000,714.23
1621921354683000,0,3.52192645,715.25
1621921444520000,1,11.20400000,713.10
1621921445771000,1,6.85323000,712.48
1621921460490000,0,0.06940000,713.36
1621921468920000,0,0.84227000,713.09
1621921470673000,0,3.20000000,713.86
1621921518603000,0,0.82280728,715.49
1621921583649000,0,2.00000000,718.38
1621921583649000,0,1.03170000,718.39
1621921586802000,0,0.83705703,717.46
1621921586802000,0,1.16294297,718.01
1621921631980000,0,0.83538000,718.97
1621921659243000,1,0.23442000,717.83
1621921664234000,0,2.00000000,718.40
1621921664234000,0,3.20000000,718.43
1621921664234000,0,0.12759224,718.50
1621921664239000,0,0.49923401,718.50
1621921664239000,0,4.82835823,718.57
1621921664240000,0,5.32817806,718.57
1621921712755000,0,0.06770000,713.50
1621921742581000,0,0.63172000,712.98
1621921742999000,0,0.00000622,712.98
1621921743450000,0,0.51923393,713.42
1621921743564000,0,3.20000000,713.42
1621921754759000,0,0.28400000,714.10
1621921754759000,0,3.28006392,714.18
1621921781244000,1,0.23329439,715.51
1621921784194000,0,1.24300000,717.49
1621921784416000,0,3.20000000,717.24
1621921784487000,0,0.96700000,717.24
1621921784617000,0,0.00048458,717.24
1621921787491000,0,14.21010000,719.27
1621921787548000,1,0.09093750,718.11
1621921787623000,0,1.33176076,718.09
1621921787710000,0,0.00006490,719.27
1621921790641000,1,0.17497080,718.34
1621921799604000,0,0.08748000,719.14
1621921800523000,0,0.00000540,719.14
1621921804944000,1,3.20000000,719.29
1621921807324000,0,0.05467837,720.51
1621921811461000,1,3.20000000,722.04
1621921811643000,0,0.07516008,723.18
1621921817807000,1,3.20000000,721.71
1621921818659000,1,0.05126098,721.25
1621921823062000,0,0.04357183,722.63
1621921823062000,0,0.60000000,722.72
1621921840932000,1,11.07300000,721.20
1621921841138000,1,0.04989549,720.45
1621921850228000,0,0.03333368,721.34
1621921850262000,0,0.00068028,721.34
1621921855800000,1,0.03700000,720.69
1621921866507000,1,12.80000000,721.31
1621921866511000,1,26.50000000,721.31
1621921866557000,1,5.31113074,721.31
1621921866595000,1,2.50000000,721.31
1621921866673000,1,2.50000000,721.31
1621921866763000,1,0.38886926,721.31
1621921867819000,0,0.44395357,721.27
1621921867994000,0,13.15040000,721.49
1621921869644000,0,0.06700000,721.70
1621921876207000,0,0.83276000,721.25
1621921878170000,0,0.00000641,721.25
1621921878170000,0,0.83276641,721.25
1621921878440000,1,0.83266669,721.51
1621921878639000,1,12.80000000,721.51
1621921878713000,1,2.24169000,721.51
1621921878792000,1,1.50000000,721.51
1621921878811000,1,12.80000000,721.51
1621921878895000,1,4.00000000,721.51
1621921878956000,1,9.50000000,721.51
1621921878958000,1,5.49287049,721.51
1621921887865000,0,3.20000000,720.61
1621921887865000,0,3.20000000,721.14
1621921887865000,0,1.13724000,721.14
1621921887865000,0,20.15672000,721.17
1621921887865000,0,2.08779932,721.19
1621921887866000,1,4.10363244,721.25
1621921887868000,1,6.75023261,721.25
1621921887951000,1,9.36437563,721.25
1621921892812000,1,2.07056233,718.51
1621921903005000,1,0.79044227,717.27
1621921903005000,1,2.40955773,717.27
1621921908708000,0,1.50000000,717.02
1621921910186000,0,0.62815000,717.79
1621921917228000,1,0.14405020,716.80
1621921924217000,1,0.00293980,716.80
1621921936929000,0,0.63000000,714.71
1621921937076000,0,0.00032008,714.71
1621921937149000,0,5.10590000,714.99
1621921937257000,0,2.00000000,714.99
1621921939235000,0,1.05013000,715.36
1621921954902000,0,0.63059021,714.53
1621921954902000,0,5.78426627,715.25
1621921954902000,0,7.33726803,715.26
1621921954902000,0,9.43699584,715.28
1621921954975000,1,9.50000000,715.33
1621921954990000,1,3.15100000,715.33
1621921955000000,1,3.20000000,715.33
1621921955089000,1,3.06580000,715.33
1621921955098000,1,7.89407965,715.33
1621921955556000,0,0.63035000,714.72
1621921957153000,0,0.00000043,714.72
1621921957153000,0,0.83782957,715.19
1621921959024000,0,0.04529000,715.18
1621921959322000,0,0.00000292,715.18
1621921959322000,0,0.62981708,715.24
1621921963730000,0,0.00000834,715.24
1621921963730000,0,0.62981166,715.24
1621921965331000,0,0.00001376,715.24
1621921965331000,0,0.62981624,715.24
1621921965413000,0,0.00000918,715.24
1621921965413000,0,0.00000461,715.36
1621921965413000,0,1.05011621,715.36
1621921971265000,0,0.62982000,715.24
1621921971638000,0,0.00000542,715.24
1621921971638000,0,0.00001840,715.36
1621921971638000,0,1.05011618,715.36
1621921971725000,0,0.00001843,715.36
1621921974347000,0,0.05222358,716.55
1621921975039000,0,2.00000000,716.83
1621921975312000,0,0.89410000,716.83
1621921975867000,0,0.62852000,716.95
1621921977209000,0,0.00000103,716.95
1621921977434000,0,0.03916000,717.55
1621921977666000,0,0.00000768,717.55
1621921978335000,0,0.00000355,717.79
1621921979150000,0,3.20000000,718.56
1621921984595000,0,7.10590000,719.21
1621921984595000,0,2.89410000,719.21
1621921985423000,0,0.41740000,720.09
1621921985920000,0,0.00000726,720.09
1621921985920000,0,0.69657274,720.31
1621921993931000,0,7.57108000,719.79
1621921994093000,0,2.42892000,719.79
1621921995901000,0,1.35000000,721.20
1621921997258000,0,0.41643728,722.06
1621921997258000,0,0.59070964,722.33
1621922001193000,0,0.07823450,722.03
1621922013936000,0,0.41651000,721.36
1621922021169000,0,0.41687000,720.60
1621922021878000,0,0.00000639,720.60
1621922021878000,0,4.22802690,721.31
1621922021878000,0,0.00000653,721.36
1621922021878000,0,0.66447844,721.64
1621922021878000,0,4.06122439,722.08
1621922021878000,0,0.69430154,722.09
1621922021878000,0,3.83142032,722.15
1621922021878000,0,1.35000000,722.18
1621922021878000,0,2.10140910,722.53
1621922021878000,0,22.30162871,722.66
1621922021878000,0,47.19941000,722.67
1621922021878000,0,13.72000000,722.83
1621922021878000,0,4.13000000,722.83
1621922021878000,0,22.30160893,722.84
1621922021878000,0,20.00000000,723.43
1621922021878000,0,22.50416000,723.46
1621922021878000,0,0.09375000,724.40
1621922021878000,0,0.09281250,724.57
1621922021878000,0,75.99876921,724.58
1621922021878000,0,0.09562500,724.79
1621922021888000,1,11.10100000,725.00
1621922021954000,1,3.20000000,725.00
1621922021957000,1,33.83338000,725.00
1621922021986000,1,2.07760415,725.00
1621922022026000,1,2.00000000,725.00
1621922022028000,1,5.00000000,725.00
1621922022035000,1,22.81728245,725.00
1621922022039000,1,25.69900000,725.00
1621922022043000,1,1.13724000,725.00
1621922022044000,1,0.82437914,725.00
1621922022067000,1,41.53780000,725.00
1621922022089000,1,10.50000000,725.01
1621922022162000,1,6.50000000,725.00
1621922022180000,1,1.94930207,725.00
1621922022205000,1,19.14755993,725.00
1621922022208000,1,1.13724000,725.00
1621922022268000,1,28.60000000,725.00
1621922022286000,1,20.00000000,725.00
1621922022366000,1,1.04668855,725.00
1621922022391000,1,1.13724000,725.00
1621922022392000,1,25.69900000,725.00
1621922022446000,1,0.11659500,725.00
1621922022531000,1,8.58162522,725.01
1621922022531000,1,9.51404478,725.00
1621922022537000,1,2.41349907,725.00
1621922022537000,1,0.19893484,725.00
1621922022557000,1,34.73146000,725.00
1621922022604000,1,20.00000000,725.00
1621922022673000,1,7.97330194,725.00
1621922022680000,1,126.56452957,725.00
1621922022705000,1,25.69900000,725.00
1621922022727000,1,0.22936500,725.00
1621922022769000,1,9.15837000,725.00
1621922022771000,1,1.54046600,725.00
1621922022771000,1,0.28564333,725.00
1621922022906000,1,1.54045626,725.00
1621922022920000,1,0.16839626,725.00
1621922022986000,1,12.42291098,725.00
1621922022995000,1,0.06388516,725.00
1621922023020000,1,25.69900000,725.00
1621922023024000,1,0.69412972,725.00
1621922023032000,1,0.69412972,725.00
1621922023034000,1,5.00000000,725.00
1621922023034000,1,0.41647783,725.00
1621922023086000,1,0.64531000,725.00
1621922023095000,1,1.13178200,725.00
1621922023095000,1,0.69431722,725.00
1621922023102000,1,5.00000000,725.00
1621922023189000,1,0.64531000,725.00
1621922023191000,1,0.22936500,725.00
1621922023193000,1,0.06387011,725.00
1621922023255000,1,1.06966677,725.00
1621922023259000,1,0.34725500,725.00
1621922023334000,1,25.69900000,725.00
1621922023373000,1,1.80000000,725.00
1621922023388000,1,0.56581477,725.00
1621922023530000,1,0.08227083,725.00
1621922023552000,1,25.94795000,725.00
1621922023554000,1,1.34830748,725.00
1621922023642000,1,25.69900000,725.00
1621922023646000,1,1.94410000,725.00
1621922023749000,1,0.34706300,725.00
1621922023849000,1,0.34679999,725.00
1621922023851000,1,0.56609200,725.00
1621922023863000,1,3.57573100,725.00
1621922023964000,1,25.69900000,725.00
1621922024016000,1,0.34707400,725.00
1621922024033000,1,0.69446478,725.00
1621922024112000,1,0.67215140,725.00
1621922024145000,1,0.56609200,725.00
1621922024230000,1,4.69683557,725.00
1621922024231000,1,0.42426900,725.00
1621922024255000,1,1.13195300,725.00
1621922024284000,1,0.34707400,725.00
1621922024323000,1,0.69412972,725.00
1621922024325000,1,0.69351411,725.00
1621922024327000,1,0.41610847,725.00
1621922024423000,1,4.15049300,725.00
1621922024496000,1,2.10252828,725.00
1621922024656000,1,2.05122632,725.00
1621922024715000,1,13.51728327,725.00
1621922024733000,1,1.88295800,725.00
1621922024733000,1,0.97480002,725.00
1621922024738000,1,2.05378900,725.00
1621922024747000,1,2.07476842,725.00
1621922024774000,1,3.57573100,725.00
1621922024831000,1,4.69683557,725.00
1621922024863000,1,3.67068400,725.00
1621922024995000,1,0.69475322,725.00
1621922025065000,1,2.64000000,725.00
1621922025167000,1,2.09441793,725.00
1621922025243000,1,0.21700000,725.00
1621922025328000,1,2.08586469,725.00
1621922025514000,1,2.05241012,725.00
1621922025685000,1,4.69683557,725.00
1621922025739000,1,2.63998618,725.00
1621922025897000,1,0.61118389,725.00
1621922025899000,1,1.10998618,725.00
1621922025941000,1,0.12936100,725.00
1621922026008000,1,1.10998600,725.00
1621922026018000,1,0.41610847,725.00
1621922026026000,1,0.20811251,725.00
1621922026026000,1,0.34685419,725.00
1621922026098000,1,4.69683557,725.00
1621922026279000,1,0.61118389,725.00
