timestamp ms,type,amount,price
1624665622602000,1,0.04670440,448.9700
1624665642310000,1,1.60542088,449.2900
1624665642412000,1,0.15583766,449.2900
1624665736707000,0,2.65442768,449.1000
1624665736708000,0,0.00000001,449.1000
1624665751858000,0,2.65430000,449.1500
1624665795919000,1,3.82929455,447.5500
1624665795919000,1,8.08070545,447.5500
1624665800909000,0,0.36396145,447.8400
1624665889681000,0,2.32000000,446.3300
1624665893797000,0,8.94400000,446.8700
1624665905831000,0,0.09750000,447.8900
1624665936134000,1,3.34000000,447.4800
1624665951926000,1,0.32992019,447.1900
1624665952305000,1,0.09375000,446.9900
1624665986407000,0,1.00530000,448.6800
1624665986484000,0,1.05180000,448.6800
1624665989083000,0,0.49280000,448.8700
1624665996192000,0,8.90700000,449.1300
1624666019576000,1,14.50000000,451.6600
1624666078844000,1,0.09400000,452.7500
1624666079270000,1,0.00068750,452.7500
1624666079887000,1,2.82870000,452.5900
1624666079956000,1,11.17130000,452.5900
1624666081323000,0,0.09000000,453.0800
1624666081323000,0,0.09375000,453.0900
1624666081323000,0,0.09281250,453.1700
1624666081371000,0,2.32000000,453.1200
1624666081479000,0,0.09000000,453.2900
1624666140058000,1,1.05600000,453.3700
1624666140248000,1,2.24975441,453.3700
1624666165718000,0,2.32000000,451.9500
1624666166630000,0,2.32170000,452.1700
1624666219913000,1,2.32000000,449.7000
1624666239444000,1,0.90037687,448.3600
1624666272742000,1,11.10000000,447.8500
1624666287520000,0,2.00000000,448.6800
1624666332536000,0,11.06100000,447.9900
1624666384787000,0,4.69820000,448.3800
1624666384850000,0,10.88500000,448.3700
1624666395067000,0,0.09562000,449.2200
1624666395458000,0,0.00000500,449.2200
1624666413969000,1,3.33715201,449.0500
1624666448005000,0,3.99640000,451.8900
1624666454206000,0,8.25330000,452.6800
1624666463714000,1,11.90000000,452.4100
1624666493085000,1,3.31000000,451.7500
1624666496534000,1,0.09656250,451.7800
1624666496534000,1,2.31343750,451.5600
1624666547550000,1,14.72382000,452.0300
1624666585790000,0,10.97140000,453.6800
1624666597883000,1,3.29000000,454.0500
1624666599484000,0,0.08500000,454.4300
1624666642222000,1,2.32000000,454.4800
1624666703092000,1,9.30000000,455.8600
1624666754058000,1,13.50000000,456.0900
1624666818239000,1,3.28000000,456.3100
1624666831275000,0,0.21245000,456.5200
1624666853354000,0,0.12670000,457.4400
1624666863378000,0,9.25900000,457.8400
1624666885719000,1,12.60000000,457.7100
1624666911101000,0,0.87630898,456.6900
1624666911165000,0,0.96618300,456.6900
1624666942590000,1,0.47000000,456.4400
1624666943035000,1,10.33000000,456.4400
1624666943695000,1,2.57930000,456.3700
1624666978461000,1,11.60000000,455.6100
1624666978561000,1,4.30000000,455.6100
1624667004191000,0,0.11670000,455.3800
1624667012853000,1,4.05000000,454.8500
1624667044012000,0,5.44700000,455.9600
1624667079936000,1,10.00000000,454.9100
1624667082202000,1,9.41845000,454.6600
1624667082265000,1,5.38155000,454.6600
1624667199550000,1,21.85640000,455.3800
1624667199550000,1,9.99360000,455.3600
1624667218236000,0,0.54085600,455.2300
1624667298668000,0,2.87600000,455.4800
1624667307255000,0,10.82000000,455.6600
1624667374686000,1,3.28600000,456.1600
1624667434610000,0,0.16005000,456.6800
1624667474208000,0,1.74366575,458.6900
1624667474330000,0,0.57633425,458.6900
1624667490324000,1,6.07005000,460.9400
1624667492592000,0,2.32000000,461.2000
1624667502707000,1,10.00000000,462.0300
1624667506867000,1,0.83919368,461.7500
1624667507385000,1,0.83916824,461.7000
1624667522885000,1,2.32000000,461.4600
1624667532855000,1,2.32000000,460.5800
1624667536460000,0,8.67000000,461.3600
1624667581773000,1,3.00000000,459.7100
1624667649548000,1,3.26000000,458.5500
1624667649618000,1,0.00724672,458.5500
1624667713446000,1,13.45850000,458.8700
1624667764299000,1,5.00000000,459.0200
1624667764356000,1,6.80000000,459.0200
1624667790623000,0,2.32000000,458.6500
1624667794910000,0,3.76910000,459.2900
1624667884238000,0,2.32000000,457.2200
1624667975871000,1,1.66000000,458.7300
1624667995074000,0,5.00000000,457.2800
1624668003559000,0,2.32000000,457.3800
1624668014595000,0,8.72500000,458.3200
1624668023126000,1,2.32000000,458.1700
1624668050063000,1,0.84331000,458.6800
1624668079360000,0,2.20139000,458.3500
1624668113835000,0,3.27100000,458.8800
1624668140363000,0,2.32000000,458.2600
1624668161543000,0,7.50000000,458.4200
1624668161623000,0,4.68000000,458.4200
1624668165014000,1,1.01883357,458.2700
1624668176658000,0,3.27323000,458.3900
1624668176712000,0,1.00577000,458.3900
1624668246556000,0,8.71600000,459.0100
1624668258490000,1,0.33186889,458.6000
1624668314434000,0,0.26094000,459.3000
1624668383553000,0,3.26536000,459.5500
1624668401742000,1,0.90913000,459.0200
1624668407085000,0,0.00000247,459.5500
1624668426193000,1,2.32000000,459.9600
1624668847305000,1,0.09656250,458.3400
1624668907261000,1,0.15200000,459.1500
1624668973279000,0,3.27448000,458.3500
1624668979627000,0,0.00000947,458.3500
1624668979627000,0,0.34899053,458.4300
1624669058707000,0,0.00021947,458.4300
1624669058707000,0,7.00199053,458.4300
1624669082955000,0,0.00000947,458.4300
1624669082955000,0,4.47599053,458.4300
1624669146858000,0,0.21080000,458.2400
1624669188324000,0,0.00000947,458.4300
1624669250981000,1,0.17000000,459.3000
1624669260582000,1,0.00800000,459.3000
1624669260582000,1,0.18200000,459.1800
1624669260960000,1,0.00600000,459.1800
1624669261465000,1,3.82000000,458.9200
1624669308636000,1,7.98000000,457.4500
1624669331612000,1,11.50000000,457.5400
1624669380633000,1,8.01608000,457.2400
1624669380693000,1,0.00000283,457.2400
1624669418019000,0,8.11850000,457.5100
1624669447673000,1,0.17000000,458.0700
1624669452203000,1,0.00300000,458.0700
1624669567945000,0,0.19881000,457.9200
1624669572715000,0,3.78680000,458.2200
1624669726916000,0,7.54770000,457.7100
1624669837430000,1,11.60000000,456.7400
1624669851898000,0,0.10570000,456.6700
1624669907649000,1,0.09468750,454.9800
1624669907649000,1,0.09000000,454.8500
1624670102530000,0,0.50000000,454.8500
1624670154409000,0,0.17634149,455.6500
1624670169268000,0,0.17300000,455.6700
1624670169347000,0,0.00010000,455.6700
1624670207059000,0,2.11000000,455.4700
1624670233983000,1,0.15700000,455.0400
1624670263711000,1,0.77000000,454.6200
1624670287974000,1,0.25300000,454.1500
1624670288112000,1,0.26400000,454.0400
1624670306536000,0,3.30260000,454.5800
1624670306579000,0,0.00003491,454.5800
1624670311838000,0,2.69400000,454.7600
1624670319906000,1,0.15500000,454.4800
1624670320067000,1,0.16400000,454.3700
1624670388715000,1,0.17000000,454.2500
1624670389992000,1,0.00900000,454.2500
1624670389992000,1,0.15100000,454.1400
1624670390008000,1,0.00400000,454.1400
1624670449531000,0,3.30000000,453.6000
1624670455656000,0,0.10650000,453.4800
1624670457946000,0,8.94000000,453.4400
1624670534444000,0,5.30531035,452.8900
1624670553814000,1,0.82997780,452.7400
1624670730736000,0,11.60000000,452.5600
1624670731477000,0,2.61000000,452.6600
1624670731566000,0,0.62800000,452.6600
1624670731865000,0,3.02700000,452.6600
1624670731865000,0,2.20100000,452.6600
1624670752410000,1,8.84900000,451.4600
1624670763506000,0,0.20178999,451.5700
1624670763515000,0,0.00000001,451.5700
1624670860518000,1,0.16000000,451.2700
1624670873279000,1,0.00400000,451.2700
1624670886591000,0,3.36534946,451.9200
1624670886599000,0,0.79718387,451.9200
1624670886888000,0,1.51000000,451.9200
1624670887228000,0,5.41003735,451.9200
1624670887234000,0,2.31742932,451.9200
1624670890171000,1,2.32000000,451.9200
1624670897540000,1,4.09000000,451.3600
1624670913560000,1,0.15400000,450.9900
1624670915078000,1,0.17700000,450.8800
1624670975201000,1,33.82000000,450.5300
1624671038853000,1,2.14590054,450.7200
1624671101550000,1,4.07600000,449.6400
1624671193769000,0,0.59852000,448.6600
1624671215562000,0,1.10000000,448.4600
1624671232114000,0,5.02170000,448.5600
1624671232198000,0,8.91600000,448.5700
1624671232446000,0,2.65671000,448.6000
1624671232741000,0,0.00000012,448.6600
1624671243971000,1,3.34132000,448.5700
1624671243977000,1,0.00000170,448.5700
1624671250546000,0,0.35900000,448.2800
1624671250957000,0,0.56000000,448.2900
1624671250971000,1,0.29900000,448.2600
1624671251347000,1,0.40200000,448.1500
1624671251903000,1,0.37000000,448.0400
1624671252083000,1,0.32000000,447.9300
1624671254607000,1,0.30000000,447.8200
1624671257127000,1,0.00600000,447.8200
1624671257127000,1,0.33400000,447.7100
1624671269082000,1,0.36300000,447.6000
1624671283294000,1,1.00000000,447.0400
1624671285226000,0,0.56000000,447.5500
1624671315455000,0,0.56000000,447.1600
1624671331630000,0,0.32410000,447.1800
1624671351402000,0,0.56000000,447.1800
1624671355571000,0,3.35525741,447.3300
1624671355571000,0,2.23354259,447.3800
1624671372398000,0,0.27733000,448.3800
1624671385709000,0,0.09375000,448.6300
1624671385709000,0,0.09187500,448.7300
1624671385709000,0,0.37437500,448.7300
1624671442234000,1,5.02270000,447.3600
1624671442281000,1,15.90000000,447.3100
1624671459820000,0,8.94700000,447.0300
1624671483081000,0,0.56000000,447.3000
1624671507498000,0,0.50000000,446.9800
1624671517409000,0,0.56000000,446.8800
1624671542712000,0,0.10000000,447.3200
1624671612559000,0,2.32000000,445.9100
1624671612559000,0,3.36000000,445.9200
1624671613450000,0,3.94499467,446.0500
1624671613450000,0,6.02020533,446.0600
1624671651587000,1,3.36133000,445.8000
1624671671251000,0,0.13000000,445.7100
1624671674566000,0,0.00960000,445.7100
1624671739414000,1,3.36000000,445.8800
1624671745568000,1,2.48000000,445.6800
1624671746856000,1,3.59003509,445.5100
1624671753544000,0,5.00000000,445.8300
1624671862380000,1,0.24000000,445.5200
1624671909733000,0,0.09009196,446.8700
1624671958885000,1,2.32000000,445.1500
1624671958885000,1,11.90000000,445.1300
1624671958885000,1,2.32000000,445.0900
1624671958885000,1,4.00161032,445.0700
1624671958885000,1,0.85584297,444.9900
1624671958885000,1,3.36577550,444.9800
1624671981282000,1,28.00000000,444.4400
1624671987087000,1,0.39026717,444.5700
1624671987598000,1,0.86664182,444.2900
1624671987598000,1,8.99399818,444.2900
1624671987642000,1,0.00000182,444.2900
1624671987731000,1,2.16660000,444.2400
1624671987804000,1,0.00002997,444.2400
1624671989782000,0,8.99900000,444.7100
1624672033549000,0,0.15122000,445.5200
1624672035262000,0,8.31411387,445.9700
1624672045027000,0,3.91380000,446.6000
1624672052792000,0,2.32000000,447.4300
1624672062313000,0,0.56000000,447.8800
1624672081311000,1,1.04000000,447.3300
1624672105542000,1,3.86000000,447.3400
1624672109021000,1,10.70000000,447.1800
1624672121943000,1,3.51297000,446.2000
1624672179275000,1,11.60000000,446.4800
1624672192840000,1,0.08911875,447.3600
1624672215023000,1,0.20800000,447.1800
1624672216385000,0,0.10790000,447.6700
1624672219504000,1,0.22000000,447.0700
1624672219631000,1,0.00700000,447.0700
1624672232353000,1,0.20000000,446.9600
1624672268823000,0,0.34428877,447.8800
1624672272348000,0,0.21570000,448.2000
1624672313896000,1,3.18000000,448.2000
1624672333795000,1,0.18600000,448.2200
1624672333795000,1,3.33400000,448.1700
1624672345760000,1,3.34000000,448.3500
1624672351547000,1,3.34290391,448.3500
1624672414151000,1,0.16000000,448.9800
1624672416860000,1,0.00600000,448.9800
1624672416860000,1,0.16400000,448.8700
1624672416949000,1,0.00700000,448.8700
1624672442180000,0,16.81770000,449.3100
1624672466301000,1,2.32000000,449.6000
1624672474448000,1,3.33000000,449.5500
1624672479415000,0,0.16000000,450.1000
1624672483401000,0,5.62779276,450.2800
1624672483401000,0,4.22097510,450.2900
1624672483401000,0,3.33282829,450.3400
1624672493064000,1,4.18000000,450.3700
1624672508483000,1,0.08800000,450.3600
1624672589454000,0,0.30000000,451.8700
1624672598549000,0,0.00928000,451.8700
1624672611320000,1,0.15000000,452.0900
1624672611337000,1,0.00300000,452.0900
1624672640813000,0,3.31186174,453.3000
1624672640814000,0,4.04618091,453.4500
1624672640814000,0,5.52046348,453.4600
1624672654341000,1,23.22000000,453.0900
1624672834298000,1,0.50000000,455.5400
1624672834567000,1,11.90000000,455.5400
1624672877290000,1,3.89860000,454.4300
1624672877328000,1,8.20140000,454.4300
1624672885403000,0,0.21466000,454.5100
1624672924649000,1,11.60000000,454.1200
1624672933057000,1,0.92358869,453.6800
1624672933082000,1,2.87900000,453.6800
1624672933161000,1,2.15610780,453.6800
1624672933178000,1,2.15610780,453.6800
1624672933298000,1,4.98519571,453.6800
1624672957271000,0,2.32000000,454.1300
1624672977156000,1,14.70000000,453.3000
1624673132923000,1,9.40000000,455.3800
1624673142347000,1,3.29000000,455.4200
1624673144435000,1,0.00137721,455.4200
1624673144435000,1,3.28862279,455.4200
1624673159287000,0,1.05980000,455.7700
1624673184296000,0,3.29000000,455.2100
1624673186847000,1,0.17768000,455.1400
1624673218748000,1,1.40000000,454.8500
1624673240211000,1,3.86259580,455.1400
1624673290803000,1,9.80000000,455.3200
1624673305736000,0,7.58000000,455.6500
1624673384383000,1,6.80000000,456.3700
1624673469072000,0,0.08440000,457.6900
1624673505143000,0,0.18170000,457.3200
1624673536757000,1,2.32000000,456.0900
1624673548900000,1,12.00000000,455.9600
1624673604903000,1,2.73000000,456.6900
1624673616185000,1,9.50000000,456.2000
1624673661181000,0,0.46303000,457.0600
1624673661218000,0,0.80236378,457.0600
1624673732573000,1,7.32000000,457.0100
1624673735271000,1,3.01490000,456.7700
1624673762194000,1,12.30000000,456.5200
1624673789274000,0,1.05720000,456.7400
1624673810267000,1,0.61130703,455.7900
1624673810371000,1,0.15543059,455.7900
1624673810376000,1,0.32825227,455.7900
1624673810394000,1,1.86886818,455.7900
1624673810454000,1,0.61380337,455.7900
1624673810456000,1,0.13049042,455.7900
1624673810459000,1,0.68074355,455.7900
1624673810467000,1,2.80800000,455.7900
1624673810514000,1,1.00936958,455.7900
1624673810545000,1,6.99373501,455.7900
1624673818871000,0,0.27540000,455.9100
1624673843514000,1,0.15000000,456.1200
1624673843568000,1,0.00600000,456.1200
1624673863070000,0,3.29000000,456.1500
1624673871412000,1,0.16000000,455.6700
1624673872424000,1,0.00200000,455.6700
1624673872424000,1,3.06800000,455.5600
1624673874533000,1,0.76000000,455.5600
1624673878554000,1,10.27000000,455.5600
1624673975545000,0,0.84840000,455.2600
1624674023044000,1,3.29000000,454.5100
1624674239442000,0,0.56159000,454.3300
1624674239442000,0,2.74111000,454.4300
1624674239469000,0,0.56168321,454.4300
1624674239469000,0,8.79500000,454.4600
1624674241235000,0,1.52174794,454.7200
1624674247679000,1,11.68000000,454.3500
1624674277266000,1,8.50000000,453.3900
1624674327247000,0,0.10640000,453.8300
1624674354910000,1,4.14000000,453.5300
1624674379478000,1,9.90000000,453.0400
1624674389891000,0,2.32000000,452.9100
1624674425092000,0,0.05575383,452.3400
1624674425093000,0,3.26288325,452.3400
1624674534169000,0,3.32097538,451.8600
1624674534822000,0,8.33000000,451.9300
1624674557256000,1,5.30600000,451.9400
1624674557314000,1,2.50000000,451.9400
1624674557335000,1,5.79400000,451.9400
1624674655663000,0,8.84900000,451.6400
1624674704465000,1,6.69000000,450.9100
1624674704573000,1,9.31000000,450.9100
1624674704573000,1,3.32452396,450.8500
1624674739006000,0,3.32000000,450.6900
1624674873302000,1,0.00315242,449.5500
1624674873302000,1,1.07984758,449.3700
1624674873304000,1,1.78990000,449.3700
1624674873809000,1,0.85415154,449.2100
1624674873809000,1,2.13484846,449.2100
1624674904240000,0,5.50000000,450.4200
1624674904312000,0,3.37100000,450.4200
1624674910952000,1,3.85444000,449.8600
1624674912297000,1,0.00000117,449.8600
1624674916886000,1,0.15000000,449.1200
1624674917369000,1,0.00300000,449.1200
1624674920620000,1,0.15000000,449.0100
1624674923335000,1,0.00800000,449.0100
1624674923335000,1,0.15200000,448.9000
1624674923366000,1,0.00100000,448.9000
1624674926423000,0,8.90400000,449.0100
1624675010144000,0,0.56392000,449.0600
1624675265087000,0,3.35001884,448.0300
1624675307535000,0,8.89800000,449.4200
1624675309871000,0,0.17119000,449.3700
1624675481777000,0,4.06308168,451.3400
1624675481777000,0,3.32495832,451.3400
1624675482461000,0,14.80000000,451.6100
1624675496551000,0,8.83100000,452.9400
1624675533864000,0,3.31808000,452.4800
1624675538013000,0,0.09375000,452.9000
1624675538013000,0,0.09281250,453.0800
1624675568288000,0,0.12780000,453.9300
1624675582226000,0,3.30856946,453.7000
1624675628320000,0,0.22375000,454.7700
1624675686559000,1,10.30000000,455.1100
1624675701583000,0,2.96000000,455.4400
1624675701594000,0,0.00565599,455.4400
1624675759252000,0,2.97000000,454.4600
1624675759263000,0,0.00175273,454.4600
1624675764040000,0,0.95000000,454.6900
1624675826860000,1,5.00000000,455.2500
1624675836617000,1,3.50000000,454.6100
1624675852624000,1,4.59000000,454.9800
1624675852629000,1,8.61000000,454.9800
1624675914395000,0,0.17402000,454.8200
1624676092317000,1,0.29000000,454.7300
1624676096179000,1,0.28000000,454.6200
1624676096818000,1,0.00700000,454.6200
1624676096818000,1,0.29680000,454.5100
1624676189392000,1,0.32000000,455.0500
1624676197593000,1,0.20200000,454.9900
1624676197593000,1,3.83800000,454.9800
1624676200090000,1,10.96000000,454.9300
1624676230273000,1,0.20000000,454.8100
1624676230303000,1,0.00800000,454.8100
1624676238716000,1,0.23000000,454.7000
1624676257984000,0,0.21230000,455.0200
1624676355002000,1,0.20000000,454.5700
1624676355024000,1,0.00100000,454.5700
1624676355409000,1,2.84200000,454.4600
1624676355780000,1,12.65800000,454.4600
1624676355780000,1,0.18900000,454.4600
1624676358684000,1,0.20000000,454.3500
1624676359687000,1,0.19300000,454.2400
1624676360151000,1,0.20000000,454.1300
1624676362414000,1,0.00100000,454.1300
1624676362414000,1,0.17199999,454.0200
1624676362521000,1,0.00000001,454.0200
1624676362633000,1,0.15200000,453.9100
1624676406227000,0,8.78500000,455.0100
1624676412444000,0,0.17498000,455.2100
1624676438799000,0,2.52059304,456.6000
1624676438987000,0,6.23040696,456.6000
1624676482103000,0,1.97000000,456.3300
1624676482131000,0,0.00339664,456.3300
1624676482131000,0,3.93740877,456.3500
1624676482131000,0,8.16752350,456.4000
1624676514828000,1,10.50000000,456.2500
1624676514828000,1,2.47000000,456.2400
1624676518772000,0,1.97202000,456.6300
1624676518994000,0,0.15615999,456.7900
1624676519289000,0,0.00000001,456.7900
1624676533044000,1,2.01000000,456.4700
1624676543502000,1,8.17000000,455.9400
1624676610417000,1,5.93000000,456.1400
1624676682202000,1,9.60000000,455.9900
1624676795106000,0,0.08540000,456.5800
1624676847399000,0,0.18000000,456.5300
1624676852495000,0,0.00381000,456.5300
1624676852495000,0,4.18619000,456.6300
1624676873514000,0,1.97000000,456.5600
1624676908944000,0,1.64000000,456.5700
1624676918133000,0,0.00334508,456.5700
1624676918133000,0,0.10345492,456.6700
1624676920967000,0,1.64000000,456.5700
1624676925951000,0,7.81000000,456.8200
1624676949967000,0,0.39000000,456.9500
1624676964592000,1,0.18000000,456.1400
1624676964661000,1,7.43878951,456.1400
1624676966865000,1,9.01534000,455.8600
1624676983598000,0,1.31495767,456.6200
1624676994468000,1,2.32000000,456.1600
1624677003574000,0,1.31540000,456.4400
1624677003904000,0,0.00001172,456.4400
1624677004323000,0,2.60990000,456.7300
1624677037355000,0,0.12050000,456.9300
1624677085259000,1,4.01000000,456.2700
1624677188026000,1,6.00000000,455.9100
1624677206798000,1,10.80000000,455.5000
1624677266151000,0,8.78300000,455.6000
1624677311404000,0,2.61533000,455.8700
1624677311544000,0,0.00000501,455.8700
1624677311544000,0,2.61532499,455.9600
1624677311583000,0,0.00001090,455.9600
1624677311646000,0,1.33572998,455.9900
1624677311652000,0,1.13970104,455.9900
1624677311661000,0,3.30000000,455.9900
1624677311665000,0,11.21947743,455.9900
1624677342444000,1,3.28000000,455.6600
1624677342536000,1,0.00765822,455.6600
1624677488546000,1,3.29454344,454.8900
1624677488690000,1,3.29454344,454.8900
1624677519090000,1,0.21000000,454.2400
1624677566414000,1,3.91000000,454.0300
1624677576000000,0,1.98000000,454.5000
1624677655450000,0,1.98000000,453.8100
1624677660201000,0,4.12000000,453.8600
1624677709058000,1,10.90000000,453.8200
1624677761678000,0,0.17000000,453.7000
1624677837423000,1,3.30000000,453.6500
1624677837462000,1,0.00425746,453.6500
1624677837597000,1,11.50000000,453.6200
1624677959557000,0,0.55000000,454.1100
1624677959669000,0,0.00131000,454.1100
1624677965315000,0,0.00099429,454.5000
1624677969451000,0,2.32000000,455.4000
1624677971988000,1,14.24059180,456.1200
1624677972155000,1,4.25940000,456.1200
1624677972651000,1,14.50000000,456.1200
1624677972862000,1,0.00000820,456.1200
1624677972862000,1,2.31999180,456.1200
1624677972898000,1,0.00000820,456.1200
1624677982019000,1,7.87204000,455.9900
1624677982100000,1,7.02796000,455.9900
1624678038809000,1,14.10000000,455.2600
1624678041240000,1,13.00000000,455.0100
1624678063259000,0,8.78800000,454.7000
1624678064074000,0,0.58790000,454.7700
1624678091113000,0,7.92565000,455.5400
1624678102815000,0,0.20051000,455.9400
1624678143807000,1,9.70000000,456.2100
1624678201811000,0,1.97544000,455.8600
1624678204993000,0,10.00000000,456.5600
1624678220740000,1,0.84800000,457.3500
1624678220934000,1,1.96941000,457.3500
1624678245052000,0,8.73400000,457.8500
1624678261142000,1,13.05419000,457.5600
1624678261209000,1,0.84581000,457.5600
1624678268687000,1,14.70000000,457.3200
1624678446844000,0,0.12240000,458.0700
1624678471172000,1,6.89781000,457.1500
1624678471229000,1,7.00219000,457.1500
1624678472784000,1,0.76577924,456.9100
1624678472817000,1,0.41510451,456.9100
1624678472879000,1,8.00000000,456.9100
1624678473116000,1,0.58510452,456.9100
1624678473320000,1,0.85413644,456.9100
1624678473372000,1,2.57987529,456.9100
1624678509987000,0,1.97556000,455.9800
1624678510192000,0,0.00000183,455.9800
1624678527768000,0,2.32000000,457.1400
1624678556441000,1,10.00000000,457.0200
1624678577183000,0,11.60000000,457.8900
1624678600180000,0,1.63959000,457.6800
1624678652616000,0,0.17236000,457.2700
1624678667958000,1,3.27801000,457.2700
1624678668035000,1,0.32100000,457.2600
1624678684119000,0,0.00000629,457.6800
1624678732631000,0,8.72300000,458.2600
1624678780080000,1,0.27000000,457.6200
1624678797686000,1,0.21000000,457.5700
1624678865484000,0,1.06000000,458.3900
1624678867510000,0,7.66000000,458.4200
1624678873548000,0,3.76226714,458.4800
1624678878659000,1,0.18000000,458.0400
1624678902781000,1,0.00800000,458.0400
1624678902781000,1,0.25200000,457.9200
1624678902811000,1,0.00800000,457.9200
1624678903584000,1,0.26000000,457.8000
1624678903603000,1,0.00300000,457.8000
1624678936484000,1,15.40000000,457.6500
1624679000202000,0,1.63901000,457.8100
1624679049949000,1,13.20000000,457.1000
1624679053641000,1,7.65000000,457.0500
1624679056881000,1,3.96000000,456.9000
1624679056920000,1,0.00134437,456.9000
1624679203206000,0,1.31610631,456.0500
1624679217675000,0,1.31610000,456.0500
1624679234220000,1,7.82928462,455.8600
1624679234220000,1,3.95320035,455.8500
1624679234220000,1,11.49751503,455.8400
1624679238962000,0,0.00000631,456.0500
1624679238962000,0,3.82974369,456.2300
1624679240320000,0,0.35000000,456.0500
1624679242082000,0,0.00859000,456.0500
1624679255752000,0,8.02190000,456.6100
1624679299305000,1,11.50000000,456.3500
1624679332980000,1,3.28592972,456.1000
1624679335950000,0,0.07830000,456.4700
1624679337054000,1,3.85000000,455.9900
1624679343202000,1,3.85000000,455.9800
1624679344459000,1,8.07523875,455.9500
1624679344459000,1,3.28733688,455.9300
1624679383284000,0,7.90319000,456.8900
1624679388141000,0,4.11554000,457.3300
1624679410939000,1,14.50000000,456.7600
1624679460434000,1,3.84000000,456.8900
1624679477053000,1,5.08000000,456.7700
1624679537652000,0,8.74300000,457.3400
1624679541558000,1,0.37935000,457.4600
1624679577309000,1,0.15000000,456.7700
1624679598131000,1,3.28000000,456.6500
1624679640715000,1,0.00211477,456.6500
1624679641294000,1,0.34161602,456.2700
1624679691739000,0,3.90349000,456.0400
1624679691872000,0,1.97425000,456.0700
1624679721582000,0,0.25370000,457.0000
1624679748649000,0,0.16920000,456.6900
1624679771972000,1,0.16000000,456.3500
1624679772002000,1,0.00100000,456.3500
1624679783902000,1,0.17000000,456.0000
1624679804660000,1,0.00300000,456.0000
1624679829404000,0,1.97559000,455.8200
1624679829430000,0,0.00000240,455.8200
1624679912486000,0,1.97000000,455.0600
1624679914537000,0,0.00862777,455.0600
1624679944631000,0,1.64000000,455.2300
1624679958958000,0,8.05803999,456.1600
1624680000180000,0,1.97902000,454.9900
1624680000250000,0,0.00000479,454.9900
1624680027638000,0,8.74900000,457.4600
1624680027901000,0,8.73700000,457.4500
1624680072045000,0,1.96821000,457.5500
1624680119926000,1,0.21100000,457.5100
1624680169499000,1,0.15000000,457.8900
1624680170109000,1,0.00800000,457.8900
1624680170109000,1,0.16742000,457.7700
1624680207967000,0,3.19000000,458.5700
1624680229905000,0,0.99928109,459.0300
1624680255751000,0,0.10520000,458.9600
1624680334251000,1,14.40000000,458.7300
1624680398400000,0,1.63449000,459.1100
1624680434595000,1,0.16000000,458.7500
1624680438842000,0,0.00000411,459.1100
1624680438842000,0,0.10519589,459.1700
1624680489812000,0,0.09250000,459.2700
1624680500311000,1,3.95355887,458.9000
1624680500311000,1,1.45086176,458.9000
1624680500356000,1,11.60000000,458.9000
1624680536488000,1,0.15400000,457.8600
1624680549905000,0,7.00000000,457.4900
1624680569420000,0,2.32000000,456.5300
1624680571816000,0,0.09310000,456.6200
1624680579987000,0,6.57351000,456.7200
1624680581397000,0,1.64250000,456.9500
1624680616025000,0,15.80000000,457.5600
1624680623549000,0,0.41090000,458.0400
1624680692921000,1,3.93000000,456.1900
1624680705349000,1,15.40000000,456.2300
1624680719039000,0,1.64000000,456.4400
1624680721420000,0,0.00421220,456.4400
1624680721420000,0,0.08048780,456.5400
1624680751465000,0,1.31639000,456.0400
1624680751546000,0,0.00000916,456.0400
1624680784384000,0,0.42340000,456.2900
1624680784602000,0,0.89000000,456.2900
1624680784659000,0,0.00238354,456.2900
1624680805924000,1,11.80000000,456.3300
1624680807205000,1,3.09100000,456.3600
1624680807205000,1,5.69900000,456.2500
1624680807935000,1,3.09900000,456.2500
1624680857024000,1,5.66227000,457.0200
1624680858528000,1,3.63773000,457.0200
1624680886808000,0,0.10030000,457.1000
1624680901602000,0,1.31440000,456.7500
1624680901633000,0,0.00000663,456.7500
1624680906281000,0,0.84150130,457.2300
1624680906303000,0,5.50000000,457.2300
1624680906381000,0,2.40049870,457.2300
1624680935065000,1,2.32000000,457.4000
1624680975466000,1,10.80000000,457.5100
1624681035629000,1,2.32000000,458.2600
1624681084490000,1,0.70255294,458.3200
1624681084513000,1,3.26758392,458.3200
1624681084519000,1,4.07716000,458.3200
1624681149735000,1,10.96000000,457.8600
1624681161538000,1,1.98000000,457.7200
1624681269763000,1,5.50000000,457.7600
1624681269829000,1,3.80000000,457.7600
1624681297276000,1,7.70538000,456.8100
1624681310281000,1,9.70000000,456.1800
1624681336463000,0,1.31000000,456.1100
1624681336564000,0,0.00636131,456.1100
1624681340196000,0,1.31000000,456.1100
1624681357967000,0,3.96000000,456.3800
1624681358015000,0,0.00608520,456.3800
1624681461471000,0,7.92309659,455.8100
1624681497628000,0,0.98000000,455.1400
1624681517900000,1,16.70000000,455.3600
1624681557259000,0,0.98000000,455.2200
1624681580453000,1,13.35000000,455.5700
1624681580924000,1,3.55000000,455.5700
1624681700772000,1,12.50000000,455.7300
1624681818214000,0,8.76800000,456.1000
1624681882582000,1,3.27000000,456.9800
1624681891029000,0,8.73500000,457.7200
1624681891049000,0,8.40849710,457.7300
1624681945679000,1,10.30000000,457.1800
1624681981819000,1,4.03905162,457.3600
1624681989695000,0,3.28076000,457.4200
1624682049351000,1,9.40000000,457.0600
1624682123212000,1,2.32000000,457.4600
1624682132971000,1,1.68000000,457.2700
1624682168906000,1,9.10000000,457.2000
1624682231201000,0,1.05690000,456.9900
1624682271477000,1,8.08095000,456.4300
1624682391443000,0,3.28000000,457.1600
1624682401987000,0,0.00285093,457.1600
1624682425338000,0,0.23230000,457.3900
1624682439202000,0,8.02213982,457.4300
1624682571362000,0,0.07810000,457.3600
1624682586301000,1,14.60000000,457.2400
1624682778913000,0,2.32000000,457.4000
1624682852059000,1,3.27000000,458.1700
1624682852196000,1,0.00141935,458.1700
1624682858570000,0,4.02365756,458.5900
1624682858635000,1,2.97634000,458.6100
1624682858635000,1,0.00000244,458.6100
1624682880367000,1,3.27000000,458.3200
1624682881916000,1,0.00051755,458.3200
1624682881916000,1,8.06948245,458.2100
1624682944163000,1,3.88000000,458.3400
1624682975432000,0,0.17910000,458.5100
1624683042415000,1,3.26000000,458.5400
1624683227323000,0,14.40000000,459.1200
1624683239972000,0,3.81000000,459.4500
1624683264597000,1,9.20000000,459.1600
1624683265612000,1,3.91000000,459.1400
1624683273133000,1,16.20000000,459.3000
1624683296230000,0,1.22000000,459.6300
1624683304228000,0,5.23442063,459.9200
1624683304228000,0,3.58557937,459.9300
1624683316110000,1,12.50000000,459.5700
1624683374049000,1,16.70000000,459.6500
1624683374173000,1,0.26500000,459.5500
1624683382226000,0,3.26342000,459.9000
1624683382238000,0,0.00000909,459.9000
1624683384512000,0,4.16000000,459.9400
1624683446498000,1,0.27000000,459.7100
1624683447136000,1,0.00400000,459.7100
1624683447136000,1,0.22100000,459.5900
1624683447136000,1,15.62500000,459.5800
1624683447404000,1,0.27500000,459.5800
1624683450606000,1,0.25000000,459.6300
1624683465062000,1,0.00600000,459.6300
1624683465062000,1,0.23400000,459.5100
1624683504451000,1,10.70000000,459.7900
1624683538697000,0,3.26000000,460.0200
1624683547305000,0,0.00221735,460.0200
1624683569795000,1,0.16000000,460.0700
1624683570028000,1,0.00700000,460.0700
1624683570028000,1,12.90000000,460.0100
1624683570028000,1,0.16000000,459.9500
1624683570028000,1,3.96300000,459.9400
1624683603465000,0,4.14148000,460.2400
1624683641490000,1,15.20000000,461.1500
1624683677543000,1,2.32000000,461.1600
1624683677543000,1,1.77000000,461.1400
1624683699371000,1,3.89000000,460.7200
1624683702467000,1,14.20000000,460.7100
1624683737244000,0,3.85493974,461.4800
1624683737244000,0,2.31999026,461.4800
1624683752923000,0,0.09843750,462.7800
1624683752923000,0,0.93456250,463.0400
1624683770496000,1,2.32000000,462.2500
1624683770557000,1,3.24213988,462.2300
1624683770692000,1,3.24213988,462.2300
1624683795765000,0,3.24000000,463.0300
1624683811423000,1,0.17000000,463.1900
1624683813886000,1,0.00400000,463.1900
1624683813886000,1,0.15600000,463.0700
1624683845335000,0,0.16250000,463.8000
1624683850164000,1,2.32000000,464.2500
1624683850164000,1,4.69000000,464.1700
1624683852821000,1,9.31000000,464.1700
1624683868415000,1,2.32000000,464.0100
1624683868415000,1,0.09093750,463.9900
1624683868415000,1,2.32000000,463.8700
1624683868833000,1,0.09000000,463.8500
1624683868833000,1,0.88000000,463.8000
1624683890821000,1,0.15700000,463.7500
1624683890821000,1,0.22428500,463.7500
1624683920954000,0,2.32000000,464.2000
1624683920954000,0,2.00000000,464.2100
1624683920954000,0,4.76686563,464.2200
1624683926310000,1,3.23000000,463.7000
1624683943058000,1,0.00251964,463.7000
1624683943058000,1,11.69748036,463.4300
1624683943141000,1,0.00251964,463.4300
1624683980361000,1,4.06282000,463.5300
1624683980406000,1,0.00000949,463.5300
1624683994704000,0,0.10630000,463.6300
1624684011608000,1,15.30000000,462.9700
1624684077288000,1,13.80000000,462.7000
1624684094492000,1,3.23000000,462.7100
1624684167297000,1,13.90000000,462.7000
1624684177394000,1,4.08484038,462.5400
1624684177394000,1,8.30515962,462.5300
1624684239860000,1,3.24000000,462.3800
1624684239975000,1,0.00222954,462.3800
1624684348450000,1,11.29000000,461.7400
1624684352616000,1,1.72000000,461.6000
1624684352685000,1,3.24668793,461.5700
1624684364714000,0,2.09110000,461.9600
1624684456632000,0,3.85703000,462.6200
1624684464852000,1,12.10000000,462.3600
1624684475375000,1,9.70000000,462.2400
1624684504349000,1,8.64800000,461.6500
1624684540129000,0,0.10460000,461.5500
1624684651147000,1,4.02000000,460.7700
1624684651229000,1,6.49446000,460.7700
1624684695355000,0,0.10480000,460.7500
1624684702238000,1,4.00000000,460.3500
1624684713621000,0,3.25959113,460.4000
1624684725758000,1,0.11000000,459.8700
1624684745191000,0,4.14000000,460.2700
1624684770483000,1,6.50000000,460.6700
1624684914069000,1,14.40000000,459.7500
1624684949135000,1,14.94220000,459.6600
1624684992310000,0,8.26000000,459.7900
1624685121252000,0,0.12590000,460.3700
1624685232083000,0,2.32000000,460.2600
1624685246404000,1,11.90000000,460.0400
1624685277161000,0,2.32000000,459.8900
1624685398168000,1,3.44487621,460.2400
1624685398877000,1,0.60500000,460.2400
1624685399000000,1,2.41131347,460.2400
1624685402543000,0,3.25920000,460.4700
1624685402575000,0,0.00002835,460.4700
1624685402753000,0,2.58770000,460.6400
1624685409352000,1,0.18000000,460.3800
1624685411356000,1,0.00500000,460.3800
1624685411356000,1,0.18500000,460.2600
1624685412865000,1,0.15778000,460.1400
1624685428689000,1,0.00322000,460.1400
1624685428689000,1,0.15678000,460.0200
1624685434108000,1,0.00522000,460.0200
1624685434108000,1,0.16478000,459.9000
1624685444069000,1,11.80000000,459.8200
1624685462434000,1,1.00000000,459.6700
1624685462537000,1,5.84690000,459.6700
1624685511490000,0,0.12620000,459.3700
1624685523557000,0,3.14000000,459.3700
1624685523643000,0,0.00065062,459.3700
1624685541337000,0,0.20910000,459.3400
1624685582750000,1,2.32119276,458.9800
1624685601788000,1,3.13000000,458.7200
1624685668259000,1,11.29000000,458.5300
1624685680531000,1,3.86646005,458.3700
1624685680531000,1,8.32353995,458.3600
1624685734303000,1,4.12000000,458.4700
1624685745122000,1,11.20000000,458.1300
1624685745122000,1,2.98290552,458.0800
1624685766897000,0,0.67439609,458.6900
1624685767360000,0,0.67439609,458.6900
1624685796748000,0,3.27000000,458.5500
1624685796915000,0,0.00319296,458.5500
1624685797279000,0,8.03000000,458.5800
1624685797287000,0,0.00059344,458.5800
1624685896414000,0,3.27448932,458.4000
1624685907751000,0,2.32000000,458.5100
1624685907751000,0,7.98921922,458.5200
1624685911962000,0,0.67452760,458.5200
1624685912427000,0,0.05725318,458.5200
1624685912427000,0,0.61727442,458.5300
1624685915971000,0,8.94400000,458.4800
1624685915971000,0,1.34694541,458.5300
1624686081513000,0,0.67465917,458.2400
1624686092349000,0,0.67472496,458.1600
1624686102974000,0,0.67479074,458.1500
1624686105555000,0,2.60000000,458.1600
1624686162630000,1,2.32000000,457.8400
1624686162630000,1,1.37000000,457.8200
1624686230910000,0,3.27000000,457.9800
1624686307021000,0,3.27000000,458.5100
1624686307158000,0,0.00373362,458.5100
1624686362387000,0,0.08070000,459.1200
1624686377499000,1,8.71500000,458.5000
1624686378551000,1,0.86754995,458.3900
1624686455370000,0,3.27000000,457.8300
1624686455370000,0,0.00798456,457.8300
1624686521710000,0,0.15820000,457.9300
1624686600931000,0,3.27000000,457.8900
1624686633718000,0,7.77990000,458.6900
1624686640938000,1,3.27000000,458.2900
1624686694949000,0,3.27000000,458.4600
1624686714555000,1,2.32000000,458.4000
1624686714555000,1,3.27021942,458.3500
1624686714555000,1,4.19732261,458.3200
1624686714555000,1,0.52167719,458.3200
1624686722802000,1,3.27021942,458.3500
1624686722802000,1,2.00000000,458.3200
1624686722802000,1,5.02072599,458.3100
1624686759687000,0,4.12740000,458.8400
1624686759692000,0,0.00006233,458.8400
1624686799986000,1,3.00000000,458.9300
1624686907488000,1,7.89000000,459.8500
1624686909565000,1,12.70000000,459.7700
1624687096541000,1,8.07840000,457.7700
1624687099239000,1,3.82890000,457.6600
1624687111383000,0,2.32000000,457.7700
1624687111383000,0,8.94400000,457.8600
1624687111383000,0,7.80280502,457.8700
1624687111383000,0,4.18779118,457.8800
1624687111383000,0,3.27846709,457.9000
1624687111383000,0,2.32000000,457.9100
1624687111383000,0,8.74100000,457.9100
1624687111383000,0,4.85103063,457.9800
1624687218560000,0,11.60000000,460.0000
1624687225086000,0,2.58790000,460.5200
1624687249144000,1,1.04000000,460.1300
1624687363547000,0,2.59180000,460.0100
1624687363637000,0,0.00003276,460.0100
1624687398830000,0,2.15115673,460.7800
1624687425552000,0,0.10480000,461.0300
1624687452556000,0,3.26000000,459.8900
1624687452691000,0,0.00493515,459.8900
1624687479099000,0,2.32000000,461.0800
1624687479292000,1,30.68000000,461.0800
1624687491747000,1,3.20000000,460.7600
1624687497527000,1,0.57374866,460.4500
1624687497590000,1,0.41783000,460.4500
1624687497955000,1,0.91242103,460.4300
1624687497983000,1,3.16894730,460.4300
1624687513719000,1,2.32000000,461.3600
1624687513719000,1,1.82078000,461.3400
1624687513719000,1,0.37899447,461.3300
1624687514147000,1,0.20224778,461.3000
1624687517207000,0,0.08370000,461.9500
1624687517432000,1,3.85273515,461.2800
1624687517432000,1,9.19726485,461.2500
1624687531370000,0,0.07950000,461.5000
1624687537660000,0,0.10050000,461.4700
1624687565638000,1,3.00000000,461.7200
1624687575957000,1,2.79000000,461.7400
1624687576266000,1,1.02750000,461.7400
1624687577320000,1,9.38250000,461.7400
1624687683185000,0,2.27000000,460.8900
1624687683214000,0,0.00950282,460.8900
1624687745715000,1,0.69000000,461.3800
1624687753147000,1,4.00000000,461.3800
1624687754312000,1,0.12000000,461.2400
1624687832089000,0,1.94900000,462.0500
1624687933808000,1,9.35570000,460.6500
1624687933941000,1,3.74430000,460.6500
1624687992454000,1,2.55000000,460.8500
1624688058576000,0,1.95400000,460.8700
1624688090655000,0,0.00001515,460.8700
1624688097508000,1,2.72000000,460.6300
1624688114276000,0,1.95000000,460.7600
1624688122595000,0,1.62798000,460.9300
1624688154303000,1,9.67000000,460.1200
1624688174472000,1,1.57800000,460.0000
1624688176568000,1,2.67093110,460.0000
1624688176638000,1,1.95400000,460.0000
1624688176652000,1,0.12000000,460.0000
1624688176656000,1,4.42821238,460.0000
1624688176696000,1,4.24885652,460.0000
1624688228852000,1,9.92000000,459.5000
1624688228897000,1,5.98000000,459.5000
1624688284923000,0,1.30741000,459.1800
1624688284992000,0,0.00000179,459.1800
1624688299420000,0,1.30000000,459.3600
1624688375982000,0,1.30835000,458.8300
1624688376118000,0,0.00000640,458.8300
1624688381687000,0,1.30771000,459.0600
1624688393701000,0,0.00000437,459.0600
1624688397486000,0,1.30647000,459.5000
1624688410139000,0,0.97933000,459.7800
1624688411773000,0,0.00000683,459.7800
1624688425067000,0,0.97785185,460.5700
1624688425067000,0,11.68324815,460.6500
1624688425274000,0,4.14430000,460.6800
1624688427970000,0,0.00000337,460.9300
1624688442576000,1,3.99000000,460.8300
1624688442585000,1,6.20927000,460.8300
1624688460825000,0,1.04830000,460.7300
1624688467908000,0,0.97718000,460.7500
1624688478386000,0,0.00000136,460.7500
1624688478386000,0,0.97697864,460.8100
1624688515876000,0,0.97714000,460.7000
1624688515920000,0,0.00000229,460.7000
1624688522294000,0,0.00000171,460.8100
1624688522294000,0,0.97673829,460.8900
1624688522497000,0,0.00000589,460.8900
1624688547976000,1,2.25000000,460.9000
1624688577261000,1,4.00000000,460.9000
1624688582306000,1,0.18000000,460.5300
1624688590642000,1,0.11000000,460.4200
1624688591617000,1,0.30060230,460.2200
1624688591748000,1,0.30000000,460.2200
1624688592126000,1,2.73169103,460.2200
1624688592149000,1,1.59600000,460.2200
1624688592248000,0,0.20970000,460.6000
1624688654882000,1,0.22000000,459.8200
1624688692810000,0,0.97831000,460.2300
1624688692875000,0,0.00000502,460.2300
1624688716250000,0,2.58130000,461.6400
1624688790826000,1,1.21000000,461.2800
1624688879968000,1,3.25000000,460.2600
1624688903580000,1,2.32000000,460.9700
1624688908751000,1,2.72000000,460.9600
1624688926907000,1,2.32000000,461.1300
1624689099268000,1,7.00000000,460.2300
1624689132035000,1,8.50000000,460.6700
1624689197438000,1,8.96000000,459.9800
1624689212456000,0,0.97000000,460.2600
1624689212535000,0,0.00823165,460.2600
1624689245317000,0,0.15750000,459.9800
1624689246718000,0,0.49000000,459.9800
1624689397762000,0,0.65273027,459.8500
1624689397762000,0,2.32000000,459.9200
1624689397762000,0,3.93317911,459.9600
1624689397762000,0,3.37005700,459.9900
1624689406001000,0,0.65250311,460.0100
1624689406001000,0,7.71859116,460.0800
1624689406001000,0,1.88301956,460.1400
1624689447375000,1,4.16146000,459.1700
1624689447549000,1,0.00000253,459.1700
1624689447549000,1,5.59999747,459.1600
1624689525459000,0,0.43110000,459.3100
1624689567086000,0,0.65000000,459.1300
1624689595307000,1,7.85000000,458.2400
1624689711333000,0,0.65561419,457.8400
1624689711333000,0,0.01936316,457.8400
1624689799706000,0,0.65901000,455.7000
1624689801251000,0,0.00000842,455.7000
1624689801251000,0,0.65844158,455.9600
1624689801462000,0,2.61307000,456.0200
1624689809215000,1,19.38660000,455.4400
1624689856141000,1,4.15542000,454.7200
1624689872446000,1,0.09843750,453.2500
1624689876084000,0,2.32000000,453.6500
1624689962252000,0,8.83500000,452.5600
1624690000743000,0,0.21380000,451.8600
1624690023549000,1,0.48416586,451.9100
1624690054384000,0,0.33187196,452.3700
1624690054384000,0,0.00982804,452.3900
1624690073234000,0,0.33000000,452.2400
1624690073308000,0,0.00195677,452.2400
1624690118869000,0,0.33000000,452.2100
1624690173964000,0,0.33000000,452.1100
1624690174014000,0,0.00194722,452.1100
1624690174108000,0,4.04694770,452.3000
1624690174749000,1,1.50000000,451.8400
1624690174749000,1,2.32000000,451.8400
1624690174749000,1,6.45596638,451.8300
1624690183023000,1,6.45596000,451.8400
1624690183023000,1,2.32000000,451.8400
1624690183023000,1,1.47815383,451.8300
1624690195360000,1,0.89000000,451.8300
1624690282110000,1,4.12155883,451.2200
1624690282110000,1,8.06844117,451.2100
1624690298584000,1,0.17000000,450.8700
1624690302723000,1,0.00800000,450.8700
1624690304735000,1,0.17000000,450.7600
1624690308911000,1,0.00500000,450.7600
1624690308911000,1,2.31500000,450.7600
1624690375078000,0,0.33186079,452.3000
1624690375078000,0,8.07183921,452.3000
1624690375081000,0,11.60000000,452.3000
1624690375434000,0,8.40370000,452.3200
1624690381914000,0,4.14572000,452.4200
1624690433672000,0,0.33219047,451.7900
1624690433672000,0,0.30930953,452.0000
1624690454037000,1,0.82512142,451.3300
1624690544928000,1,3.80000000,452.2400
1624690544951000,1,0.00422567,452.2400
1624690545067000,1,3.31472117,452.1800
1624690589762000,0,0.49100000,452.4800
1624690614514000,1,9.30000000,452.3100
1624690614514000,1,0.09562500,452.2200
1624690614514000,1,0.09187500,452.1200
1624690623335000,1,3.71000000,451.7400
1624690650600000,0,0.33256633,451.4400
1624690650600000,0,4.20141888,451.4400
1624690983380000,1,11.86000000,452.3200
1624690989176000,1,2.32000000,452.0000
1624691061566000,1,0.27000000,452.4900
1624691062275000,1,5.00000000,452.4900
1624691062321000,1,4.23000000,452.4900
1624691062336000,1,3.90603854,452.3400
1624691062336000,1,3.31332184,452.3300
1624691155361000,1,7.61641491,450.3800
1624691155361000,1,3.32744662,450.3600
1624691155414000,1,12.57730000,450.4000
1624691155585000,1,3.33444414,450.1200
1624691155824000,1,3.21200000,449.9900
1624691156054000,1,0.11700514,449.9900
1624691156054000,1,0.09375000,449.8600
1624691156054000,1,1.59866486,449.8600
1624691156594000,1,2.31168740,449.8600
1624691156594000,1,3.31804144,449.8300
1624691156760000,0,1.14900000,449.7300
1624691157704000,1,1.80942000,449.6900
1624691175326000,1,0.32300000,449.1000
1624691175560000,1,0.31633521,449.1100
1624691175591000,1,1.55402479,449.1100
1624691179106000,0,11.60000000,449.4700
1624691188148000,1,2.32000000,449.0100
1624691188568000,1,0.26900000,448.9900
1624691191671000,1,2.32000000,448.8900
1624691191671000,1,0.24000000,448.8800
1624691193844000,0,2.65139572,449.2300
1624691193844000,0,8.90300000,449.2400
1624691194456000,0,8.33290000,449.3700
1624691196985000,0,2.64917000,449.6400
1624691203234000,0,1.33580000,449.4500
1624691204015000,1,2.32000000,448.9900
1624691221424000,0,0.00000862,449.4500
1624691231356000,1,15.10000000,449.7100
1624691246510000,1,3.33421618,449.5200
1624691246510000,1,2.31578382,449.5200
1624691254795000,1,0.15000000,449.0400
1624691255785000,0,0.17100000,449.1900
1624691256654000,1,0.09600000,448.6400
1624691256693000,1,0.00056250,448.6400
1624691299434000,0,3.86263000,449.7500
1624691340272000,1,0.15000000,449.0000
1624691366461000,1,0.61843735,448.6000
1624691380479000,1,1.97928844,448.1000
1624691380479000,1,0.79470487,448.1000
1624691389793000,0,0.10000000,448.1400
1624691412569000,0,3.95494021,448.8100
1624691416766000,0,0.56000000,449.2100
1624691428368000,1,3.34514000,448.0000
1624691431307000,1,0.00000499,448.0000
1624691446999000,1,0.54544091,447.6900
1624691446999000,1,2.32000000,447.6900
1624691446999000,1,3.01455909,447.6800
1624691447673000,1,9.08544000,447.6800
1624691447814000,1,0.00000091,447.6800
1624691486185000,1,0.49832000,447.7100
1624691486285000,1,0.00000523,447.7100
1624691486912000,1,0.51173000,447.4800
1624691496166000,0,1.21002610,447.5300
1624691507894000,1,9.12830000,446.7900
1624691508303000,1,4.51763000,446.7900
1624691508370000,1,2.75407000,446.7900
1624691510340000,1,0.50786511,446.2800
1624691510340000,1,1.26966277,446.1900
1624691510340000,1,9.82247212,446.1800
1624691510444000,1,20.54340000,446.1800
1624691528009000,0,3.36600000,447.3800
1624691563579000,0,11.60000000,446.8300
1624691563579000,0,11.60000000,446.8300
1624691570901000,1,0.16800000,446.4400
1624691591544000,1,16.40000000,446.3900
1624691601312000,0,2.66657801,446.6400
1624691601453000,0,3.17850000,446.7500
1624691602518000,0,3.48751000,446.7400
1624691609122000,1,3.35640000,446.5300
1624691609543000,1,0.50980438,446.3800
1624691702857000,0,2.25420000,447.0700
1624691702938000,0,0.40997482,447.0700
1624691710268000,1,1.94310000,447.1100
1624691867353000,1,0.16000000,445.9400
1624691874504000,1,0.00500000,445.9400
1624691874504000,1,0.16500000,445.8300
1624691877468000,1,0.00800000,445.8300
1624691877468000,1,0.16200000,445.7200
1624691877986000,1,0.00200000,445.7200
1624691878097000,1,0.17100000,445.6100
1624691879540000,1,0.88300000,445.2800
1624691879912000,1,3.38114062,445.1900
1624691879912000,1,0.70885938,445.1500
1624691881225000,1,8.09110000,445.1500
1624691882965000,0,2.67373122,445.4500
1624691882965000,0,6.68686878,445.6100
1624691883964000,0,0.08999999,445.6200
1624691885260000,0,0.00000001,445.6200
1624691885641000,1,0.29000000,445.2600
1624691909488000,1,20.58000000,444.6900
1624691912621000,1,2.32000000,444.2500
1624691935178000,0,0.09562499,445.0900
1624691935517000,0,0.00000001,445.0900
1624691935517000,0,0.09656248,445.2000
1624691935581000,0,0.00000002,445.2000
1624691945922000,0,0.56000000,445.9400
1624691963444000,1,0.09279375,444.4200
1624691979390000,0,0.29000000,444.7400
1624692018126000,0,0.13636364,444.0300
1624692031526000,0,0.19000000,443.7600
1624692033475000,1,0.04730430,443.1800
1624692034779000,1,2.32000000,442.9500
1624692041488000,0,2.69067000,442.8600
1624692071357000,1,9.01600000,442.6700
1624692076496000,0,0.56000000,443.2600
1624692113010000,1,0.10000000,443.5000
1624692117761000,0,0.56000000,443.9700
1624692127178000,0,4.00000000,443.4400
1624692179454000,0,21.69000540,444.0400
1624692179454000,0,8.29614406,444.0500
1624692179454000,0,4.13552976,444.0500
1624692183719000,0,6.82054356,444.3300
1624692183719000,0,3.36945644,444.3300
1624692225285000,0,9.20000000,444.9700
1624692238424000,1,1.03464698,444.5600
1624692268912000,1,4.11200000,444.5600
1624692327089000,0,3.37000000,444.7300
1624692365669000,1,4.13405758,444.5100
1624692365669000,1,8.42793696,444.4800
1624692365706000,0,3.37915982,444.4200
1624692368346000,1,2.50000000,444.0800
1624692369110000,0,2.32000000,444.3000
1624692369215000,0,0.54343971,444.3200
1624692369241000,0,1.14633168,444.3200
1624692370382000,1,8.93000000,444.0800
1624692371061000,1,0.27500000,444.0800
1624692394996000,0,2.32000000,443.9200
1624692405276000,1,0.50000000,443.1900
1624692427355000,0,2.32000000,443.8500
1624692427450000,0,2.32000000,443.8800
1624692553736000,0,3.37000000,445.1900
1624692637640000,1,0.37000000,444.0800
1624692637891000,1,0.00200000,444.0800
1624692640447000,1,0.35400000,443.9700
1624692641728000,1,0.26787092,444.0600
1624692642976000,1,0.04512908,444.0600
1624692642976000,1,0.31269742,443.9500
1624692661032000,1,0.00730258,443.9500
1624692700328000,1,2.32000000,444.5600
1624692700413000,1,14.90000000,444.5400
1624692700413000,1,0.10000000,444.5400
1624692700413000,1,2.32000000,444.5300
1624692732577000,1,0.17000000,444.6800
1624692732809000,1,0.00600000,444.6800
1624692733578000,1,0.17000000,444.5700
1624692734424000,1,0.02200000,444.5700
1624692734424000,1,0.19400000,444.4600
1624692747524000,1,0.23000000,444.3500
1624692753853000,1,0.00200000,444.3500
1624692753853000,1,0.21800000,444.2400
1624692756283000,1,0.00400000,444.2400
1624692756283000,1,0.23600000,444.1300
1624692760036000,1,0.00200000,444.1300
1624692760036000,1,0.19800000,444.0200
1624692846540000,1,2.66000000,443.9600
1624692872870000,1,3.88390000,443.1000
1624692872980000,1,0.00006360,443.1000
1624692876111000,1,2.32000000,442.7700
1624692876111000,1,6.41238981,442.7500
1624692884347000,1,2.32000000,442.5900
1624692884347000,1,3.38623399,442.4700
1624692884347000,1,2.99981400,442.4500
1624692928465000,0,0.09375000,441.6300
1624692928465000,0,0.46625000,441.8800
1624692934945000,1,3.39610000,441.1500
1624692938289000,0,4.17790000,441.7100
1624692938415000,0,0.00004917,441.7100
1624692962638000,0,0.56000000,442.0200
1624692997647000,0,0.56000000,442.5800
1624693003541000,1,3.37258059,441.9300
1624693003562000,1,9.82741941,441.9300
1624693003638000,0,3.35430290,441.9100
1624693004202000,1,0.23582405,441.8200
1624693004224000,1,2.08417595,441.8200
1624693036809000,1,3.43256349,441.2300
1624693036821000,1,0.00000001,441.2300
1624693038204000,1,0.58756123,440.9900
1624693038343000,1,0.47002189,440.9900
1624693038377000,1,11.54241688,440.9900
1624693038712000,1,0.07700735,440.8500
1624693039415000,1,0.01674265,440.8500
1624693047366000,1,0.82367840,440.1500
1624693047366000,1,0.50000000,440.0000
1624693047366000,1,0.64402160,439.8700
1624693083204000,0,0.56000000,440.0200
1624693109776000,1,2.00000000,438.0000
1624693117895000,0,0.56000000,438.8000
1624693128924000,0,3.42390000,438.5400
1624693152963000,0,0.56000000,438.2500
1624693173271000,0,0.00009950,438.5400
1624693187970000,0,0.56000000,440.1600
1624693212510000,1,9.10000000,439.1800
1624693212891000,1,0.77900000,438.9800
1624693212905000,1,0.27391764,438.9800
1624693213053000,1,0.70751228,438.9000
1624693213071000,1,1.92483805,438.9000
1624693213071000,1,0.80364686,438.8700
1624693213102000,1,0.24915577,438.8700
1624693213194000,1,4.00000000,438.8100
1624693213596000,1,0.66623463,438.5700
1624693226032000,0,0.56000000,439.7900
1624693254529000,0,0.33000000,440.2300
1624693256063000,1,0.52208645,439.6600
1624693256110000,1,0.44324386,439.6600
1624693256233000,1,0.02167513,439.6600
1624693269015000,0,0.56000000,440.2900
1624693271322000,0,1.96760000,440.3100
1624693362922000,0,3.40000000,440.4600
1624693362969000,0,0.00857427,440.4600
1624693395207000,0,3.40000000,440.4700
1624693395287000,0,0.00773857,440.4700
1624693395463000,0,3.40773857,440.4700
1624693395463000,0,4.15648818,440.6300
1624693395463000,0,5.67944071,440.6700
1624693423299000,0,3.40030107,441.6600
1624693428876000,1,0.08999999,441.3800
1624693428884000,1,0.00000001,441.3800
1624693437522000,0,2.32000000,441.1500
1624693437522000,0,3.40000000,441.1700
1624693486399000,1,0.09374999,439.8200
1624693486401000,1,0.00000001,439.8200
1624693501226000,1,3.92390000,438.6600
1624693501428000,1,0.89982216,438.5700
1624693501428000,1,10.79037784,438.5500
1624693501596000,1,2.24958485,438.5100
1624693503324000,0,1.15000000,438.6500
1624693505576000,0,0.09562499,438.8600
1624693505581000,0,0.00000001,438.8600
1624693505737000,0,0.09562000,438.9700
1624693505750000,0,0.00000500,438.9700
1624693521249000,1,0.09562500,438.2800
1624693521249000,1,0.75005245,438.2700
1624693521249000,1,2.36632255,438.1800
1624693534529000,0,0.56000000,438.2600
1624693547628000,0,2.32000000,438.7300
1624693547944000,0,0.18710000,438.9400
1624693557666000,0,8.33454072,439.8400
1624693567694000,0,0.56000000,439.8100
1624693600873000,0,7.50000000,441.0700
1624693684928000,0,3.40300000,441.1000
1624693687235000,0,0.00004288,441.1000
1624693687235000,0,3.39995712,441.3100
1624693687391000,0,0.00093619,441.3100
1624693753759000,0,3.40910000,440.3400
1624693894438000,0,3.42000000,437.8500
1624693905538000,1,0.04800420,437.3900
1624693908083000,0,3.79700000,437.5500
1624693910650000,0,0.56000000,437.5900
1624693911759000,0,2.87084000,437.5900
1624693911969000,0,0.00000014,437.5900
1624693911969000,0,5.71895986,437.7000
1624693914183000,1,0.09438059,437.3900
1624693914183000,1,2.22561941,437.2500
1624693935800000,1,2.00000000,436.8600
1624693944295000,0,0.56000000,437.3600
1624693964755000,0,3.43062000,437.6700
1624693966177000,0,0.00000703,437.6700
1624693966177000,0,0.23999297,437.9600
1624693966242000,0,0.85000000,437.9600
1624693966487000,0,7.79154467,438.1000
1624693979939000,0,0.56000000,437.8000
1624694015067000,0,0.56000000,437.4800
1624694029404000,0,3.43240000,437.3700
1624694029489000,0,0.00000318,437.3700
1624694041385000,0,3.43000000,437.5600
1624694050091000,0,0.00085222,437.5600
1624694050091000,0,0.55914778,438.0100
1624694143262000,1,0.34783723,436.5700
1624694146002000,1,4.11960000,436.3800
1624694146189000,1,15.72896504,436.3400
1624694146615000,1,0.77677873,436.0500
1624694156927000,0,0.56000000,437.4800
1624694196702000,0,3.43140000,437.6300
1624694196738000,0,0.00002786,437.6300
1624694214638000,0,4.06500000,438.3800
1624694230016000,0,17.03660000,439.8300
1624694239077000,1,2.32000000,439.5100
1624694258789000,0,0.73925667,438.3300
1624694330125000,0,3.43579116,437.0600
1624694333831000,0,0.19870000,437.6600
1624694354341000,1,11.60000000,437.2500
1624694354495000,1,1.03650000,437.2500
1624694365205000,0,3.43170000,437.5400
1624694365206000,0,0.00000952,437.5400
1624694387951000,0,2.87609816,437.8000
1624694388000000,0,0.55321596,437.8000
1624694421647000,0,3.43000000,436.9900
1624694421816000,0,0.00477114,436.9900
1624694455094000,0,0.66210000,437.7200
1624694482923000,1,9.13200000,437.1600
1624694482923000,1,2.32000000,437.1300
1624694482923000,1,4.07068413,437.1100
1624694482923000,1,3.42800092,437.1000
1624694482923000,1,8.94400000,437.0600
1624694482923000,1,0.93705805,437.0400
1624694482923000,1,13.61335082,437.0300
1624694521940000,0,0.31721940,438.6200
1624694531662000,0,1.03180000,439.1500
1624694532263000,0,5.98580000,439.3500
1624694568223000,1,13.53670000,438.1700
1624694568278000,1,1.05820000,438.1700
1624694568326000,1,0.90510000,438.1700
1624694570138000,1,18.00000000,437.5700
1624694570565000,1,57.15944776,437.5700
1624694570606000,1,11.60000000,437.5700
1624694570848000,1,1.13870000,437.5700
1624694570965000,0,0.09561691,437.8400
1624694571377000,0,6.80246000,437.9500
1624694571379000,0,0.00000062,437.9500
1624694610173000,0,2.72669000,436.6400
1624694610506000,0,0.00000738,436.6400
1624694610506000,0,0.09412112,436.6500
1624694610648000,0,0.00000739,436.6500
1624694610884000,0,0.09362852,436.7100
1624694611006000,0,0.00000001,436.7100
1624694626787000,0,2.40877000,436.4300
1624694626979000,0,0.00000690,436.4300
1624694647608000,0,2.06580000,436.0000
1624694652520000,0,0.57000000,436.4800
1624694668284000,0,2.06467872,436.3200
1624694669519000,0,4.13680000,436.5100
1624694682341000,0,0.19000000,436.3200
1624694682849000,0,1.87460000,436.3200
1624694685046000,0,0.00006611,436.3200
1624694685046000,0,2.06313389,436.5700
1624694686496000,0,0.00008163,436.5700
1624694686496000,0,2.06321552,436.5700
1624694723290000,0,2.06830000,435.5200
1624694731935000,0,0.00007975,435.5200
1624694731935000,0,2.06692025,435.7900
1624694743799000,1,0.60000000,435.3000
1624694754323000,0,2.73770000,435.0600
1624694758144000,0,0.57000000,434.9400
1624694777932000,0,0.43243412,434.2500
1624694778858000,0,0.56756588,434.2500
1624694778858000,0,1.50643412,434.3400
1624694789713000,0,0.57000000,434.9000
1624694814651000,0,1.00050000,434.3600
1624694823739000,0,0.57000000,434.6300
1624694830720000,0,0.46056223,434.1800
1624694830934000,0,1.61376389,434.1800
1624694836961000,0,2.07445000,434.1700
1624694837148000,0,0.00000856,434.1700
1624694856057000,0,2.07418000,434.2000
1624694858430000,0,0.00000734,434.2000
1624694858430000,0,0.56999266,434.4000
1624694862705000,0,1.50305073,434.4000
1624694865213000,0,2.07226000,434.6000
1624694877485000,0,1.72896000,434.1300
1624694877528000,0,0.00000442,434.1300
1624694878695000,0,10.43860000,434.3300
1624694893832000,0,0.57000000,433.9100
1624694897880000,0,0.37923048,432.6500
1624694897880000,0,0.00000001,432.6500
1624694898663000,0,2.74736000,433.3800
1624694898724000,0,0.00000913,433.3800
1624694921566000,0,1.73460000,432.8200
1624694928777000,0,0.57000000,432.5300
1624694934407000,0,1.73550000,432.5400
1624694935892000,0,0.00004135,432.5400
1624694936022000,0,0.00000719,432.8200
1624694963799000,0,0.57000000,432.2700
1624694998741000,0,0.57000000,433.6000
1624695007747000,0,1.05820000,433.4400
1624695007845000,0,0.67412390,433.4400
1624695007845000,0,1.60587610,433.5300
1624695007862000,0,1.87650000,433.5300
1624695033701000,0,0.57000000,433.7500
1624695047107000,0,2.07647000,433.7900
1624695053071000,0,0.00000808,433.7900
1624695053071000,0,3.41000192,433.9500
1624695053177000,0,0.00001628,433.9500
1624695067980000,0,0.00002737,434.3300
1624695067980000,0,0.42997263,434.5000
1624695075432000,0,0.57000000,434.8200
1624695075485000,1,0.50413788,434.3100
1624695075501000,1,1.64941106,434.3100
1624695075796000,1,1.58561557,434.3100
1624695075976000,1,4.19369358,434.3100
1624695076033000,1,2.32000000,434.3200
1624695076033000,1,0.68000000,434.3100
1624695076166000,1,1.50000000,434.3100
1624695076232000,1,2.83575123,434.3100
1624695076256000,1,3.95139068,434.3100
1624695079637000,1,2.32000000,433.6700
1624695116345000,0,0.11000000,433.7000
1624695129734000,0,0.57000000,432.8900
1624695150510000,1,0.09682296,432.2200
1624695150928000,1,1.12070000,432.0000
1624695160592000,0,0.57000000,432.4200
1624695167477000,1,0.07930000,432.0000
1624695170952000,0,2.75603259,431.9700
1624695170952000,0,4.40536741,431.9700
1624695171104000,0,1.07310000,431.9700
1624695185125000,0,1.12070000,432.2900
1624695195283000,0,0.57000000,432.2400
1624695219103000,1,0.04860410,431.6000
1624695220139000,0,0.20242180,431.6200
1624695230662000,0,0.09406311,431.2500
1624695230662000,0,0.47593689,431.2700
1624695240575000,1,1.00000000,430.3800
1624695240801000,1,0.86787121,430.1400
1624695240801000,1,0.28652879,430.0500
1624695240877000,1,0.86787121,430.0900
1624695241286000,1,11.50000000,430.0300
1624695241286000,1,0.25000000,430.0000
1624695241286000,1,1.00000000,430.0000
1624695265487000,0,0.57000000,430.4500
1624695266965000,0,2.02210000,430.7000
1624695300562000,0,0.57000000,430.9200
1624695310622000,0,38.72857000,430.8900
1624695331310000,1,0.16500000,431.1100
1624695335774000,0,0.57000000,432.0700
1624695335907000,0,2.18964495,432.0700
1624695409641000,1,11.10000000,431.6400
1624695413931000,1,0.09206000,431.3400
1624695440328000,1,0.18200000,431.4900
1624695455580000,1,0.06000000,431.4900
1624695455580000,1,0.06000000,431.4900
1624695456898000,1,0.06000000,431.3400
1624695456898000,1,0.06000000,431.3400
1624695459545000,1,10.90000000,430.8300
1624695461402000,0,0.06000000,431.2500
1624695466528000,1,0.22000000,430.7200
1624695467528000,0,0.22000000,430.7200
1624695469268000,1,0.16400000,430.6100
1624695470227000,1,0.17400000,430.5000
1624695470369000,1,0.60114000,430.4800
1624695470488000,1,0.00000474,430.4800
1624695470488000,1,0.19199526,430.3900
1624695471726000,1,0.00000474,430.3900
1624695471726000,1,0.21399526,430.2800
1624695472270000,0,0.06000000,430.3800
1624695475206000,1,0.00000474,430.2800
1624695475206000,1,0.21599526,430.1700
1624695477971000,0,0.57000000,430.3100
1624695479866000,0,0.06000000,430.3100
1624695507022000,1,11.60000000,430.0200
1624695512738000,0,0.57000000,430.5300
1624695547750000,0,0.57000000,430.0000
1624695549665000,0,11.60000000,430.0200
1624695582826000,0,0.57000000,429.8300
1624695613136000,0,40.50000000,430.5100
1624695617639000,0,0.57000000,430.8700
1624695648048000,0,0.57000000,431.8800
1624695675962000,1,1.23035315,432.0300
1624695680437000,0,0.08930000,433.1100
1624695754282000,0,0.08240000,433.7100
1624695770492000,1,8.11875000,432.9300
1624695770556000,1,10.08125000,432.9300
1624695907292000,1,8.23800000,432.0300
1624695907473000,1,0.00006887,432.0300
1624695907473000,1,9.24293113,431.9900
1624695912348000,1,9.24500000,431.8200
1624695914937000,1,9.25500000,431.5900
1624695915087000,1,4.15697000,431.5400
1624695944673000,0,0.10000000,431.5500
1624695960048000,0,0.57000000,431.7900
1624696019856000,0,1.73000000,431.8100
1624696019962000,0,0.00796733,431.8100
1624696031250000,0,3.97032185,432.2200
1624696031250000,0,1.72967815,432.2300
1624696045913000,0,7.60840000,432.8200
1624696048560000,0,2.74850000,433.3300
1624696052580000,1,2.23738797,433.0000
1624696096088000,0,1.73000000,433.5400
1624696096490000,0,0.00125516,433.5400
1624696152739000,0,1.73070000,433.6000
1624696237758000,0,0.00016102,435.7900
1624696237758000,0,3.82873898,436.1000
1624696280992000,0,1.37699185,436.0900
1624696310525000,0,3.44000000,436.2500
1624696312461000,0,0.00071666,436.2500
1624696312461000,0,3.43928334,436.2500
1624696313339000,0,0.00143332,436.2500
1624696313339000,0,5.72856668,436.4400
1624696347410000,1,0.39883000,436.5000
1624696347438000,1,1.78222000,436.5000
1624696365565000,0,3.43660000,436.7700
1624696368049000,0,0.00000500,436.7700
1624696391095000,1,0.67497735,437.9100
1624696399663000,0,3.42339466,438.6200
1624696399663000,0,2.28640534,438.8000
1624696399681000,0,2.00000000,438.7300
1624696399686000,0,2.95420000,438.8000
1624696402250000,1,16.60000000,439.8200
1624696402536000,1,34.00000000,439.8500
1624696407628000,0,2.32000000,440.2100
1624696407628000,0,0.00000237,440.3400
1624696407628000,0,0.09103452,440.4600
1624696410342000,0,0.09396598,440.2300
1624696410342000,0,2.32000000,440.4000
1624696410342000,0,6.43603402,440.4100
1624696433006000,1,0.33800000,439.1100
1624696433318000,1,0.35500000,439.0200
1624696433912000,1,0.35500000,439.0000
1624696437597000,1,0.40400000,438.8900
1624696438126000,1,0.35800000,438.7800
1624696438218000,1,0.36900000,438.6700
1624696438354000,1,0.37200000,438.5600
1624696438354000,1,8.73900000,438.5100
1624696440879000,1,0.37900000,438.4500
1624696440905000,1,7.00000000,438.4600
1624696441191000,1,11.60000000,438.4400
1624696442284000,1,0.21200000,438.3400
1624696516377000,0,3.43000000,437.0900
1624696520987000,0,3.43279352,437.4200
1624696520987000,0,2.00000000,437.4800
1624696520987000,0,7.59516554,437.4900
1624696520987000,0,2.32000000,437.4900
1624696520987000,0,4.06516182,437.4900
1624696575141000,0,2.31000000,436.5000
1624696579487000,0,0.66478319,436.5000
1624696587552000,0,0.46000000,436.5000
1624696594895000,0,3.43000000,436.5000
1624696636335000,1,1.46937276,435.7200
1624696636371000,1,1.46132097,435.7200
1624696636423000,1,4.00162092,435.7200
1624696690200000,1,11.54726182,434.3100
1624696690200000,1,3.65503818,434.2900
1624696715761000,0,0.04650946,434.2200
1624696726568000,0,3.45000000,434.0000
1624696744476000,0,4.59000000,434.0400
1624696744906000,0,6.98562000,434.0400
1624696745183000,0,0.47138000,434.0400
1624696754331000,1,0.09583182,433.8400
1624696754460000,1,3.45642267,433.7300
1624696755088000,1,2.32000000,433.7500
1624696755531000,1,1.43437448,433.6600
1624696777370000,1,3.46000000,433.3000
1624696795094000,1,3.99112000,432.7800
1624696834743000,0,0.57000000,432.3100
1624696865825000,0,0.57000000,432.1900
1624696902219000,0,0.57000000,430.7400
1624696906370000,0,0.14570000,430.6800
1624696915143000,1,2.32000000,429.9800
1624696915644000,1,2.44000000,429.7600
1624696915808000,1,1.31303798,429.7600
1624696925088000,0,23.20000000,430.9500
1624696925349000,0,0.23437500,430.9600
1624696925840000,0,23.19990000,430.9600
1624696925881000,0,5.24297500,430.9600
1624696927738000,1,2.32000000,431.0000
1624696936594000,0,0.57000000,431.5200
1624696965405000,1,23.20000000,431.7100
1624696972299000,0,0.57000000,431.8600
1624696993678000,0,15.90000000,433.1900
1624696998914000,1,0.17946801,432.8600
1624697044033000,1,23.20000000,432.0900
1624697044143000,1,8.47126000,432.0900
1624697107063000,1,1.24644000,431.5100
1624697107072000,1,0.00000243,431.5100
1624697136013000,1,2.32000000,433.1500
1624697136782000,1,2.32000000,433.0000
1624697137716000,1,2.32000000,432.8300
1624697141197000,1,10.50000000,432.4000
1624697141259000,1,1.80000000,432.4000
1624697162902000,0,3.45990000,434.0900
1624697162986000,0,0.00004851,434.0900
1624697168963000,1,0.15000000,433.7300
1624697168981000,1,0.00311596,433.7300
1624697190238000,1,3.46016853,433.0700
1624697315425000,0,3.47201000,432.3900
1624697320147000,0,0.57000000,432.8700
1624697342281000,0,11.82400000,432.3000
1624697370787000,0,7.56000000,432.5500
1624697407162000,1,11.60000000,433.0800
1624697407408000,1,1.40000000,433.0800
1624697416195000,1,0.25259444,432.3600
1624697443203000,1,0.22444000,431.3900
1624697452610000,1,0.21191430,430.9400
1624697452610000,1,0.52977570,430.9400
1624697465828000,0,0.57000000,431.8300
1624697474743000,0,12.70000000,432.9000
1624697585267000,1,0.25000000,430.0000
1624697586378000,0,0.57000000,430.3000
1624697589474000,0,1.65000000,430.3000
1624697589476000,0,1.26831849,430.3000
1624697600539000,1,9.30200000,429.6400
1624697600539000,1,8.31582501,429.5800
1624697600539000,1,3.93838209,429.5700
1624697600539000,1,32.76248000,429.5600
1624697600645000,1,0.19323296,429.5900
1624697600739000,0,3.29625997,429.5700
1624697601081000,1,1.24413003,429.5800
1624697601401000,1,0.48308240,429.5000
1624697601619000,1,1.25000000,429.3700
1624697621279000,0,0.57000000,429.8500
1624697656172000,0,0.57000000,430.6400
1624697673719000,0,11.60000000,430.6500
1624697674341000,0,2.76715000,430.6700
1624697674496000,0,0.00000061,430.6700
1624697686439000,0,0.57000000,430.8600
1624697690413000,1,0.19266000,430.1500
1624697703037000,1,11.60000000,429.9200
1624697703124000,1,6.00000000,429.9200
1624697722016000,0,0.57000000,429.6400
1624697743735000,1,3.49000000,428.7000
1624697756381000,0,0.57000000,429.1300
1624697792191000,0,0.57000000,430.1400
1624697826762000,0,0.57000000,431.3200
1624697826930000,0,7.25309478,431.3200
1624697882321000,0,0.57000000,431.4100
1624697917179000,0,0.57000000,431.4200
1624697919269000,0,1.86570000,431.4200
1624697925797000,1,0.13350363,431.0900
1624697944729000,0,12.51600000,431.6800
1624697950885000,1,2.32000000,431.9600
1624697993549000,0,3.32700000,432.8100
1624698014181000,0,11.05119000,432.1700
1624698079395000,1,13.80000000,433.4400
1624698084466000,1,0.27222000,433.6200
1624698123785000,1,11.60000000,431.5200
1624698128239000,1,11.70000000,431.0800
1624698172881000,1,1.00000000,430.6700
1624698181979000,0,0.29352715,430.0800
1624698209816000,0,2.44070000,430.4600
1624698223009000,0,0.57000000,431.1000
1624698233716000,1,0.10757867,430.0600
1624698234425000,1,0.10757866,429.8800
1624698234472000,1,0.00000001,429.8800
1624698234472000,1,0.26901170,429.8300
1624698258288000,0,0.57000000,431.0700
1624698289378000,1,7.00000000,430.6800
1624698289597000,1,8.30000000,430.6800
1624698326966000,1,0.09488693,431.4500
1624698377440000,0,2.43820000,430.8800
1624698378534000,0,0.00005798,430.8800
1624698378534000,0,3.93034202,431.0300
1624698378695000,0,3.77366000,431.0100
1624698390741000,1,1.00000000,431.0100
1624698412795000,0,2.43942855,430.8600
1624698429920000,0,2.43000000,431.3600
1624698433286000,0,2.43332832,431.8200
1624698435299000,0,3.88000000,431.8400
1624698578899000,0,1.64000000,431.2800
1624698578920000,0,0.11331470,431.2800
1624698579125000,0,2.81668000,431.2800
1624698584981000,0,0.00000530,431.2800
1624698682463000,1,13.40000000,430.2100
1624698685326000,1,0.08000000,430.1500
1624698685330000,1,0.00030626,430.1500
1624698728876000,0,11.60000000,432.3200
1624698728965000,0,0.08000000,432.3200
1624698728973000,0,1.32800000,432.3200
1624698740504000,1,0.39729000,432.8300
1624698832760000,0,0.57000000,431.3100
1624698868070000,0,0.57000000,431.5300
1624698902274000,0,0.57000000,430.6100
1624698913288000,0,1.39231025,431.2200
1624699023456000,0,0.57000000,430.3400
1624699051177000,0,7.28764541,430.8400
1624699051180000,0,5.71235459,430.8400
1624699064695000,0,0.57000000,430.3200
1624699099473000,0,0.57000000,430.5800
1624699121626000,1,2.32000000,430.7500
1624699121626000,1,9.90000000,430.7300
1624699121626000,1,0.77844583,430.6700
1624699159862000,0,4.22800000,430.3800
1624699164297000,0,15.90600000,430.8300
1624699218441000,0,6.90100000,431.3800
1624699218535000,0,0.00000950,431.3800
1624699350070000,0,0.11484037,433.2100
1624699362546000,0,0.15600000,433.3600
1624699365307000,0,0.11150000,433.3600
1624699433261000,1,1.99485000,431.9400
1624699433261000,1,4.17515000,431.9300
1624699433472000,1,17.60000000,431.8700
1624699452721000,0,9.92000000,432.2600
1624699482973000,0,3.91881000,432.6500
1624699513215000,1,3.46900000,432.0100
1624699529598000,0,3.48500000,432.8800
1624699579732000,1,2.32000000,433.8000
1624699594993000,1,0.73934000,433.7600
1624699617206000,1,13.20000000,432.8200
1624699673495000,0,3.89000000,432.9400
1624699673568000,0,0.24586469,432.9400
1624699693806000,0,7.87095199,434.2800
1624699788308000,0,3.41400000,434.0700
1624699788382000,0,9.71800000,434.0900
1624699816583000,1,3.81806000,433.7100
1624699892356000,1,12.20000000,434.5700
1624699892356000,1,3.44000000,434.5700
1624699910762000,0,2.10609005,435.1800
1624699975625000,0,4.21350000,436.8000
1624700030124000,0,2.32000000,436.9400
1624700046491000,0,2.32000000,437.0000
1624700046491000,0,1.03000000,437.0200
1624700049298000,0,0.00045866,437.0200
1624700049298000,0,1.02997931,437.2000
1624700052405000,1,0.09555182,437.0500
1624700052651000,0,9.12844000,437.0200
1624700052764000,0,0.00000818,437.0200
1624700079416000,1,4.83490000,437.6200
1624700084050000,0,2.32000000,437.8400
1624700088748000,0,5.89700000,438.0600
1624700120485000,1,0.50062479,436.9900
1624700120485000,1,3.42954172,436.9800
1624700120485000,1,4.15127491,436.9700
1624700210863000,0,0.68733202,436.7700
1624700265455000,0,0.68682069,437.0800
1624700265514000,0,1.92184000,437.0700
1624700266151000,0,0.39815999,437.0700
1624700266237000,0,0.00000001,437.0700
1624700281073000,0,2.32000000,437.8800
1624700295033000,0,0.15890603,438.0500
1624700311262000,1,2.32000000,438.1800
1624700311546000,1,6.00000000,438.0800
1624700329947000,0,2.32000000,438.6400
1624700337967000,1,1.15000000,439.2600
1624700355859000,0,5.47000000,439.9500
1624700356125000,0,5.96880000,439.9500
1624700356485000,0,0.06220000,439.9500
1624700385119000,0,2.32000000,441.1000
1624700401261000,0,3.43174000,441.1600
1624700402029000,0,3.05700000,441.1700
1624700429854000,1,0.16000000,441.0400
1624700442118000,0,0.10940000,441.1100
1624700527059000,1,7.00000000,438.8600
1624700527082000,1,4.00000000,438.8600
1624700627379000,1,8.38694647,437.3900
1624700627417000,1,3.89761875,437.3800
1624700635990000,0,1.20000000,437.5800
1624700639492000,1,2.32000000,436.8900
1624700639492000,1,2.00000000,436.8800
1624700639492000,1,17.60000000,436.8700
1624700666523000,1,3.43140000,436.7100
1624700682577000,0,1.93000000,437.0700
1624700723030000,1,25.44271000,435.8600
1624700727818000,1,15.40000000,435.3600
1624700732041000,1,31.17000000,435.0000
1624700825783000,0,5.38800000,437.3800
1624700826781000,0,8.00000000,437.6000
1624700826992000,0,0.42800000,437.6000
1624700838938000,1,2.32000000,438.4900
1624700866159000,1,12.80000000,438.8100
1624700879600000,0,2.32000000,439.8400
1624700886768000,1,0.18100000,440.1200
1624700889187000,1,0.17000000,440.0100
1624700889526000,1,0.00300000,440.0100
1624700890160000,1,0.15100000,439.9000
1624700890380000,1,0.22300000,439.7900
1624700897752000,1,0.18500000,439.6800
1624700899692000,1,0.15000000,439.5700
1624700899719000,1,0.00800000,439.5700
1624700899943000,1,0.15999999,439.4600
1624700899946000,1,0.00000001,439.4600
1624700902341000,1,0.20000000,439.3500
1624700902376000,1,0.00600000,439.3500
1624700931754000,0,0.68300000,439.0400
1624700931779000,0,0.00077058,439.0400
1624701007469000,0,3.06900000,439.0700
1624701029784000,1,12.80000000,438.8200
1624701133812000,0,11.54700000,439.5400
1624701147743000,0,7.93020000,440.5600
1624701248111000,1,2.32000000,440.3300
1624701254325000,0,11.64700000,440.9400
1624701255859000,1,34.00000000,440.9700
1624701260874000,1,2.32000000,440.5800
1624701273694000,1,6.58277000,440.9400
1624701273768000,1,6.00000000,440.9400
1624701470158000,0,0.09670000,439.2600
1624701477071000,0,0.20000000,439.1600
1624701557593000,0,0.34190186,438.9500
1624701557593000,0,2.31809814,438.9500
1624701561253000,1,11.99900000,439.3700
1624701561253000,1,1.36200000,439.2000
1624701618398000,0,0.34214000,438.6600
1624701649618000,0,0.34000000,438.4800
1624701649830000,0,0.00228898,438.4800
1624701649942000,0,0.57066400,438.5500
1624701649981000,0,0.34228898,438.4800
1624701649983000,0,4.03701425,438.6300
1624701649983000,0,2.32000000,438.6500
1624701649983000,0,16.53298575,438.7200
1624701651104000,0,2.32000000,438.7100
1624701651104000,0,6.13276000,438.7300
1624701656338000,0,0.34191000,439.0900
1624701659615000,0,0.00000376,439.0900
1624701659615000,0,3.55099624,439.3400
1624701662612000,0,0.00000376,439.3400
1624701675135000,0,4.08000000,439.6400
1624701691264000,0,2.32000000,440.3300
1624701691264000,0,3.43064449,440.3400
1624701708560000,0,2.00000000,440.8900
1624701752609000,1,0.40000000,440.4300
1624701807223000,1,12.50000000,440.4400
1624701823054000,0,6.68820701,440.8400
1624701823054000,0,8.20618283,440.8500
1624701823054000,0,3.37937133,440.9400
1624701823054000,0,0.09005245,440.9800
1624701836740000,1,4.05000000,440.3000
1624701841690000,1,4.39000000,440.2700
1624701874893000,0,4.88000000,440.5200
1624701877012000,0,0.00300000,440.5200
1624701877012000,0,0.83593318,440.5700
1624701877034000,0,3.92713142,440.5700
1624701877048000,0,0.61064040,440.5700
1624701877089000,0,4.54029500,440.5700
1624701964480000,1,2.32000000,440.6900
1624701964577000,1,6.18384539,440.6700
1624701978213000,1,2.32000000,440.4000
1624701978213000,1,4.03012128,440.3800
1624701978286000,0,12.64987872,440.3800
1624702074656000,1,7.82710000,439.5700
1624702074709000,1,1.25290000,439.5700
1624702087653000,1,9.09500000,439.1500
1624702098061000,1,7.70220000,438.8900
1624702098066000,1,0.00006751,438.8900
1624702113845000,1,1.42634099,438.2400
1624702129914000,1,1.14388644,437.8300
1624702130099000,1,2.28300000,437.8300
1624702130170000,1,5.69511356,437.8300
1624702130170000,1,0.76606258,437.7300
1624702141747000,0,2.71000000,438.0500
1624702181607000,1,0.72798000,436.8300
1624702203259000,0,4.39200000,437.9800
1624702278726000,0,3.96000000,437.6700
1624702349482000,0,3.15000000,438.0200
1624702351283000,0,4.72040000,438.0200
1624702353534000,0,3.45000000,438.2100
1624702357476000,0,0.00827342,438.2100
1624702357846000,0,4.00570000,438.3300
1624702398909000,0,8.91700000,438.5400
1624702417714000,0,8.33157773,439.5400
1624702421299000,0,0.10990000,439.4500
1624702473733000,1,3.46812515,439.1900
1624702475167000,1,0.62357355,438.8500
1624702499718000,1,4.05637000,438.8900
1624702499983000,1,3.51667626,438.7300
1624702504867000,1,8.08562000,438.3200
1624702506536000,1,0.61108564,437.9700
1624702518546000,1,4.01924148,437.4800
1624702518678000,1,0.58720531,437.3700
1624702518678000,1,7.25839469,437.3600
1624702520035000,1,1.12720000,437.3400
1624702554168000,0,7.85653468,437.5700
1624702565041000,0,4.13310000,438.2900
1624702567806000,0,3.39570000,438.5100
1624702567839000,0,0.00000362,438.5100
1624702567839000,0,0.17800592,438.5300
1624702567839000,0,0.94919046,438.5400
1624702567847000,0,9.37480000,438.5400
1624702722981000,0,5.82500000,439.5600
1624702732958000,0,3.93000000,439.7400
1624702742144000,0,8.25000000,440.0300
1624702760503000,1,3.46879199,439.6600
1624702760511000,1,0.54105435,439.6600
1624702806602000,1,9.10300000,439.1500
1624702807194000,1,9.10300000,439.1500
1624702872520000,1,7.69429507,438.8800
1624703117758000,0,11.60000000,439.2500
1624703118281000,0,2.31500000,439.2500
1624703118630000,0,1.12900000,439.3500
1624703118842000,0,13.23820000,439.3500
1624703120583000,1,0.10709111,438.9800
1624703120583000,1,2.21290889,438.9700
1624703124904000,0,7.39880000,439.3500
1624703129471000,1,0.10250763,439.1400
1624703194311000,1,3.40393965,438.2200
1624703230704000,1,4.81523655,437.8500
1624703230723000,1,2.33137528,437.8500
1624703278077000,1,2.24503081,437.3400
1624703278105000,1,0.79283819,437.3400
1624703366847000,0,7.89700000,437.9400
1624703389598000,1,0.21300000,437.6800
1624703416844000,1,0.19000000,437.7000
1624703485547000,0,0.11150000,437.5200
1624703603741000,0,7.96000000,436.9700
1624703651335000,0,3.86000000,437.2100
1624703655789000,0,1.51000000,437.6400
1624703703191000,1,0.17400000,437.8500
1624703717992000,0,5.43000000,438.3200
1624703728260000,0,0.00400000,438.3200
1624703728260000,0,11.02600000,438.3300
1624703728338000,0,0.00700000,438.3300
1624703739555000,1,0.15900000,437.8600
1624703739643000,1,0.15500000,437.7500
1624703746085000,1,9.13400000,437.2800
1624703751446000,1,9.13900000,437.2000
1624703849579000,0,0.08830000,437.4100
1624703926121000,1,0.17800000,437.0800
1624704057634000,1,0.19500000,437.6400
1624704064439000,1,0.21000000,437.5300
1624704069960000,1,0.18900000,437.4200
1624704071065000,1,0.19100000,437.3100
1624704072610000,1,0.16600000,437.2000
1624704164893000,1,4.15210000,435.9300
1624704244639000,0,4.10000000,435.5200
1624704244737000,0,0.00485515,435.5200
1624704254436000,0,0.99423000,435.1700
1624704254440000,0,0.00000057,435.1700
1624704302760000,0,7.56000000,435.2900
1624704308981000,0,0.00800000,435.2900
1624704308981000,0,0.70200000,435.4600
1624704343141000,1,9.19600000,434.2600
1624704344470000,1,11.60000000,434.1800
1624704344485000,1,2.12460000,434.1700
1624704344941000,1,0.99968864,434.1700
1624704344984000,1,5.50000000,434.1700
1624704345046000,1,4.00000000,434.1700
1624704345136000,1,2.50000000,434.1700
1624704345214000,1,0.77571136,434.1700
1624704370378000,1,1.00000000,434.1800
1624704386477000,0,10.30000000,434.8000
1624704395899000,0,0.13330000,434.8200
1624704483182000,0,11.83000000,435.7100
1624704483184000,0,0.00800000,435.7100
1624704484831000,0,11.60000000,436.0600
1624704485174000,0,0.88000000,436.0900
1624704558068000,1,2.32000000,435.8500
1624704560121000,1,8.10019053,435.8000
1624704730336000,1,9.90000000,436.3800
1624704866829000,0,2.32000000,436.5600
1624704866954000,0,2.32000000,436.5900
1624704897566000,0,12.33100000,436.6500
1624704897566000,0,6.06900000,436.6500
1624704897966000,0,0.00400000,436.6500
1624704897966000,0,8.41541956,436.8900
1624704897966000,0,4.14579587,436.9100
1624704939042000,1,2.32000000,437.5200
1624705170404000,1,16.50000000,440.0100
1624705187740000,0,1.77290025,440.2700
1624705188006000,0,0.86887347,440.2700
1624705190506000,0,2.33732995,440.2700
1624705190673000,0,6.93989000,440.2700
1624705190678000,0,0.00000633,440.2700
1624705203386000,0,7.50000000,440.6600
1624705203493000,0,11.14200000,440.6600
1624705207928000,0,4.15537000,441.1100
1624705208038000,0,9.05900000,441.2500
1624705226052000,1,13.20000000,440.9100
1624705295718000,0,13.80380000,441.6100
1624705295799000,0,0.46700000,441.6100
1624705296117000,0,0.84654511,441.6100
1624705296129000,0,1.07800000,441.6100
1624705296217000,0,1.07310000,441.6100
1624705296237000,0,3.39830000,441.6100
1624705296291000,0,0.54601056,441.6100
1624705296292000,0,0.35600000,441.6100
1624705296296000,0,1.08776965,441.6100
1624705296298000,0,2.33411892,441.6100
1624705296373000,0,14.26548576,441.6100
1624705305252000,0,2.32000000,442.4400
1624705314714000,1,12.90000000,443.0500
1624705321856000,0,1.57000000,443.9400
1624705322582000,0,3.42592591,443.8800
1624705324274000,1,0.09258582,443.8700
1624705351868000,1,23.22108802,443.6300
1624705351868000,1,0.25350465,443.6100
1624705389762000,1,11.60000000,443.1600
1624705390531000,1,0.22144575,443.0100
1624705390641000,1,0.22144575,442.9200
1624705390641000,1,0.82165425,442.8100
1624705390796000,1,0.63758000,442.7800
1624705390891000,1,0.22144575,442.8200
1624705390891000,1,0.00000428,442.7800
1624705390891000,1,0.00409997,442.7600
1624705391260000,1,0.22144000,442.7700
1624705391334000,1,0.00000575,442.7700
1624705391334000,1,0.25515425,442.7700
1624705412947000,1,0.65163000,442.2700
1624705413014000,1,0.00000480,442.2700
1624705413014000,1,1.10799520,442.2500
1624705413226000,1,0.65165691,442.2500
1624705419856000,0,0.33000000,442.5800
1624705430416000,0,0.56000000,442.5800
1624705442068000,0,0.33000000,442.3600
1624705492220000,1,10.40000000,441.8900
1624705504244000,1,16.60000000,441.7900
1624705515546000,1,4.10000000,441.5500
1624705572691000,1,23.15610000,440.7400
1624705572786000,1,1.65794150,440.7400
1624705572910000,1,22.50000000,440.7400
1624705572975000,1,4.91340000,440.7400
1624705590173000,0,1.20000000,441.0200
1624705592496000,1,0.00000850,440.7400
1624705592496000,1,4.02999150,440.4800
1624705599446000,0,0.34000000,440.8900
1624705604242000,0,4.26000000,441.0700
1624705648220000,0,0.34000000,440.7500
1624705689135000,0,0.22600000,442.1700
1624705689135000,0,0.07900000,442.1700
1624705690807000,0,0.30868584,442.5700
1624705778953000,0,3.16000000,442.8000
1624705782016000,0,4.07347032,442.8200
1624705784305000,0,0.37000000,443.0300
1624705800686000,0,8.00870000,444.4400
1624705831126000,0,11.68249276,445.5600
1624705851715000,1,15.19036000,444.4400
1624706028503000,1,3.90000000,443.4000
1624706029374000,1,8.80000000,443.2900
1624706031146000,1,4.00000000,443.0500
1624706031167000,1,6.40000000,443.0500
1624706085105000,0,3.94186000,443.2700
1624706199120000,0,0.11180000,442.7400
1624706267215000,1,7.27000000,441.8700
1624706358294000,0,8.12000000,444.1500
1624706457086000,1,4.50000000,443.1000
1624706457147000,1,8.94186000,443.1000
1624706457209000,1,12.50000000,443.1000
1624706457296000,1,2.47294000,443.1000
1624706541907000,1,4.22000000,442.7800
1624706541930000,1,0.00898428,442.7800
1624706642527000,0,4.05000000,443.2200
1624706648467000,1,29.00000000,442.7000
1624706649747000,1,2.16200000,442.5600
1624706649749000,1,1.21200000,442.5600
1624706704944000,1,8.49000000,442.4500
1624706829776000,0,7.27000000,443.1200
1624706901325000,0,0.23980000,443.1400
1624706994240000,0,8.25000000,443.5400
1624707006321000,0,1.51000000,444.1400
1624707006321000,0,4.52000000,444.1500
1624707066984000,1,3.93000000,443.3100
1624707067003000,1,0.00133868,443.3100
1624707262420000,1,4.00000000,443.3100
1624707281342000,1,12.39950000,443.0600
1624707281479000,1,0.20418000,443.0100
1624707311360000,1,2.32000000,442.9500
1624707311360000,1,3.38377893,442.9000
1624707378182000,0,3.84000000,444.0800
1624707378397000,0,3.35573870,444.0900
1624707387886000,0,3.41000000,444.2900
1624707389271000,0,3.41730000,444.4200
1624707389364000,0,0.00003666,444.4200
1624707389383000,0,3.35450000,444.5500
1624707406530000,0,3.34000000,444.8100
1624707434382000,1,0.29855800,444.1500
1624707434520000,1,0.56765856,444.1500
1624707434670000,1,3.03937186,444.1500
1624707450784000,1,8.47410000,443.6800
1624707461306000,0,2.32000000,443.9600
1624707464214000,0,0.33000000,443.9800
1624707494035000,0,0.33792757,444.0800
1624707497722000,0,0.33779790,444.2700
1624707650892000,0,4.20173562,444.7300
1624707650892000,0,7.73826438,444.7400
1624707651078000,0,4.20173562,444.7300
1624707728193000,0,9.28000000,446.1600
1624707728200000,0,3.11950000,446.1600
1624707728200000,0,5.84250000,446.1700
1624707738340000,1,16.70000000,445.7500
1624707824655000,1,4.04000000,446.2800
1624708148839000,1,2.32000000,448.8200
1624708202307000,1,3.91000000,448.3600
1624708203835000,1,1.57310000,448.3000
1624708204549000,1,7.00000000,448.3000
1624708204623000,1,18.00000000,448.3000
1624708204724000,1,3.50000000,448.3000
1624708204785000,1,2.06200000,448.3000
1624708205506000,1,10.50000000,448.1000
1624708229827000,0,2.32000000,448.8200
1624708257069000,0,3.31699000,448.8700
1624708268432000,0,2.31999999,448.7300
1624708268436000,0,0.00000001,448.7300
1624708268436000,0,0.18730488,448.7300
1624708283476000,0,3.00000000,448.8200
1624708315282000,1,8.90600000,448.4800
1624708376529000,0,4.13000000,448.4500
1624708376574000,0,0.00561271,448.4500
1624708398985000,1,0.20000000,448.4800
1624708608236000,1,3.84000000,447.8400
1624708608339000,1,0.00218110,447.8400
1624708650863000,0,4.24000000,447.9200
1624708705714000,1,4.12947269,447.7400
1624708814057000,1,7.68000000,447.1000
1624708846226000,0,0.15037980,447.6000
1624708971186000,0,0.09840000,446.2200
1624709033882000,0,8.27506000,446.1500
1624709109912000,0,4.01731280,447.7400
1624709190952000,0,0.99000000,448.1200
1624709205170000,1,2.32000000,448.3000
1624709205412000,1,23.22119276,448.3200
1624709205466000,1,0.10683147,448.2000
1624709205466000,1,3.85808180,448.1600
1624709249446000,0,0.43160000,447.7600
1624709288500000,1,2.32000000,446.8000
1624709291015000,1,8.41000000,446.7800
1624709424900000,0,5.09000000,446.3900
1624709425078000,0,2.61475000,446.3900
1624709495303000,0,0.11470000,446.2800
1624709679552000,0,21.20000000,446.2300
1624709747048000,1,11.10000000,445.9100
1624709822679000,0,0.33736000,444.9100
1624709845840000,0,0.33745000,444.7200
1624709846039000,0,0.00000309,444.7200
1624709889013000,0,0.00000043,444.9100
1624709891578000,0,0.33000000,445.1100
1624709891594000,0,0.00721823,445.1100
1624709901922000,0,3.86000000,445.2300
1624709991943000,0,0.33000000,446.2000
1624710242836000,1,3.56000000,446.6000
1624710245297000,1,7.97296053,446.2300
1624710247502000,1,0.22000000,446.1600
1624710258726000,0,8.06552000,446.3900
1624710277301000,0,2.02119276,447.4500
1624710277301000,0,8.35631978,447.4600
1624710277452000,0,2.66170000,447.5000
1624710303498000,0,3.83915209,447.9100
1624710303498000,0,6.43787710,448.0100
1624710304658000,0,0.20973000,448.0100
1624710307848000,0,0.00000529,448.0100
1624710307986000,0,5.31800000,448.5100
1624710323787000,0,2.32000000,448.2700
1624710356614000,0,0.09167696,449.3000
1624710356614000,0,0.44272879,449.3200
1624710445356000,1,3.89000000,449.1800
1624710445732000,1,2.05000000,449.1000
1624710445754000,1,4.30000000,449.1000
1624710445777000,1,1.84947195,449.1000
1624710817418000,0,4.02000000,448.3700
1624710829457000,1,4.02000000,447.9000
1624710880064000,0,2.32000000,448.1800
1624710880064000,0,3.94502849,448.2000
1624710880064000,0,2.32000000,448.2100
1624710880064000,0,0.38019193,448.2300
1624710888296000,0,8.29518402,448.6400
1624710888296000,0,0.62982802,448.6600
1624710955043000,1,4.00000000,449.5600
1624710955259000,1,0.92000000,449.4100
1624710958962000,0,0.33355708,450.1000
1624710958962000,0,2.31344292,450.1500
1624710976124000,1,3.74500000,449.5700
1624711002119000,0,0.33000000,450.1600
1624711054062000,1,2.42110711,449.4300
1624711056077000,1,3.12431007,449.4300
1624711065976000,0,3.34000000,449.6100
1624711068370000,0,3.95000000,449.6700
1624711121963000,1,4.05447578,449.0100
1624711124617000,1,0.20000000,449.1100
1624711126679000,1,0.00800000,449.1100
1624711126679000,1,0.11035819,449.0000
1624711126684000,1,0.05264181,449.0000
1624711131133000,1,0.18000000,448.8900
1624711133492000,1,0.00100000,448.8900
1624711133492000,1,0.17900000,448.7800
1624711147945000,1,0.00200000,448.7800
1624711147945000,1,0.15800000,448.6700
1624711233789000,1,4.99000000,448.2600
1624711250501000,0,2.65525000,448.6000
1624711250565000,0,0.00000937,448.6000
1624711276720000,0,4.07580233,449.0600
1624711441754000,1,4.21000000,448.4800
1624711482724000,1,7.92920000,448.0400
1624711482788000,1,10.00000000,448.0300
1624711563572000,0,3.89413000,447.9200
1624711567133000,0,7.88714000,448.0900
1624711586431000,1,4.15000000,447.6000
1624711614761000,0,3.88000000,447.7500
1624711638047000,0,0.43160000,447.7300
1624711733611000,0,7.74000000,447.7100
1624711799713000,1,3.30900000,446.9900
1624711799728000,1,2.73238064,446.9900
1624711800315000,1,1.61214482,446.7600
1624711800517000,1,0.24629990,446.7700
1624711863392000,0,0.33000000,447.4000
1624711863398000,0,0.00544611,447.4000
1624711864505000,0,0.33529335,447.6100
1624711868353000,0,0.33000000,447.8200
1624711893418000,1,1.48000000,448.0900
1624711901372000,0,0.33000000,448.3200
1624711901458000,0,0.00484772,448.3200
1624711929313000,1,15.50000000,447.8900
1624711947706000,1,3.68000000,447.1800
1624711962490000,1,3.82872144,446.8700
1624711971246000,1,0.60000000,446.5500
1624711971877000,1,0.00682634,446.5500
1624712032102000,0,0.33000000,446.7300
1624712032199000,0,0.00598819,446.7300
1624712032199000,0,0.32999181,446.7300
1624712061050000,0,0.33552503,447.5200
1624712081133000,1,2.32000000,446.4200
1624712083005000,1,12.62580000,446.1600
1624712084677000,1,4.14866000,446.1600
1624712084734000,1,3.50000000,446.1700
1624712084792000,1,6.50000000,446.1700
1624712085292000,1,14.50000000,446.1600
1624712085327000,1,1.15000000,446.1600
1624712085360000,1,4.00000000,446.1600
1624712085439000,1,5.50000000,446.1600
1624712085502000,1,3.50000000,446.1600
1624712085606000,1,1.07480000,446.1600
1624712085716000,1,2.36774000,446.1600
1624712189493000,0,0.33665000,445.8400
1624712189513000,0,0.00000521,445.8400
1624712199538000,1,2.32000000,445.4200
1624712214051000,0,0.33657566,446.1000
1624712223336000,1,7.92000000,445.4700
1624712228912000,0,0.09850000,445.6500
1624712234130000,1,2.32000000,444.9400
1624712249331000,0,2.32000000,445.0300
1624712249414000,0,4.11605413,445.0500
1624712284346000,0,0.33741000,444.8700
1624712351782000,1,4.04000000,443.9700
1624712403368000,0,3.19368000,444.1900
1624712404297000,0,7.65926986,444.4600
1624712404297000,0,4.09238760,444.4800
1624712473337000,0,0.00000679,444.8700
1624712512329000,0,4.04310000,446.2600
1624712522259000,0,1.07480000,446.5100
1624712522262000,0,1.24520000,446.5100
1624712548180000,1,4.16000000,446.3000
1624712548252000,1,0.00554493,446.3000
1624712550888000,1,9.80000000,446.2200
1624712590222000,0,6.66900000,446.4500
1624712672785000,0,2.32000000,447.0300
1624712672785000,0,8.23299496,447.0500
1624712675521000,1,8.15000000,446.3200
1624712675540000,1,0.00523072,446.3200
1624712681029000,0,2.32000000,446.6700
1624712681029000,0,2.51751208,446.8500
1624712681029000,0,2.57071189,446.8700
1624712681029000,0,3.13053305,446.8700
1624712731395000,0,3.95000000,447.2100
1624712742557000,0,3.13000000,447.3200
1624712756085000,0,0.18000000,447.5500
1624712758169000,0,1.96000000,447.6400
1624712771066000,0,0.65000000,447.6400
1624712807780000,0,0.10392744,447.7800
1624712808002000,0,0.00212097,447.7800
1624712829802000,1,0.76000000,447.6900
1624712829806000,1,3.08536534,447.6900
1624712857469000,1,7.75684489,447.0900
1624712857469000,1,0.16315511,447.0900
1624712857576000,1,0.00984489,447.0900
1624712905750000,1,0.15000000,446.2200
1624712905852000,1,0.00500000,446.2200
1624712916717000,0,2.32000000,446.4300
1624713039946000,0,3.00000000,446.7900
1624713040022000,0,5.00000000,446.7900
1624713149425000,0,2.16000000,446.7800
1624713246489000,1,0.26000000,446.3700
1624713251003000,1,0.15000000,446.3400
1624713251245000,1,0.00600000,446.3400
1624713252009000,1,0.15000000,446.2300
1624713259837000,1,0.00300000,446.2300
1624713360371000,0,3.39810000,447.6000
1624713371036000,0,3.37930000,448.0200
1624713371139000,0,0.00002343,448.0200
1624713371139000,0,3.37087657,448.0800
1624713373935000,0,0.11488578,448.8700
1624713373935000,0,10.18511422,448.8800
1624713374973000,0,0.11488578,448.8700
1624713374973000,0,3.35167527,448.8800
1624713376146000,1,0.05840000,448.2300
1624713401516000,1,8.00000000,448.8600
1624713401696000,1,8.30000000,448.8600
1624713454413000,1,8.45000000,447.8600
1624713465133000,0,4.03944000,447.9100
1624713488054000,0,6.50000000,448.2300
1624713490577000,1,2.32000000,447.9100
1624713490577000,1,1.36036868,447.8900
1624713495180000,0,1.15000000,448.5900
1624713495364000,0,1.39412362,448.5900
1624713520477000,1,9.60000000,448.9000
1624713529038000,0,0.32270000,449.1700
1624713555276000,1,4.11000000,448.7100
1624713584851000,0,4.00000000,449.0700
1624713596074000,0,4.19400000,448.9200
1624713609843000,1,0.33000000,448.4400
1624713612478000,1,0.00900000,448.4400
1624713612478000,1,0.34100000,448.3300
1624713626569000,1,0.41000000,448.4300
1624713633135000,1,0.22000000,448.5200
1624713637506000,1,0.00400000,448.5200
1624713637506000,1,0.27600000,448.4100
1624713638152000,1,0.00700000,448.4100
1624713638152000,1,0.29300000,448.3000
1624713638175000,1,0.00800000,448.3000
1624713639765000,1,1.77000000,448.2200
1624713639793000,1,11.73000000,448.2200
1624713640794000,1,0.25000000,448.1900
1624713645186000,1,0.00100000,448.1900
1624713645186000,1,0.21900000,448.0800
1624713664385000,0,3.61000000,448.5000
1624713675248000,1,0.41056458,447.8000
1624713675248000,1,8.23243611,447.7200
1624713675248000,1,0.61699931,447.7200
1624713675402000,1,3.20255455,447.7200
1624713675402000,1,1.02641146,447.7100
1624713698648000,0,0.33000000,447.1500
1624713743203000,0,0.33000000,446.9200
1624713761399000,0,0.33000000,446.5200
1624713785152000,0,0.33000000,446.5500
1624713799888000,1,0.30000000,446.1500
1624713841104000,0,0.33651819,445.9600
1624713848859000,0,0.26084193,445.7700
1624713874579000,0,3.98340654,445.8400
1624713874579000,0,8.00111553,445.8500
1624713937611000,1,16.47000000,445.1400
1624713950321000,1,8.16292852,444.6200
1624713950321000,1,3.91707148,444.6100
1624713991730000,0,6.80600000,444.5000
1624713991810000,0,1.41795344,444.5000
1624713991810000,0,4.58204656,444.5000
1624714030943000,1,4.03829422,444.3900
1624714030943000,1,8.14170578,444.3900
1624714034508000,1,3.37000000,444.3300
1624714045882000,0,4.05622000,445.0400
1624714063394000,0,7.72000000,445.5400
1624714085468000,0,0.55820000,446.5300
1624714094459000,1,0.27300000,446.0300
1624714095917000,1,0.24000000,445.9200
1624714099553000,1,0.21000000,445.8100
1624714102737000,1,0.00700000,445.8100
1624714102737000,1,0.20300000,445.7000
1624714113428000,1,14.90000000,445.6500
1624714113428000,1,3.36329761,445.6000
1624714164779000,0,0.09750000,445.9100
1624714189951000,1,3.36433433,445.4700
1624714190088000,1,0.38120911,445.4300
1624714190088000,1,4.03155453,445.4200
1624714190088000,1,8.21335895,445.3600
1624714190088000,1,13.80000000,445.3400
1624714200067000,1,3.36823541,444.8300
1624714207977000,1,0.00268292,444.3300
1624714207977000,1,1.50731708,444.1700
1624714330897000,0,3.84000000,443.5700
1624714422062000,0,3.87990000,444.8900
1624714434224000,1,2.32000000,444.6400
1624714439515000,1,3.37171737,444.4500
1624714439515000,1,10.10000000,444.4500
1624714567198000,1,4.06000000,444.5300
1624714588873000,1,4.19926504,443.6900
1624714589714000,1,1.51000000,443.5900
1624714628015000,0,4.23000000,444.1700
1624714632541000,1,0.65281512,443.5900
1624714632600000,1,8.00000000,443.5900
1624714632714000,1,6.04718000,443.5900
1624714632715000,1,0.00000488,443.5900
1624714640082000,0,0.62000000,443.7400
1624714685686000,0,8.03000000,443.5400
1624714695594000,0,7.24000000,443.5800
1624714733089000,0,1.13000000,443.7700
1624714748247000,0,0.32282061,443.7700
1624714748442000,0,2.45480033,443.7700
1624714753673000,1,0.15999999,443.2200
1624714766443000,1,0.00000001,443.2200
1624714769399000,0,0.39440000,443.2200
1624714770316000,1,3.95000000,442.7200
1624714775397000,1,1.08000000,442.6200
1624714849243000,1,0.15000000,441.3600
1624714849263000,1,0.00300000,441.3600
1624714885817000,0,2.60298373,440.4000
1624714886136000,0,2.60298000,440.4600
1624714886226000,0,6.05800000,440.6100
1624714886287000,0,0.45008384,440.6100
1624714886287000,0,16.92012616,440.6100
1624714967488000,0,7.84314749,440.3400
1624715015390000,0,0.29000000,441.2000
1624715046019000,1,2.32000000,440.5900
1624715068741000,1,3.40000000,440.3400
1624715069336000,1,0.00327029,440.3400
1624715071433000,1,3.40000000,440.0900
1624715127206000,1,0.09548296,439.7700
1624715127814000,1,0.00000001,439.7700
1624715127814000,1,5.37020999,439.6600
1624715127893000,1,4.50000000,439.6600
1624715127951000,1,5.62979000,439.6600
1624715128859000,1,0.09476257,439.6400
1624715128860000,1,0.00000001,439.6400
1624715183256000,1,3.41000000,438.6600
1624715188291000,1,2.32000000,438.2500
1624715188291000,1,1.10000000,438.2300
1624715203314000,0,7.87000000,438.8400
1624715222572000,0,3.42378395,438.4600
1624715259794000,1,11.60000000,437.8100
1624715299155000,1,2.32000000,437.9100
1624715360786000,0,0.44120000,437.8500
1624715362392000,1,2.32000000,437.2800
1624715362392000,1,3.94361267,437.2500
1624715362392000,1,3.42835104,437.2100
1624715362392000,1,12.93816073,437.1900
1624715362450000,1,0.46183927,437.1900
1624715362450000,1,8.20200079,437.1200
1624715362450000,1,3.39396019,437.1000
1624715362450000,1,3.47465964,437.0500
1624715362450000,1,5.71142827,436.9900
1624715369384000,0,4.22769260,437.2300
1624715369541000,0,3.43346548,437.2800
1624715369605000,0,3.43340000,437.2700
1624715384157000,1,4.18963449,436.2300
1624715384157000,1,6.36336047,436.2200
1624715391359000,0,3.85296000,436.9100
1624715391360000,0,0.00000089,436.9100
1624715391367000,0,7.88879114,436.9300
1624715392387000,1,3.86663865,436.3900
1624715392387000,1,2.32000000,436.3800
1624715392387000,1,4.35211837,436.3800
1624715408298000,0,1.97287738,436.8000
1624715408654000,0,3.43624999,436.8700
1624715439993000,0,4.16000000,437.6300
1624715457582000,0,1.80000000,437.7800
1624715468730000,1,0.17000000,437.1100
1624715469616000,1,0.18100000,437.2800
1624715469826000,1,0.21199999,437.1700
1624715469839000,1,0.00000001,437.1700
1624715470029000,1,0.15900000,437.0600
1624715470640000,1,0.21000000,436.9500
1624715472050000,1,0.22000000,436.8400
1624715473063000,1,0.18000000,436.7300
1624715475095000,1,0.00300000,436.7300
1624715475095000,1,0.17700000,436.6200
1624715477099000,1,0.05300000,436.6200
1624715477099000,1,0.17700000,436.5100
1624715495651000,0,0.18780000,437.1300
1624715509578000,1,4.13000000,436.6400
1624715615205000,1,3.43000000,435.9500
1624715615458000,1,23.22119276,435.9100
