timestamp ms,type,amount,price
1627603250415000,1,2.77000000,539.7000
1627603324038000,1,7.08000000,539.1900
1627603437753000,1,15.00000000,542.9500
1627603457216000,1,0.14500000,541.8200
1627603457251000,1,0.00060000,541.8200
1627603502018000,1,4.26800000,539.9400
1627603502036000,1,0.00003207,539.9400
1627603502517000,1,8.14910000,539.7600
1627603618002000,1,4.56200000,539.3200
1627603649320000,1,1.60000000,538.7200
1627603649321000,1,0.00300000,538.7200
1627603657903000,0,0.22420000,538.6700
1627603659124000,0,0.25835829,538.6700
1627603694293000,0,0.23340000,538.0900
1627603703945000,0,3.60000000,537.7900
1627603706788000,0,0.25858322,537.8200
1627603720490000,0,0.12580000,537.5300
1627603731612000,1,2.07000000,536.6600
1627603742850000,0,3.92000000,536.7300
1627603743081000,0,49.66242000,536.7400
1627603764307000,1,8.13000000,535.9500
1627603765387000,1,2.79000000,535.8800
1627603792343000,1,2.79000000,535.4000
1627603800717000,0,0.14298401,535.7800
1627603847398000,1,0.04105338,534.7400
1627603847694000,1,0.04051754,534.7300
1627603860523000,0,0.54850455,535.4100
1627603873050000,0,0.68698000,535.7700
1627603873099000,0,7.74346174,535.7700
1627603894186000,1,2.79000000,536.0000
1627604025551000,0,0.31800000,537.0500
1627604037952000,0,0.74195399,537.1700
1627604038068000,0,0.30000000,537.1700
1627604056772000,0,0.30000000,537.1800
1627604069675000,0,0.00700000,537.1800
1627604069675000,0,0.33300000,537.3100
1627604069875000,0,0.41600000,537.4400
1627604073776000,0,0.07329989,537.5700
1627604074149000,0,0.14500000,537.5700
1627604074614000,0,0.12970011,537.5700
1627604074614000,0,0.43500000,537.7000
1627604074614000,0,0.98262952,537.7700
1627604153877000,0,0.16000000,538.0100
1627604153940000,0,0.00149594,538.0100
1627604209815000,0,1.22186580,539.7800
1627604209854000,0,2.77400000,539.7800
1627604218688000,0,0.20694000,540.2500
1627604218716000,0,0.00000473,540.2500
1627604239600000,1,2.00000000,539.6200
1627604308757000,0,6.73000000,540.9500
1627604311732000,0,0.06386606,541.0900
1627604318146000,0,4.36000000,541.3200
1627604349838000,0,1.81448995,541.6300
1627604349839000,0,1.28551005,541.6300
1627604358707000,1,3.26500000,541.5500
1627604369192000,0,7.16409532,542.2000
1627604369196000,0,0.20990468,542.2000
1627604371452000,0,1.24770000,542.7700
1627604371470000,0,6.00000000,542.7700
1627604371538000,0,0.95230000,542.7700
1627604472464000,1,0.30000000,544.2400
1627604484188000,0,4.76227457,544.4400
1627604484194000,0,1.55803685,544.4400
1627604484221000,0,1.01868858,544.4400
1627604485144000,0,0.50000000,545.0100
1627604512030000,1,0.67926000,545.6100
1627604737035000,0,8.00000000,544.4300
1627604737097000,0,3.50000000,544.4300
1627604767385000,1,1.24770000,545.0200
1627604767470000,1,7.15230000,545.0200
1627604782166000,0,0.03649300,545.3100
1627604834557000,1,4.00000000,542.6200
1627604886373000,1,0.08408000,542.6100
1627605165671000,1,5.80000000,542.9300
1627605165671000,1,0.70000000,542.9300
1627605165854000,1,2.15700000,542.9300
1627605194766000,0,0.08000000,543.0800
1627605204142000,0,0.87122000,543.0900
1627605204376000,0,0.01778000,543.0900
1627605219768000,0,0.94900000,543.2300
1627605220052000,0,0.71800000,543.3700
1627605220113000,0,0.71800000,543.5100
1627605326107000,0,0.39700000,543.5200
1627605326808000,0,0.49900000,543.6600
1627605327743000,0,0.20678000,543.8000
1627605327827000,0,0.24322000,543.8000
1627605328355000,0,0.05419400,543.9400
1627605328545000,0,0.43180000,543.9400
1627605332990000,0,0.00000600,543.9400
1627605332990000,0,0.45863988,544.0800
1627605344963000,0,0.00936012,544.0800
1627605344963000,0,0.45500000,544.2200
1627605345388000,0,0.45500000,544.3600
1627605346627000,0,0.53270000,544.4200
1627605491149000,0,0.30000000,544.2400
1627605491154000,0,1.34000000,544.2400
1627605491421000,0,2.18500000,544.4500
1627605491461000,0,0.00000265,544.4500
1627605491528000,0,1.52325000,544.6000
1627605519922000,0,1.01700000,545.3500
1627605519954000,0,1.12300000,545.4900
1627605520203000,0,1.27500000,545.6300
1627605520275000,0,1.16900000,545.7700
1627605520737000,0,3.50120274,545.8900
1627605520758000,0,2.09604095,545.8900
1627605520783000,0,1.07131233,545.8900
1627605520812000,0,0.26273301,545.8900
1627605520953000,0,1.57492403,545.9000
1627605521003000,0,0.00531597,545.9000
1627605521003000,0,0.24352403,545.9100
1627605521140000,0,0.34186699,545.9100
1627605521151000,0,0.23818684,545.9100
1627605521160000,0,0.25489811,545.9100
1627605530604000,0,0.24352403,545.9100
1627605535574000,0,1.06400000,546.0500
1627605536627000,0,0.99400000,546.1900
1627605538891000,0,0.20553253,546.3300
1627605538892000,0,0.29661993,546.3300
1627605538893000,0,0.72584754,546.3300
1627605540159000,1,0.50000000,546.5400
1627605545311000,0,5.00000000,547.1800
1627605547654000,0,1.00000000,548.0000
1627605555903000,1,0.67526000,547.5400
1627605581203000,1,0.67929000,547.5400
1627605593992000,1,3.46300000,546.8300
1627605608835000,1,2.75546075,546.1700
1627605608997000,1,7.31300000,546.0200
1627605620659000,1,0.08200000,545.6000
1627605621015000,1,0.00010000,545.6000
1627605748819000,1,3.60000000,541.6600
1627605831033000,1,2.77118000,540.9400
1627605831094000,1,1.22882000,540.9400
1627605905612000,0,0.08200000,540.9400
1627606119974000,0,0.08060000,539.0300
1627606175103000,0,4.02335602,540.1000
1627606175103000,0,8.01413070,540.1100
1627606287809000,0,0.06095067,541.7100
1627606304483000,0,0.04853197,542.2800
1627606381473000,1,6.62065000,541.5900
1627606449548000,1,0.13000000,540.7400
1627606918497000,1,0.10000000,540.5500
1627606918978000,1,7.15500000,540.5500
1627606948252000,1,0.26000000,539.6500
1627606948287000,1,4.37800000,539.6500
1627606959845000,1,4.33389000,539.3200
1627606960056000,1,0.00000366,539.3200
1627606987522000,0,0.53770000,538.9900
1627607034222000,0,4.06604349,540.0000
1627607081968000,0,1.38000000,540.6400
1627607192529000,0,0.26810000,540.5100
1627607361115000,1,0.10855000,541.2900
1627607404100000,0,3.50000000,542.4100
1627607404235000,0,1.17080000,542.5500
1627607404269000,0,1.00000000,542.5400
1627607404269000,0,0.31550000,542.5500
1627607404282000,0,2.11300000,542.5500
1627607404880000,0,2.39256591,542.9400
1627607404882000,0,1.13770000,542.9400
1627607404887000,0,2.85298598,542.9400
1627607404896000,0,2.43100000,542.9400
1627607404934000,0,1.07400000,542.9400
1627607404964000,0,1.71174811,542.9400
1627607405268000,0,0.35400000,543.2300
1627607413300000,0,1.08584000,543.5600
1627607413709000,0,1.27772400,543.5600
1627607413789000,0,1.07965988,543.5600
1627607429400000,0,0.26680000,543.1100
1627607547689000,0,0.07110000,543.6900
1627607646366000,1,2.75310000,544.5300
1627607646508000,1,0.00006267,544.5300
1627607656266000,1,0.09500000,544.3600
1627607697025000,1,0.18652143,544.1700
1627607697030000,1,0.41382042,544.1700
1627607702964000,0,1.02060000,544.4600
1627607710808000,1,0.60268000,544.2000
1627607710876000,1,0.00000377,544.2000
1627607710876000,1,1.50679623,544.0800
1627607710900000,1,0.00000727,544.0800
1627607710938000,1,4.00000000,544.0800
1627607816210000,1,2.76000000,541.8600
1627607826060000,0,0.07130000,542.0300
1627607870867000,0,0.08900000,542.6200
1627608324456000,0,3.60000000,542.4200
1627608324456000,0,2.76647352,542.5300
1627608324456000,0,2.77844333,542.5700
1627608324456000,0,4.36348765,542.6600
1627608324456000,0,6.49159550,542.6600
1627608372523000,1,4.03982000,541.4600
1627608472293000,0,0.18380000,541.1700
1627608550792000,1,0.26300000,541.1300
1627608632206000,1,2.77000000,541.0600
1627608667293000,0,1.65000000,541.4300
1627608684702000,1,0.54400000,540.9500
1627608689052000,1,0.30000000,540.8900
1627608689075000,1,0.52100000,540.8900
1627608741885000,1,1.55130000,540.9000
1627608776072000,0,0.09460000,541.4000
1627608851873000,1,0.31000000,541.5500
1627608933798000,0,0.21390000,542.0300
1627608946148000,1,0.39289399,542.0000
1627608947831000,1,0.05871110,541.8100
1627608977083000,1,0.04125692,542.0800
1627609026951000,1,0.18000000,542.2900
1627609048586000,1,0.00600000,542.2900
1627609048586000,1,0.03655319,542.0300
1627609099862000,1,0.21000000,542.2100
1627609114614000,1,0.18700000,541.9300
1627609114748000,1,0.18499999,541.7900
1627609114751000,1,0.00000001,541.7900
1627609114751000,1,0.77149091,541.7200
1627609114751000,1,0.16100000,541.6500
1627609114751000,1,0.11350909,541.6100
1627609114851000,1,0.13316883,541.6600
1627609114873000,1,0.63832208,541.6600
1627609114873000,1,0.36277792,541.6100
1627609114878000,1,1.09530000,541.6100
1627609115008000,1,0.17300000,541.5100
1627609115226000,1,0.19200000,541.3700
1627609116555000,1,0.12580000,540.8300
1627609116916000,1,0.82328554,540.8300
1627609119074000,1,0.74566000,540.6700
1627609119258000,1,0.00000150,540.6700
1627609119258000,1,1.86403850,540.6400
1627609253942000,1,0.04229783,541.0900
1627609309658000,0,2.14120000,542.3900
1627609661804000,0,0.09400000,543.1000
1627609661897000,0,0.00043943,543.1000
1627609753044000,0,0.03989515,542.5400
1627609762566000,0,0.04228542,542.8800
1627609937225000,1,0.29850000,542.9500
1627610439689000,0,4.00000000,544.2200
1627610440116000,0,2.75448274,544.4000
1627610440121000,0,0.48557000,544.4000
1627610493967000,1,0.36474313,547.0400
1627610505230000,0,3.00870000,547.8700
1627610507196000,1,0.28713210,547.1900
1627610507737000,1,0.28713210,547.2100
1627610512024000,1,0.16543934,547.2400
1627610709553000,0,5.00000000,546.0000
1627610811878000,0,0.07970000,545.5400
1627610921060000,1,0.52699633,544.7000
1627610921069000,1,0.20075593,544.7000
1627610921069000,1,1.09424407,544.6500
1627610921187000,1,0.05650660,544.6000
1627610921246000,1,0.23437500,544.6000
1627610921255000,1,0.33758311,544.6000
1627610921256000,1,0.46066420,544.6000
1627610921274000,1,0.59112420,544.6000
1627610921278000,1,0.13914395,544.6000
1627610921334000,1,0.72775226,544.5600
1627610921334000,1,0.47554774,544.4400
1627610921362000,1,3.35630000,544.4400
1627610921371000,1,0.89899324,544.4400
1627610960372000,1,0.68666714,542.8500
1627611053859000,1,4.11109000,542.8700
1627611066727000,0,0.17790000,543.0900
1627611292088000,0,0.07650000,543.2100
1627611306467000,1,2.76260479,542.6300
1627611408078000,0,2.76650000,542.5300
1627611436022000,1,2.00000000,542.1000
1627611549495000,0,1.33730000,541.7700
1627611578759000,1,0.10000000,541.3400
1627611637411000,1,0.06164000,540.9000
1627611637411000,1,0.08915564,540.8900
1627611637412000,1,2.45709620,540.8900
1627611718367000,0,0.08920000,541.6000
1627611991847000,1,4.00000000,540.9400
1627612005501000,0,1.60000000,541.4500
1627612227073000,1,2.76682000,541.8600
1627612227201000,1,0.00000917,541.8600
1627612271943000,0,2.76690000,542.4300
1627612271997000,0,0.00005178,542.4300
1627612467601000,0,0.39170000,542.5100
1627612537546000,1,0.25274200,541.2000
1627612576904000,0,9.30000000,541.7100
1627612605231000,0,0.07130000,541.9900
1627612657798000,1,0.29000000,541.2800
1627612659852000,1,2.47000000,541.2800
1627612666858000,0,0.53500000,541.6800
1627612687137000,1,0.00979958,541.2800
1627612687137000,1,0.18020042,541.1800
1627612690607000,1,2.77000000,541.1000
1627612747417000,1,0.00074094,541.1000
1627612774266000,1,4.00000000,540.5500
1627612774266000,1,3.54463342,540.5400
1627612796210000,1,2.77388000,540.4800
1627613048767000,1,2.77191231,540.8700
1627613091571000,1,1.07040566,540.8600
1627613094963000,1,1.70000000,540.8600
1627613130591000,1,2.77000000,540.8400
1627613132980000,1,0.00202576,540.8400
1627613132980000,1,2.76797424,540.8400
1627613528644000,1,2.63000000,540.2000
1627613568226000,1,2.77000000,540.0400
1627613638622000,1,2.77000000,539.8200
1627613658549000,1,0.00718521,539.8200
1627613764239000,1,2.77000000,539.2800
1627613970024000,1,2.77000000,539.8700
1627614143937000,0,1.78500000,541.1300
1627614522080000,0,2.00000000,540.9200
1627614563012000,0,0.14280000,541.3200
1627614841925000,1,2.77000000,540.9000
1627614893178000,1,0.00162797,540.9000
1627615314875000,1,0.13522539,540.9400
1627615333326000,1,0.13186064,540.8100
1627615424605000,1,0.19779096,540.8600
1627615427652000,0,0.26780000,541.1300
1627615438268000,0,0.20600000,541.1300
1627615595498000,0,1.29000000,541.1300
1627615595611000,0,2.56020000,541.1300
1627615606597000,0,0.17934000,541.2200
1627615606865000,0,0.17934000,541.2200
1627615608395000,0,0.07252000,541.2200
1627615611108000,0,6.33000000,541.2200
1627615615299000,0,0.00180000,541.2200
1627615615299000,0,0.41820000,541.2800
1627615628472000,0,0.00280000,541.2800
1627615628472000,0,0.43720000,541.4200
1627615675836000,0,0.00980000,541.4200
1627615675836000,0,0.32020000,541.5600
1627615755530000,0,0.00280000,541.5600
1627615755530000,0,0.08640000,541.7000
1627616138318000,0,0.15760000,539.6200
1627616174373000,0,0.89560000,539.3300
1627616243900000,0,0.17300000,539.4000
1627616244918000,0,0.19000000,539.5400
1627616321762000,0,0.00900000,539.5400
1627616321762000,0,0.07690000,539.5400
1627616376730000,0,0.16000000,539.6700
1627616376911000,0,0.00600000,539.6700
1627616376961000,0,0.15000000,539.8100
1627616397107000,0,0.00300000,539.8100
1627616564001000,0,0.16970000,540.7700
1627616858547000,0,12.54000000,540.3100
1627616947627000,1,0.11535430,539.6100
1627616973363000,1,0.30000000,539.5800
1627616973365000,1,0.37826814,539.5800
1627617204365000,0,2.48400000,539.2400
1627617205307000,0,5.04000000,539.3300
1627617205307000,0,0.00500000,539.3300
1627617258750000,1,1.30000000,539.4600
1627617601035000,0,0.07160000,539.5900
1627617669694000,1,3.60000000,539.1500
1627617677514000,1,1.00000000,539.0000
1627617751061000,0,0.30000000,540.2000
1627617771639000,1,1.74000000,539.7800
1627617789402000,1,1.03000000,539.7800
1627617938110000,0,0.26870000,539.2700
1627618042356000,1,0.30000000,538.4800
1627618042554000,1,0.45210000,538.4800
1627618043273000,1,0.00000390,538.4800
1627618043273000,1,1.88027610,538.3400
1627618043451000,1,0.00000467,538.3400
1627618043451000,1,4.49999533,538.2200
1627618043501000,1,0.39004004,538.2200
1627618125242000,1,2.78000000,537.4400
1627618125331000,1,0.00945116,537.4400
1627618385740000,0,4.71772000,537.2200
1627618434811000,0,0.09628000,537.2200
1627618434811000,0,18.10372000,537.2800
1627618447221000,0,0.30000000,536.9200
1627618447234000,0,0.70000000,536.9200
1627618480928000,0,0.00728000,537.2800
1627618480928000,0,2.78272000,537.5300
1627618556325000,0,0.05274000,537.6500
1627618681345000,0,3.10000000,537.9400
1627618681345000,0,2.78000000,537.9500
1627618706921000,1,3.60000000,537.5800
1627618940610000,1,1.30000000,536.2400
1627618997189000,0,3.71000000,536.5700
1627619012593000,0,0.00700000,536.5700
1627619012593000,0,2.27300000,536.5900
1627619021553000,0,0.08100000,536.5900
1627619063439000,0,8.22000000,536.5900
1627619082069000,0,0.00700000,536.5900
1627619082069000,0,0.88822530,536.5900
1627619093081000,0,0.15400000,536.6900
1627619093081000,0,3.52492000,536.6900
1627619097020000,0,0.09000000,536.8300
1627619550481000,0,0.19259753,536.3100
1627619551233000,0,0.00393056,536.3100
1627619551233000,0,3.55836944,536.3100
1627619551409000,0,3.50000000,536.3100
1627619551473000,0,4.03663056,536.3100
1627619574114000,0,3.89800000,536.6500
1627619625953000,1,0.54000000,536.3100
1627619675216000,1,0.06700809,536.5200
1627619757416000,1,3.00000000,536.9500
1627619766783000,1,2.79417896,536.4400
1627619766783000,1,1.93582104,536.4400
1627619803050000,1,3.50000000,536.0000
1627619803121000,1,1.50000000,536.0000
1627619925107000,0,0.10830000,535.4000
1627619989446000,0,1.50933954,535.5700
1627620018647000,1,4.26707076,535.2100
1627620018647000,1,2.80056040,535.1800
1627620036464000,1,2.80000000,534.9700
1627620069786000,0,3.60000000,535.1100
1627620072205000,0,3.60000000,535.1100
1627620106651000,0,0.10000000,535.0200
1627620108956000,0,0.00585000,535.0200
1627620110081000,0,4.31509000,535.0400
1627620169727000,0,0.20000000,534.6000
1627620292364000,1,8.21000000,534.3300
1627620336522000,0,5.24000000,535.1100
1627620336914000,0,0.80242400,535.1100
1627620337785000,0,0.36957600,535.1100
1627620337785000,0,0.04202400,535.1700
1627620376118000,0,3.74359999,535.1700
1627620376152000,0,3.74359999,535.1700
1627620376280000,0,1.87180000,535.1700
1627620379547000,0,0.62000000,535.1700
1627620379726000,0,0.00897602,535.1700
1627620395531000,0,1.82867512,535.2900
1627620407537000,0,6.91000000,535.2900
1627620408491000,0,4.31928000,535.4000
1627620537610000,0,0.54110000,535.6300
1627620783753000,1,4.02563288,535.1600
1627620854726000,0,0.54120000,535.4700
1627620930058000,0,7.53000000,535.7100
1627620943983000,0,0.00100000,535.7100
1627620943983000,0,8.57900000,535.7500
1627620946250000,0,0.18290065,535.7500
1627620946634000,0,3.01000000,535.7500
1627620958488000,0,0.00809935,535.7500
1627621014982000,0,0.10968000,536.3000
1627621014982000,0,0.34062000,536.4200
1627621039483000,0,0.18010000,536.4000
1627621110358000,0,3.70713762,536.2600
1627621110397000,0,2.93186238,536.2600
1627621110397000,0,4.24400000,536.2600
1627621152404000,0,0.18010000,536.5100
1627621282399000,1,6.38000000,535.7500
1627621514524000,1,0.00647776,535.7500
1627621537917000,0,0.99352000,535.7500
1627621561289000,0,0.00000224,535.7500
1627621561289000,0,2.28829996,535.9300
1627621572557000,0,0.04670004,535.9300
1627621572557000,0,8.78329996,536.0000
1627621610612000,0,0.00270004,536.0000
1627621610612000,0,0.04727996,536.0000
1627621734095000,1,0.10279736,535.5900
1627621735846000,0,3.12000000,535.8700
1627621740735000,0,0.00300000,535.8700
1627621740735000,0,8.88700000,535.9200
1627621752534000,1,37.39000000,535.5700
1627621799484000,0,0.07210000,535.9000
1627621862919000,0,3.60000000,535.6700
1627621978231000,0,2.53000000,535.5700
1627621978231000,0,0.08271000,535.6200
1627621978231000,0,9.51900000,535.6200
1627621978231000,0,2.80149351,535.7000
1627622279502000,1,0.07638778,534.8200
1627622423284000,0,4.67000000,535.1300
1627622423319000,0,0.00400000,535.1300
1627622423466000,0,7.31100000,535.1500
1627622475176000,1,5.68000000,535.0000
1627622502151000,1,0.00500000,535.0000
1627622558342000,1,1.98185549,534.5100
1627622606757000,0,0.12625000,534.8200
1627622606757000,0,6.51600000,534.8200
1627622606757000,0,4.15775000,534.8200
1627622734020000,1,0.30000000,533.9700
1627622736506000,1,1.30000000,533.9700
1627622768779000,1,4.00000000,533.8000
1627622768779000,1,7.48300000,533.7600
1627622768779000,1,0.09108320,533.7000
1627622768779000,1,1.22930063,533.6400
1627622768779000,1,2.80691901,533.6300
1627622768779000,1,2.81085027,533.5500
1627622768779000,1,3.19641140,533.5500
1627622768779000,1,0.09331517,533.5400
1627622768779000,1,2.80910370,533.4600
1627622792300000,1,7.24013339,532.8100
1627622792464000,1,0.47050634,532.6300
1627622792464000,1,1.20427824,532.5600
1627622799803000,0,2.09780000,532.4700
1627622799815000,0,0.52251849,532.4700
1627622800968000,0,0.10000000,532.7500
1627622806364000,1,0.58804086,532.2800
1627622806371000,1,3.41195914,532.2800
1627622806371000,1,7.49900000,532.2600
1627622806371000,1,0.09697678,532.1500
1627622806371000,1,1.57865000,532.1000
1627622806371000,1,2.81501126,532.0800
1627622806518000,1,0.47392604,532.0600
1627622806518000,1,0.54887396,531.9000
1627622806562000,1,1.26850000,531.9000
1627622806854000,1,1.18500000,531.8100
1627622806901000,1,0.00008668,531.8100
1627622806901000,1,1.00021332,531.7100
1627622807086000,1,1.18405891,531.7200
1627622807194000,1,0.47362356,531.7100
1627622807558000,1,0.06330000,530.7500
1627622814424000,1,3.60000000,531.2000
1627622814424000,1,0.70000000,531.1900
1627622814424000,1,8.79770000,531.1800
1627622816420000,1,3.60000000,531.2000
1627622816420000,1,1.05304000,531.1800
1627622831875000,0,4.37430000,531.8500
1627622896748000,0,0.30000000,532.5900
1627622896829000,0,0.42400000,532.5900
1627623177768000,0,0.23000000,532.8600
1627623185428000,0,0.39396000,532.8600
1627623185833000,0,11.31804000,532.8600
1627623187254000,0,0.12000000,532.8800
1627623194416000,0,0.00535000,532.8800
1627623194416000,0,0.42128743,532.8800
1627623194745000,0,4.50000000,532.8800
1627623196269000,0,2.71371257,532.8800
1627623308983000,1,1.30000000,533.5100
1627623308985000,1,3.08354410,533.5100
1627623394516000,0,0.04657160,534.0400
1627623394535000,0,0.00095044,534.0400
1627623447634000,0,0.08342777,534.4200
1627623463538000,0,0.00783223,534.4200
1627623468423000,0,0.16630000,534.4200
1627623468614000,0,0.87906000,534.4200
1627623469344000,0,0.56741902,534.4200
1627623472198000,0,0.18620000,534.4200
1627623472471000,0,0.68404000,534.4200
1627623473134000,0,7.35190000,534.4200
1627623473290000,0,0.00008098,534.4200
1627623494597000,0,2.61400000,534.7900
1627623494597000,0,2.96600000,534.7900
1627623601596000,0,0.20000000,534.7800
1627623711035000,1,2.80000000,534.5200
1627623743234000,1,0.74800000,534.3700
1627623853982000,1,2.80872000,533.7800
1627623854099000,1,0.00000429,533.7800
1627623854163000,1,0.30000000,533.5700
1627623854470000,1,0.51720000,533.4600
1627623861801000,1,0.51512000,532.7500
1627624042741000,1,1.00000000,532.5500
1627624110983000,0,6.44000000,532.9800
1627624111111000,0,0.73335455,532.9800
1627624111146000,0,0.07864545,532.9800
1627624111974000,0,0.18394000,532.9900
1627624111974000,0,4.95896000,532.9900
1627624112162000,0,0.30000000,532.9900
1627624113025000,0,9.46000000,532.9900
1627624179693000,0,0.00504000,532.9900
1627624179693000,0,3.99496000,533.2700
1627624179787000,0,0.00504000,533.2700
1627624181310000,0,0.04116000,533.2500
1627624186274000,0,0.05703600,533.1900
1627624186871000,0,0.19600000,533.1900
1627624200391000,0,3.90000000,533.2700
1627624200391000,0,14.89000000,533.2800
1627624223331000,0,2.07000000,533.4200
1627624332658000,0,12.15000000,533.7900
1627624427323000,0,0.09973000,533.9500
1627624427323000,0,2.62271438,533.9500
1627624432506000,0,0.05292000,533.9500
1627624432709000,0,0.66150000,533.9500
1627624802536000,0,5.09618000,532.3300
1627624805164000,0,0.00000474,532.3300
1627624840770000,0,0.58000000,532.6900
1627624896585000,0,0.09613800,531.9000
1627624896741000,0,1.02388345,531.9000
1627624924041000,0,1.68656947,532.1400
1627624924139000,0,0.03441978,532.1400
1627624995805000,0,3.23593341,532.1800
1627624995805000,0,3.42915659,532.1800
1627624996984000,0,7.00000000,532.1800
1627624997054000,0,1.09384000,532.1800
1627624998229000,1,4.00000000,532.1100
1627624999242000,0,16.97516000,532.1000
1627624999309000,0,0.00000325,532.1000
1627624999431000,1,2.81731086,532.1000
1627624999497000,0,1.28230000,532.1000
1627624999658000,0,1.30000000,532.1000
1627624999834000,0,4.10314000,532.1000
1627625001001000,0,0.00000805,532.1000
1627625010237000,0,0.00000341,532.1800
1627625010463000,0,0.59934214,532.4200
1627625010573000,0,2.17950497,532.4200
1627625010996000,0,7.82786000,532.4200
1627625011053000,0,6.50000000,532.4200
1627625012790000,0,0.91629000,532.4200
1627625015001000,0,0.00000289,532.4200
1627625016749000,0,0.17989000,532.4500
1627625027257000,0,0.67246788,532.5800
1627625027257000,0,1.50019328,532.5800
1627625065518000,0,2.81388860,532.7500
1627625071312000,0,1.49450000,532.9900
1627625071737000,0,0.28420000,532.9900
1627625091336000,0,0.39991815,532.9100
1627625091349000,0,0.39991815,532.9100
1627625091502000,0,2.81309380,532.9100
1627625098193000,1,0.31150801,532.9900
1627625210998000,0,0.44000000,534.3500
1627625211096000,0,3.12718000,534.3400
1627625256491000,0,0.10840000,534.6400
1627625263566000,1,4.43122414,534.3300
1627625263718000,1,2.80578155,534.3200
1627625264053000,1,1.28230000,534.3200
1627625351884000,0,0.20972000,534.2900
1627625351890000,0,2.16928000,534.2900
1627625353988000,0,1.80310982,534.5200
1627625354004000,0,1.80310982,534.5200
1627625356967000,0,2.92726000,534.5200
1627625358292000,0,0.17934000,534.5200
1627625358989000,0,1.80317511,534.5200
1627625360576000,0,0.42728514,534.5200
1627625379731000,0,0.00872011,534.5200
1627625379731000,0,0.00801000,534.6400
1627625379731000,0,4.30420296,534.7900
1627625379731000,0,0.80000000,534.8200
1627625379731000,0,7.66906693,534.8300
1627625390130000,0,0.23661200,534.8900
1627625390152000,0,1.78587360,534.8900
1627625401523000,0,0.54170000,535.0500
1627625403541000,0,2.26000000,535.0500
1627625481146000,0,2.80000000,534.7300
1627625522561000,1,4.14169135,534.6800
1627625523636000,1,3.60000000,534.6200
1627625523636000,1,1.90000000,534.6100
1627625575540000,0,0.09325000,535.2400
1627625575540000,0,9.72675000,535.2400
1627625590422000,0,0.00425000,535.2400
1627625590422000,0,2.58575000,535.2400
1627625590751000,0,0.00025000,535.2400
1627625593798000,0,2.80000000,535.3400
1627625631266000,0,4.31043056,535.5000
1627625631266000,0,2.75956944,535.5300
1627625639623000,0,0.08840000,535.5100
1627625691341000,0,4.58371000,535.6900
1627625714114000,0,0.90140000,536.0000
1627625890482000,1,0.33140833,535.3000
1627625890689000,1,0.22230439,535.3000
1627625893694000,1,1.30000000,535.3000
1627625893799000,1,0.30000000,535.3000
1627625893843000,1,6.19345308,535.3000
1627626013954000,0,0.30000000,535.9500
1627626014136000,0,6.50000000,535.9500
1627626016403000,0,2.87500000,535.9500
1627626016403000,0,2.81845000,535.9500
1627626016548000,0,0.58055000,535.9500
1627626022147000,0,0.10361000,535.9700
1627626088162000,1,2.52262341,536.8300
1627626267833000,0,1.07130000,537.8100
1627626267957000,0,5.00000000,537.8100
1627626268034000,0,3.70970000,537.8100
1627626268034000,0,0.29030000,537.8100
1627626268555000,0,3.14570000,537.8100
1627626283884000,0,0.39800000,537.8700
1627626284345000,0,0.10246000,537.8900
1627626287783000,0,1.00000000,538.0000
1627626287783000,0,0.47600000,538.0000
1627626288300000,0,0.47530000,538.1300
1627626288316000,0,0.00970000,538.1300
1627626291093000,0,0.47600000,538.2600
1627626291093000,0,0.57400000,538.3900
1627626294402000,0,0.00400000,538.3900
1627626294402000,0,0.53600000,538.4800
1627626297393000,0,0.47000000,538.5200
1627626304694000,0,0.00600000,538.5200
1627626304694000,0,0.49400000,538.6500
1627626311987000,0,0.00600000,538.6500
1627626311987000,0,0.49400000,538.7800
1627626346230000,1,2.78367536,538.5300
1627626346230000,1,3.71632464,538.5300
1627626384553000,0,0.00400000,538.7800
1627626460808000,0,0.07150000,540.1700
1627626505646000,0,4.04545000,539.9600
1627626505686000,0,0.27555000,539.9600
1627626506031000,0,0.10362000,540.1900
1627626506031000,0,0.00927527,540.1900
1627626506071000,0,1.11649909,540.1900
1627626506073000,0,1.14869610,540.1900
1627626506084000,0,1.73904561,540.1900
1627626506141000,0,4.50000000,540.1900
1627626506142000,0,0.25948393,540.1900
1627626776584000,0,0.03920000,539.3300
1627627158529000,0,7.78000000,538.6200
1627627160601000,0,0.32340000,538.6500
1627627163729000,0,0.00660000,538.6500
1627627163729000,0,15.79700000,538.7800
1627627163729000,0,0.43640000,538.7900
1627627201829000,0,0.00560000,538.7900
1627627201829000,0,0.35200000,538.9300
1627627201829000,0,0.18240000,538.9500
1627627202111000,0,0.00775000,538.9500
1627627203050000,0,0.07202020,539.0700
1627627204348000,0,0.25000000,539.0700
1627627205979000,0,0.00397980,539.0700
1627627206051000,0,0.11270000,539.2100
1627627208466000,0,0.31193400,539.2100
1627627208629000,0,0.00636600,539.2100
1627627210135000,0,0.38906000,539.3500
1627627210572000,0,0.00794000,539.3500
1627627212878000,0,0.44000000,539.4900
1627627226017000,0,0.00600000,539.4900
1627627226017000,0,0.27400000,539.6300
1627627226092000,0,0.00200000,539.6300
1627627364881000,0,0.10720000,540.6900
1627627508562000,1,2.77462000,540.3400
1627627552689000,1,4.40000000,539.3800
1627627558669000,0,0.48320000,539.7700
1627627705302000,0,0.81913810,538.8300
1627627757671000,1,7.42100000,538.0900
1627627757844000,1,0.71804000,537.9600
1627627758001000,1,0.00000457,537.9600
1627627758059000,1,1.79528527,537.8500
1627627758361000,1,0.71889106,537.1300
1627627758406000,1,1.14120000,537.1100
1627627761852000,0,1.86000000,537.9200
1627627954714000,1,0.19060761,537.4100
1627628089468000,0,0.27754000,537.8300
1627628089468000,0,11.93140000,537.8300
1627628089543000,0,6.00000000,537.8300
1627628089624000,0,6.50000000,537.8300
1627628090472000,0,3.29560000,537.8300
1627628090472000,0,7.37000000,537.8300
1627628100785000,0,1.40030000,538.1000
1627628391338000,0,0.10171000,538.7700
1627628391338000,0,0.11349000,538.7700
1627628422128000,0,0.89650000,538.7700
1627628807350000,1,8.09000000,536.4600
1627628857501000,0,4.98916000,536.2800
1627629019608000,1,0.11000000,535.9700
1627629036659000,1,0.00584081,535.9700
1627629335355000,1,3.60000000,535.3100
1627629501620000,1,3.60000000,535.5200
1627629502170000,1,3.60000000,535.4600
1627629509724000,0,7.77000000,535.8100
1627629674945000,0,0.10830000,535.3100
1627629818773000,0,0.11030000,534.4300
1627629846283000,0,2.83122762,534.4300
1627629916582000,0,2.48000000,534.4300
1627629918267000,0,0.98000000,534.4300
1627629919609000,0,1.30000000,534.4300
1627629923157000,0,8.06000000,534.4300
1627629923611000,0,0.00477238,534.4300
1627629928256000,0,1.36220000,534.5900
1627629930646000,0,0.87710000,534.5900
1627629933588000,0,0.91650580,534.5900
1627629933967000,0,0.17052000,534.5900
1627629937748000,0,0.11760000,534.5900
1627629938105000,0,0.12027540,534.5900
1627629938640000,0,0.11760000,534.5900
1627629940879000,0,17.44014244,534.5900
1627629940881000,0,3.36605636,534.5900
1627629940881000,0,0.48943000,534.6100
1627629941069000,0,2.82140000,534.7700
1627630002029000,1,2.78973000,535.0500
1627630249322000,0,0.24500000,536.0100
1627630249322000,0,0.13500000,536.0100
1627630583842000,1,3.60000000,536.1800
1627630583842000,1,4.00000000,536.1600
1627630583842000,1,3.60000000,536.1500
1627630583842000,1,1.49914513,536.1300
1627630637910000,0,4.67664593,536.6700
1627630815592000,0,0.09280000,536.2700
1627630838547000,0,0.17629394,536.1500
1627630909017000,1,2.79000000,535.7500
1627630973841000,1,2.80093776,535.2200
1627631046934000,0,7.13497000,535.2800
1627631049468000,0,0.29903000,535.2800
1627631186251000,1,2.74640535,534.9200
1627631211460000,1,0.08936745,534.4000
1627631216556000,1,2.80518000,534.3900
1627631216698000,1,0.00000768,534.3900
1627631220048000,1,0.87891104,534.1900
1627631221712000,0,0.22221843,534.4400
1627631245565000,1,0.09874787,534.0500
1627631246388000,1,0.07406090,534.0300
1627631246388000,1,2.80734486,534.0200
1627631246508000,1,2.80734486,534.0200
1627631246596000,0,0.13166383,534.3000
1627631248773000,1,2.80734486,534.0200
1627631251276000,1,2.80734486,534.0200
1627631252754000,1,2.80734486,534.0200
1627631254756000,1,2.80734486,534.0200
1627631256547000,0,2.80734486,534.0000
1627631258546000,0,2.80734486,534.0000
1627631262731000,0,2.71603803,534.0000
1627631262770000,0,2.66927225,534.0000
1627631270702000,0,0.06198005,534.4500
1627631300937000,1,0.13000000,534.0000
1627631307816000,1,2.80000000,533.8100
1627631314903000,1,0.00821707,533.8100
1627631314903000,1,2.84178293,533.7900
1627631316340000,0,1.29278020,534.0900
1627631349961000,0,1.39245187,534.7300
1627631354847000,0,1.51198573,534.9200
1627631491639000,0,0.11740000,534.6800
1627631520467000,1,4.02810259,534.1100
1627631520467000,1,0.87189741,534.0900
1627631718966000,1,2.84000000,533.6100
1627631780741000,1,2.41393764,533.3200
1627631780742000,1,0.39694323,533.3200
1627631811030000,0,2.81117901,533.5600
1627631815594000,1,0.31556000,533.4400
1627631817697000,1,1.29712800,533.4400
1627631818008000,1,0.20674080,533.4400
1627631820651000,1,0.97089179,533.4400
1627631858004000,1,2.81000000,533.4400
1627631858129000,1,0.00025773,533.4400
1627631891222000,1,2.81000000,533.4100
1627631891441000,1,0.00039220,533.4100
1627631997458000,0,3.60000000,534.0700
1627631997617000,0,7.48400000,534.1000
1627631997821000,0,2.66166924,534.2300
1627631998124000,0,0.96709000,534.3800
1627631998126000,0,3.60913182,534.3800
1627632074767000,1,2.80000000,534.4500
1627632111792000,1,0.00971091,534.4500
1627632111792000,1,2.80576472,534.3000
1627632111792000,1,2.81452437,534.2900
1627632136346000,1,0.06500000,534.3200
1627632152800000,1,2.80576000,534.3000
1627632154445000,1,0.00000472,534.3000
1627632154445000,1,7.48299528,533.8600
1627632154508000,1,0.00000472,533.8600
1627632154508000,1,3.89999528,533.8600
1627632198016000,1,3.60000000,533.6700
1627632225920000,1,2.78000000,533.4900
1627632230439000,1,0.00187032,533.4900
1627632230439000,1,2.78812968,533.4400
1627632232172000,1,2.83972256,533.4500
1627632232172000,1,0.00027744,533.4400
1627632242725000,1,0.35000000,533.2500
1627632294426000,1,2.81147000,533.2100
1627632309803000,0,0.45668000,533.2400
1627632314901000,0,0.51548000,533.2400
1627632316184000,0,0.78596000,533.2400
1627632322206000,1,2.75644668,532.9900
1627632337945000,1,2.81472000,532.6000
1627632448860000,1,0.00000434,532.6000
1627632448860000,1,0.65499566,532.6000
1627632624776000,1,0.63395877,532.2200
1627632624777000,1,1.16090511,532.2200
1627632624777000,1,1.02196879,532.2200
1627632649291000,0,0.41086841,532.8500
1627632649309000,0,2.54168289,532.8500
1627632781195000,0,0.37000000,533.0300
1627633296564000,0,2.00000000,533.7200
1627633335687000,0,0.18100000,533.7600
1627633355775000,0,0.11770000,533.7600
1627633571013000,0,0.27160000,533.4700
1627633642829000,1,4.22000000,532.9500
1627634371671000,1,2.81000000,531.5900
1627634372372000,1,2.78650000,531.5300
1627634372441000,1,0.00005234,531.5300
1627634372441000,1,2.18734766,531.4100
1627634385051000,0,3.60000000,531.8500
1627634385979000,0,0.47000000,532.0400
1627634434576000,0,4.42000000,532.1700
1627634464030000,1,4.23000000,531.4000
1627634464866000,1,0.30000000,531.3700
1627634481412000,1,2.79585965,531.2100
1627634481412000,1,2.80855144,531.1300
1627634481412000,1,8.15237168,530.9000
1627634481412000,1,4.31321723,530.8900
1627634490558000,1,2.56252071,530.8300
1627634490962000,1,0.28415000,530.8300
1627634491375000,1,0.00000335,530.8300
1627634491375000,1,11.89999665,530.8200
1627634536499000,0,3.60000000,531.9900
1627634583080000,1,0.12854759,531.1000
1627634583641000,1,0.10285819,531.1100
1627634591290000,0,3.60000000,531.6200
1627634597989000,0,3.60000000,531.8500
1627634598859000,0,3.60000000,531.8800
1627634598859000,0,2.88000000,531.9300
1627634624408000,1,1.30125367,530.9000
1627634624412000,1,1.52206421,530.9000
1627634624412000,1,3.49357817,530.9000
1627634624417000,1,3.21972679,530.9000
1627634628189000,1,0.79593625,530.7500
1627634628562000,1,2.02714000,530.7500
1627634640018000,1,0.28319000,530.3200
1627634640758000,0,0.50000000,530.1400
1627634648861000,0,0.11740400,530.1400
1627634650020000,1,0.28226115,529.7400
1627634653911000,1,0.31755213,528.9100
1627634655527000,1,0.45999999,528.6800
1627634655528000,1,0.00000001,528.6800
1627634655985000,1,0.21000000,528.4000
1627634656219000,1,0.28153000,528.2200
1627634656254000,1,0.00000676,528.2200
1627634656282000,1,0.28133000,528.2000
1627634656360000,1,0.00000250,528.2000
1627634656526000,1,0.18000000,527.4600
1627634656601000,1,0.28185651,527.6900
1627634656864000,1,1.10044826,526.9800
1627634656901000,1,0.47892504,526.9800
1627634659473000,1,0.28185651,526.8500
1627634659473000,1,2.56134349,526.6700
1627634659514000,1,0.28190622,526.6700
1627634659515000,1,3.26500000,526.5600
1627634659659000,1,0.27714454,526.6800
1627634659662000,0,0.00476168,526.6700
1627634659671000,1,0.68809968,526.6800
1627634659833000,1,5.66290000,526.5700
1627634659866000,1,0.00009949,526.5700
1627634664936000,1,0.24000000,523.7900
1627634670454000,1,0.82582922,523.5800
1627634670496000,1,0.23437500,523.5800
1627634670512000,1,0.22479578,523.5800
1627634671158000,1,2.21700000,522.7600
1627634671164000,1,0.27279849,522.4000
1627634671293000,1,0.68144724,522.2400
1627634671293000,1,0.27255276,522.2400
1627634679087000,0,0.30000000,522.9600
1627634679286000,0,6.00241000,522.9600
1627634679610000,0,7.64900000,523.3100
1627634680941000,0,0.04400000,524.8600
1627634684328000,0,0.16490000,524.9800
1627634684536000,0,2.70910000,524.9100
1627634684543000,0,7.57160216,524.9100
1627634689099000,0,0.18531000,525.9000
1627634689242000,0,0.00000065,525.9000
1627634701508000,1,3.60000000,524.3200
1627634702984000,1,3.60000000,523.9100
1627634710028000,0,0.30667099,524.2100
1627634764832000,0,0.08532849,522.1200
1627634765209000,0,0.38306839,522.0600
1627634765212000,0,2.21728847,522.0600
1627634820670000,0,4.17180000,523.0300
1627634820715000,0,0.00003797,523.0300
1627634824500000,0,0.12110000,523.6600
1627634832146000,0,2.86950000,523.1800
1627634832171000,0,0.00004028,523.1800
1627634832171000,0,4.00000000,523.2000
1627634832248000,0,4.00000000,523.2000
1627634865841000,0,2.87410000,522.4000
1627634869493000,0,0.00003948,522.4000
1627634869493000,0,2.83396052,522.4500
1627634897412000,1,2.62450000,521.6000
1627634897641000,1,5.17550000,521.6000
1627634943937000,1,2.10880000,521.5300
1627635018178000,1,7.00000000,520.4000
1627635018237000,1,3.92522000,520.4000
1627635018294000,1,1.87478000,520.4000
1627635102585000,0,0.50000000,519.8700
1627635144290000,1,3.60000000,518.7600
1627635145294000,1,3.60000000,518.5900
1627635147395000,1,0.09005739,518.3300
1627635147684000,1,0.34044427,518.1400
1627635147684000,1,2.05175573,518.1300
1627635149941000,1,0.49000000,518.0000
1627635149941000,1,0.00999999,518.0000
1627635151441000,0,0.50000000,518.0800
1627635152470000,0,2.00333849,518.0800
1627635152711000,0,0.25816839,518.0800
1627635152714000,0,0.83849312,518.0800
1627635152714000,0,2.35936000,518.1300
1627635159662000,0,0.12630000,520.3300
1627635220491000,0,0.50000000,519.1400
1627635266966000,1,0.50000000,518.7100
1627635352427000,1,2.87000000,521.3600
1627635417777000,0,3.60000000,520.2300
1627635417777000,0,4.64790522,520.4300
1627635417777000,0,4.32770416,520.4400
1627635417777000,0,2.86713420,520.4500
1627635417777000,0,2.59739156,520.4900
1627635417791000,1,0.67775979,519.7700
1627635417808000,1,4.65000000,519.7700
1627635469936000,0,0.18530000,521.4400
1627635508293000,1,1.09542000,521.5500
1627635774384000,1,1.10457000,522.5000
1627635787081000,1,0.00000416,522.5000
1627635789542000,0,0.48063528,522.2300
1627635827060000,1,4.10000000,521.6600
1627635901559000,0,2.28357000,521.3200
1627635901643000,0,0.00000074,521.3200
1627635908411000,1,2.87649687,521.0500
1627635908411000,1,4.79249409,520.9900
1627635920427000,1,2.87935109,520.5200
1627635979207000,0,0.19348000,522.8300
1627635979354000,0,0.00000654,522.8300
1627635987343000,1,2.86000000,522.3400
1627635998969000,0,0.10883000,522.9300
1627635999157000,0,0.00000618,522.9300
1627636024907000,1,2.87000000,522.2300
1627636027285000,0,0.11090000,522.8300
1627636073970000,1,0.00019917,522.2300
1627636073970000,1,0.52980083,522.0200
1627636108472000,0,0.12600000,522.2200
1627636128444000,0,0.12200000,522.6700
1627636132457000,0,0.13000000,522.6700
1627636137755000,0,4.67167000,522.6700
1627636156908000,0,0.11790586,522.9300
1627636156908000,0,3.59209414,522.9300
1627636168731000,1,2.86737000,522.8000
1627636429012000,0,0.08666080,523.0200
1627636524310000,0,4.21609525,522.7000
1627636524310000,0,4.99390475,522.7200
1627636646237000,1,8.01000000,522.4000
1627636772790000,1,4.00000000,522.1900
1627636826290000,1,2.87333035,521.7200
1627636941046000,0,0.55680000,520.5300
1627637238486000,1,2.87000000,521.0100
1627637260555000,1,0.59000000,520.4400
1627637260813000,1,0.00415575,520.4400
1627637264407000,1,1.47000000,520.2400
1627637266562000,1,0.00921761,520.2400
1627637268919000,1,3.84616000,520.1300
1627637271687000,1,0.00000573,520.1300
1627637294364000,0,1.48331000,519.6300
1627637294481000,0,0.00000498,519.6300
1627637294481000,0,1.48409502,519.7500
1627637334709000,0,1.00000000,520.3200
1627637408585000,1,3.60000000,521.2600
1627637408585000,1,4.00000000,521.2300
1627637408585000,1,2.87609815,521.2100
1627637408662000,0,10.60680000,521.2100
1627637408701000,0,2.87609815,521.2100
1627637408727000,0,3.04100370,521.2100
1627637417118000,0,0.04900000,521.7200
1627637435243000,0,0.00100000,521.7200
1627637454903000,1,0.14638776,522.0000
1627637470757000,0,0.06910000,523.0600
1627637475959000,0,0.12198980,523.3200
1627637475959000,0,0.83538052,523.3300
1627637476463000,0,0.83538000,523.3200
1627637476463000,0,4.16082353,523.3900
1627637476463000,0,0.00727075,523.4000
1627637518029000,1,4.03716000,522.6200
1627637626540000,0,0.04549820,523.0400
1627637626579000,0,0.00092853,523.0400
1627637686791000,1,0.90924908,523.8900
1627637686862000,1,1.61133999,523.8700
1627637687220000,1,2.58160000,523.6900
1627637687310000,1,1.20940000,523.6900
1627637687425000,1,0.71970608,523.5900
1627637687451000,1,0.49721688,523.5900
1627637690630000,1,3.60000000,522.2000
1627637690750000,1,0.48202598,522.1700
1627637690750000,1,0.48674402,522.1700
1627637734567000,0,1.20880000,522.0200
1627637734623000,0,0.00007532,522.0200
1627637766718000,1,4.50000000,521.5000
1627637766804000,1,0.50000000,521.5000
1627637784029000,1,0.18051000,520.9800
1627637784171000,1,0.00000790,520.9800
1627637784373000,1,0.49358000,520.7400
1627637784480000,1,0.00000136,520.7400
1627637784480000,1,0.07944701,520.6300
1627637933289000,1,7.65700000,521.4200
1627637933289000,1,8.39256250,521.4000
1627637933289000,1,2.04115297,521.3600
1627637933668000,1,7.65900000,521.3700
1627637933668000,1,2.21741257,521.3600
1627637933668000,1,2.87510121,521.3500
1627637933668000,1,2.90199124,521.2800
1627637933668000,1,0.47996163,521.1900
1627637933668000,1,2.90864784,521.1700
1627637933668000,1,8.94400000,521.1300
1627637933668000,1,1.20001907,521.1100
1627637933668000,1,1.25976016,521.1000
1627637936682000,0,0.10740000,521.8500
1627637949162000,1,2.87865987,520.7500
1627637949164000,1,0.00000001,520.7500
1627637949326000,1,7.67100000,520.6500
1627637962958000,0,1.57280000,521.1500
1627637962959000,0,2.23720000,521.1500
1627637963188000,0,1.02040000,521.5700
1627637963328000,0,1.25575338,521.5700
1627637963330000,0,2.69795889,521.7000
1627637963349000,0,0.44132475,521.7000
1627637963349000,0,0.81337525,521.7100
1627637963389000,0,0.44132830,521.7100
1627637963741000,0,1.11710000,521.6800
1627637963742000,0,2.30930000,521.6800
1627637963795000,0,1.04863238,521.6800
1627637964285000,0,0.04700000,522.6600
1627638080441000,1,2.86980000,522.3000
1627638082610000,1,1.70434318,522.0700
1627638082611000,1,1.51007255,522.0700
1627638082670000,1,0.08046701,522.0700
1627638212409000,1,2.86484000,523.3200
1627638214045000,1,2.86676000,522.9500
1627638214075000,1,0.00000310,522.9500
1627638359846000,1,0.05387807,523.3700
1627638387226000,0,4.37338000,523.6200
1627638412434000,1,2.57000000,523.3200
1627638501099000,1,0.12320338,524.0700
1627638709564000,1,1.99829296,524.6700
1627638796301000,0,0.11150000,525.0200
1627638838960000,0,0.10670000,525.3500
1627638843370000,0,3.26000000,525.3600
1627638844417000,1,2.10870000,524.9700
1627638844834000,1,0.47621818,524.6700
1627638844856000,1,0.00000001,524.6700
1627638989575000,0,4.34917000,524.1800
1627639093876000,1,1.34000000,524.1000
1627639093976000,1,11.66000000,524.1000
1627639190539000,0,1.76000000,525.3100
1627639403921000,1,0.30000000,523.9100
1627639447293000,1,2.00000000,524.1900
1627639544077000,0,0.10320000,524.3700
1627639641851000,0,0.11980000,524.0800
1627639705242000,0,3.60000000,524.8500
1627639927334000,0,0.17490000,524.7100
1627639960169000,0,0.07430000,524.9400
1627640214740000,0,0.36840000,524.5000
1627640535903000,1,0.04900000,524.5000
1627640542413000,1,0.00100000,524.5000
1627641218147000,1,7.60100000,525.3500
1627641231465000,1,4.16000000,525.1400
1627641707680000,0,0.00600000,526.0100
1627641920895000,1,0.74981301,526.2100
1627641920903000,1,2.09882082,526.2100
1627641920903000,1,1.10000000,526.1900
1627641920903000,1,3.43878695,526.1800
1627641920977000,1,0.23437500,526.1700
1627641921610000,1,0.28272611,526.0500
1627641921610000,1,1.98494389,526.0400
1627641921624000,1,2.81702685,526.0400
1627641921646000,1,2.79002926,526.0400
1627642017915000,1,0.25000000,526.2300
1627642276429000,0,0.09890000,527.1400
1627642276888000,0,4.00000000,527.1800
1627642276888000,0,3.54953622,527.1900
1627642374563000,0,0.10000000,527.0300
1627642404561000,1,2.00000000,526.6600
1627642450439000,0,5.00000000,526.5900
1627642495998000,1,0.30000000,526.4400
1627642690611000,0,2.81000000,526.5500
1627642690693000,0,0.00283828,526.5500
1627642742947000,0,0.09180000,526.3500
1627643576314000,0,0.09480000,524.6100
1627643810394000,0,0.09380000,524.9900
1627643909293000,0,0.14944000,523.8000
1627644064948000,0,0.15000000,523.4900
1627644095604000,0,4.85000000,523.4900
1627644167346000,0,0.00247428,523.4900
1627644167346000,0,0.21998572,523.6100
1627644167471000,0,2.66680000,523.6100
1627644167483000,0,0.00000024,523.6100
1627644318940000,0,0.45178000,523.6100
1627644319036000,0,0.77192001,523.6100
1627644319067000,0,1.66423184,523.6100
1627644355936000,1,4.37000000,523.5600
1627644417486000,0,0.20880000,524.2400
1627644445240000,0,0.11060000,523.9500
1627644542048000,0,0.36840000,524.4400
1627644759850000,0,0.07360000,524.7700
1627644772683000,0,1.41000000,524.8700
1627644902833000,0,0.10310000,524.8800
1627645278372000,1,8.53000000,523.4200
1627645390021000,0,0.18097187,522.5900
1627645390830000,0,0.90513024,522.5900
1627645515997000,0,0.01847205,522.5900
1627645669222000,1,1.50000000,523.2700
1627645932368000,0,2.44000000,523.0500
1627645989191000,1,4.07000000,521.6400
1627645990054000,1,0.48063528,521.4600
1627646234134000,0,4.13000000,523.1900
1627646235071000,0,0.24720000,523.3500
1627646297660000,0,0.36880000,523.9300
1627646363460000,0,0.17510000,524.1900
1627646830576000,1,3.60000000,522.4700
1627646904463000,0,0.73840000,523.5100
1627647045051000,1,1.99000000,523.7300
1627647181202000,0,0.04888521,524.7400
1627647181202000,0,0.06711479,524.8300
1627647287869000,0,0.04698621,524.5300
1627647390241000,0,7.98964763,524.6800
1627647493985000,1,2.85628667,524.8600
1627647868865000,1,0.05078096,525.5000
1627648061539000,0,3.60000000,524.9200
1627648075202000,0,2.85827360,525.1500
1627648104644000,0,2.60000000,525.4900
1627648104644000,0,2.85000000,525.5000
1627648128051000,0,0.24580000,526.1600
1627648344940000,0,2.00000000,524.7900
1627648381793000,0,2.86225971,524.4800
1627648382003000,0,2.80501452,524.4800
1627648474249000,0,0.27540000,526.1400
1627648514019000,1,3.60000000,525.8900
1627648564806000,0,2.85000000,525.9200
1627648569883000,0,0.18360000,526.1200
1627648694638000,0,2.85000000,526.3100
1627648842953000,0,2.70000000,525.9700
1627648843207000,0,0.15376153,525.9700
1627648993930000,1,8.57268467,525.4700
1627649017009000,1,0.41564000,525.1800
1627649019407000,0,0.11030000,525.2800
1627649020251000,1,0.00000135,525.1800
1627649096100000,0,0.63430000,525.4200
1627649188311000,0,0.08820000,525.8800
1627649196298000,0,0.18370000,525.8800
1627649200294000,0,0.24000000,525.8800
1627649206997000,0,0.11390000,526.0600
1627649257251000,0,0.12480000,526.1200
1627649382946000,0,0.09460000,526.0300
1627649957964000,0,0.55280000,524.1800
1627649999270000,1,0.10755144,523.4100
1627650013620000,1,4.00000000,523.3500
1627650050795000,1,3.60000000,523.7900
1627650177606000,1,0.85903716,524.0700
1627650254529000,1,2.85000000,524.3400
1627650313777000,1,2.85000000,524.4600
1627650407628000,1,4.39000000,523.8800
1627650428083000,1,0.26000000,523.2600
1627650439849000,0,7.63800000,523.2700
1627650440160000,0,6.55581000,523.2700
1627650529555000,1,0.00205759,523.2600
1627650588179000,1,0.27000000,522.9500
1627650591162000,0,0.73830000,523.3700
1627650600714000,1,1.19000000,523.0900
1627650613765000,0,0.13310000,523.1900
1627650680126000,0,0.28845579,522.9600
1627650755702000,1,0.27854766,522.7600
1627650781688000,0,0.08310000,523.2000
1627650813406000,0,4.02000000,523.2700
1627650890425000,1,1.37000000,523.0600
1627650988495000,0,2.26000000,523.6600
1627651021139000,0,0.00802954,523.6600
1627651021139000,0,5.66197046,523.7700
1627651021388000,0,0.00830254,523.7700
1627651023403000,0,14.74000000,523.9300
1627651023767000,0,0.00152957,523.9300
1627651082586000,1,3.60000000,524.2600
1627651084960000,1,3.60000000,524.2600
1627651084960000,1,3.80000000,524.2200
1627651084960000,1,2.65465287,524.2100
1627651271187000,1,2.85000000,525.1900
1627651314357000,0,3.60000000,525.2700
1627651351017000,0,3.60000000,525.4000
1627651356668000,0,3.60000000,525.4500
1627651365996000,0,3.60000000,525.4400
1627651447089000,0,0.08270000,525.6200
1627651513353000,0,1.16000000,525.2100
1627651569642000,0,3.12610000,525.3300
1627651676206000,0,8.43000000,525.3600
1627651817754000,1,2.85000000,525.3700
1627651869172000,0,0.06610722,525.9200
1627651939015000,1,8.21000000,525.4400
1627652163823000,0,8.10000000,525.8300
1627652175679000,0,0.05000000,526.1000
1627652220985000,0,0.09450000,526.6200
1627652304877000,0,0.11000000,526.8100
1627652342661000,1,4.31391565,525.9700
1627652342661000,1,8.20608435,525.9700
1627652593131000,0,4.24722000,527.3700
1627653192502000,1,0.11033331,525.3500
1627653200497000,0,3.60000000,525.7600
1627653221277000,0,3.60000000,525.7800
1627653247747000,0,4.00000000,526.1400
1627653264290000,1,3.54615000,526.2200
1627653443497000,0,2.85433124,525.9300
1627653443497000,0,0.91524691,525.9800
1627653707976000,1,3.60000000,525.6400
1627653707976000,1,0.16957815,525.5500
1627654074374000,0,0.31130000,527.5700
1627654117273000,0,8.44040000,528.2100
1627654117501000,0,4.22740000,528.4100
1627654130777000,1,0.50000000,528.3700
1627654181802000,0,0.64800000,529.2300
1627654281781000,0,2.83290000,529.9200
1627654355843000,1,3.60000000,529.9600
1627654417290000,0,0.10930000,529.8600
1627654490299000,0,2.33000000,529.4800
1627654514243000,1,4.29000000,529.0800
1627654560556000,0,3.60000000,528.8600
1627654563796000,0,3.60000000,528.8700
1627654563796000,0,5.45000000,528.8700
1627654571748000,1,0.73102000,528.4100
1627654571812000,1,0.00000975,528.4100
1627654571812000,1,8.37004025,528.3800
1627654672076000,0,1.41569037,528.5500
1627654740900000,0,0.12800000,528.9000
1627654828324000,0,0.11890000,528.1600
1627654965785000,0,0.26530000,528.0500
1627655140702000,0,0.08050000,527.7400
1627655445864000,0,0.12450000,527.5500
1627655504739000,1,2.84000000,527.1000
1627655633243000,0,0.18330000,527.0600
1627655646787000,0,0.09160000,527.0400
1627655838330000,1,0.15000000,526.4700
1627655838330000,1,0.59000000,526.4200
1627655845835000,0,0.34000000,526.7300
1627655875926000,1,0.40000000,526.6400
1627655878619000,0,0.04488882,527.0800
1627655951139000,0,0.14650000,527.5300
1627656007173000,0,4.10000000,527.8600
1627656095616000,1,4.23000000,527.8400
1627656095618000,1,0.00937612,527.8400
1627656312943000,1,2.84126000,527.6600
1627656409729000,0,0.18290000,528.3500
1627656554449000,1,0.00000893,527.6600
1627656569409000,0,0.04900000,527.4800
1627656589094000,1,2.84000000,526.9300
1627656590977000,0,0.04900000,527.1700
1627656606634000,1,0.04900000,527.1700
1627656627306000,0,0.30086000,527.2100
1627656643514000,0,0.00614000,527.2100
1627656643578000,0,0.40800000,527.3400
1627656655773000,0,0.23226000,527.4700
1627656656041000,0,0.05880000,527.4700
1627656669804000,0,0.05972120,527.4700
1627656685772000,0,0.00121880,527.4700
1627656687250000,0,0.40000000,527.6000
1627656687292000,0,0.00800000,527.6000
1627656688069000,0,0.38600000,527.7300
1627656689297000,0,0.31000000,527.8600
1627656766112000,0,0.00800000,527.8600
1627656769940000,0,0.29100000,527.9900
1627656770901000,0,0.09310000,527.9900
1627656770905000,0,0.00190000,527.9900
1627656780171000,0,0.35966000,528.1200
1627656780187000,0,0.00734000,528.1200
1627656822683000,1,0.67533169,527.9800
1627656822780000,1,0.00000001,527.9800
1627656904830000,1,0.69516000,527.4300
1627657104984000,0,2.83668000,529.5800
1627657133388000,1,11.79889000,529.9900
1627657133436000,1,5.50000000,529.9900
1627657133681000,1,0.68331000,529.9900
1627657133842000,1,4.31669000,529.8900
1627657133954000,1,9.00000000,529.8900
1627657134004000,1,1.93402000,529.8900
1627657134118000,1,4.31669000,529.8900
1627657136508000,1,7.50000000,529.7200
1627657140703000,1,13.74929000,529.8600
1627657140709000,1,0.30000000,529.8600
1627657140765000,1,2.50000000,529.8600
1627657140766000,1,15.80000000,529.8600
1627657140881000,1,0.14571000,529.8600
1627657145051000,1,15.28000000,529.7000
1627657147954000,1,26.91610000,529.7300
1627657147954000,1,1.90390000,529.7000
1627657157049000,1,0.03920000,529.9100
1627657166762000,1,19.90283332,529.8500
1627657166781000,1,9.47956668,529.8500
1627657173463000,1,31.36000000,529.9100
1627657176823000,1,0.11466000,529.9600
1627657177803000,1,0.19600000,529.9600
1627657179213000,1,34.89000000,529.9300
1627657179353000,1,0.00450000,529.9300
1627657202485000,1,3.50000000,529.9700
1627657233599000,1,11.34979000,529.8600
1627657233657000,1,3.50000000,529.8600
1627657233820000,1,0.67215000,529.8600
1627657242555000,0,0.07290000,529.6400
1627657261578000,0,3.17215000,528.7600
1627657385645000,1,2.84148203,527.6200
1627657385645000,1,4.42555793,527.5900
1627657386759000,1,2.78465239,527.6200
1627657387836000,1,0.05569305,527.6200
1627657388974000,1,0.00113659,527.6200
1627657388974000,1,2.78462966,527.6200
1627657390064000,1,0.05571532,527.6200
1627657392295000,1,0.00113705,527.6200
1627657392295000,1,2.78462965,527.6200
1627657405262000,0,11.04800000,528.2800
1627657405738000,0,3.00000000,528.5100
1627657405816000,0,3.00000000,528.5100
1627657405911000,0,1.17897379,528.5100
1627657405911000,0,1.82102621,528.5100
1627657418097000,0,0.95990000,528.3500
1627657445771000,0,0.11340000,528.1900
1627657477584000,1,2.78587216,527.3500
1627657478740000,1,4.00000000,527.1900
1627657478740000,1,4.30962164,527.1800
1627657478740000,1,0.04900000,527.1700
1627657478740000,1,8.37585099,527.1700
1627657478740000,1,2.84387292,527.1600
1627657478740000,1,1.25768163,527.1300
1627657479874000,1,16.83602000,527.1900
1627657479874000,1,2.84387292,527.1600
1627657479874000,1,1.01351935,527.1300
1627657480969000,1,2.41344806,527.1300
1627657482150000,1,2.83526442,527.1600
1627657487761000,1,3.60000000,526.9700
1627657487761000,1,2.00365077,526.9500
1627657510699000,1,0.84000000,526.9500
1627657510747000,1,0.00058986,526.9500
1627657531906000,1,2.78749224,526.9700
1627657539766000,1,3.60000000,526.8100
1627657539766000,1,1.70000000,526.7300
1627657539766000,1,2.84549643,526.7000
1627657539766000,1,8.94400000,526.6600
1627657539766000,1,0.76278255,526.6500
1627657569807000,1,3.60000000,526.7100
1627657571669000,0,3.61530000,527.0500
1627657600622000,1,3.60000000,527.2200
1627657600622000,1,2.84000000,527.2000
1627657603473000,1,3.60000000,527.2100
1627657606863000,1,3.60000000,527.0600
1627657615062000,1,2.84533634,526.8000
1627657615062000,1,3.59466366,526.8000
1627657641209000,1,2.84000000,526.9600
1627657684566000,1,10.40684000,527.7500
1627657706969000,1,0.00000036,527.7500
1627657706969000,1,2.83999964,527.3000
1627657808518000,1,2.84229098,527.4600
1627657894834000,1,0.00277935,527.3000
1627657894834000,1,2.84407039,527.1100
1627657894834000,1,8.42659925,526.8600
1627657894834000,1,25.00000000,526.8500
1627657899945000,1,0.57792273,526.5200
1627657899946000,1,0.00000001,526.5200
1627657899946000,1,1.49752856,526.5000
1627657900002000,1,1.34929447,526.5000
1627657900585000,1,0.78226113,526.2500
1627657900587000,1,0.33846693,526.2500
1627657900604000,1,1.52221654,526.2500
1627657900651000,1,4.12731000,526.2500
1627657900683000,1,2.40878073,526.2500
1627657916813000,1,0.94355845,525.2300
1627657916815000,1,1.90912775,525.2300
1627657916815000,1,3.56786536,525.2300
1627657917013000,1,0.72253000,525.0900
1627657917124000,1,0.12059059,525.2400
1627657917124000,1,4.37940941,525.0900
1627657917176000,1,2.37747000,525.0900
1627657962579000,0,7.60700000,525.7800
1627658026993000,0,8.77271000,526.8200
1627658033026000,1,3.60000000,526.6300
1627658033026000,1,2.84000000,526.6100
1627658071572000,0,0.18320000,527.1600
1627658096019000,0,0.08790000,527.3900
1627658173001000,0,0.07327945,526.6800
1627658406778000,1,8.03000000,525.7600
1627658431332000,1,2.85000000,525.0400
1627658454882000,0,0.09190000,525.5600
1627658476909000,1,0.20741617,525.6700
1627658676767000,0,0.11322687,527.2600
1627658695065000,1,1.22856565,526.8800
1627658695065000,1,0.57356905,526.8800
1627658695149000,1,1.04316000,526.8800
1627658720237000,1,4.38327806,526.2000
1627658720237000,1,8.61323577,526.1900
1627658768873000,0,0.30000000,527.0500
1627658793868000,0,0.08134000,527.0500
1627658824865000,1,0.21000000,526.7900
1627658838530000,0,0.18330000,526.9600
1627658889604000,0,0.00166000,527.0500
1627658890434000,0,0.39000000,527.1800
1627658890810000,0,0.00800000,527.1800
1627658890810000,0,0.05200000,527.3100
1627658891658000,0,0.15000000,527.3000
1627658892483000,1,2.84430000,527.0600
1627658915858000,1,0.00000596,527.0600
1627658915858000,1,2.84535404,526.8400
1627658957776000,1,2.84000000,526.2500
1627658979076000,0,0.32400000,526.6300
1627658979076000,0,0.28849510,526.6400
1627658979851000,0,4.07000000,526.6400
1627659038237000,0,0.31000000,526.7600
1627659038334000,0,0.00200000,526.7600
1627659052178000,1,2.84657123,526.6400
1627659054885000,1,0.14638533,526.6400
1627659100609000,1,0.51028357,526.6300
1627659100609000,1,2.33658281,526.6300
1627659100609000,1,0.51028356,526.6300
1627659100611000,1,1.09007654,526.6300
1627659175163000,0,0.16900000,526.5200
1627659175228000,0,4.00000000,526.6400
1627659175430000,0,0.16300000,526.6500
1627659175528000,0,0.22300000,526.7800
1627659175788000,0,0.21900000,526.9100
1627659303841000,0,0.13896000,527.2700
1627659303919000,0,0.00000155,527.2700
1627659303919000,0,8.49466845,527.3000
1627659336525000,0,0.07660255,527.3000
1627659336551000,0,0.00156332,527.3000
1627659350385000,1,0.08467969,527.3600
1627659409039000,1,0.60000000,526.8800
1627659528856000,0,0.04763233,527.5700
1627659528856000,0,0.37346767,527.7400
1627659586618000,1,0.06166525,528.0700
1627659587689000,0,0.05160169,528.5300
1627659587689000,0,0.03059831,528.6000
1627659612963000,1,3.51452000,528.3900
1627659613024000,1,0.16248000,528.3900
1627659700579000,0,0.73050000,528.9300
1627659783492000,1,2.83000000,528.5800
1627660042360000,0,0.10240000,528.4300
1627660160897000,0,0.18290000,528.0300
1627660387029000,1,2.84000000,527.5700
1627660803462000,0,0.09140000,528.3100
1627660933005000,0,0.13540000,528.0600
1627660970010000,0,0.21950000,528.1500
1627661013574000,1,4.30905106,527.2500
1627661013574000,1,8.73258038,527.2400
1627661189604000,0,3.60000000,526.4700
1627661235672000,0,4.21000000,526.5500
1627661235724000,0,0.00990276,526.5500
1627661400337000,0,0.10990000,527.3100
1627661446002000,1,2.84000000,527.1600
1627661587716000,0,0.27360000,527.2600
1627661627615000,0,0.11000000,527.0300
1627661660028000,0,0.91650000,527.0100
1627661683481000,0,0.10500000,526.6200
1627661732395000,1,2.85000000,525.7900
1627661821406000,0,8.81021040,525.6900
1627661845886000,0,0.10695488,526.3600
1627661850096000,0,4.21000000,526.3800
1627661968282000,1,0.39102000,526.8800
1627662079491000,0,0.08240000,527.8200
1627662153432000,1,4.22000000,527.4200
1627662212360000,1,3.60000000,527.5100
1627662212360000,1,2.84000000,527.4900
1627662214373000,1,0.00222708,527.4900
1627662214373000,1,2.83777292,527.4900
1627662229693000,1,4.06678040,527.8900
1627662229693000,1,2.83986831,527.8800
1627662229693000,1,8.08335129,527.8800
1627662247171000,1,2.83961069,527.9100
1627662247171000,1,3.60000000,527.9100
1627662247171000,1,8.30038931,527.8900
1627662251841000,0,4.19979000,528.4600
1627662257462000,0,6.50000000,528.6200
1627662279711000,1,2.83000000,528.5000
1627662316514000,1,2.83000000,528.1300
1627662500469000,1,29.06000000,527.8300
1627662509202000,1,0.00010000,527.8300
1627662509202000,1,22.65760000,527.7300
1627662509291000,1,0.00010000,527.7300
1627662511886000,1,9.04711000,527.7100
1627662511981000,1,3.00000000,527.7100
1627662512061000,1,3.50000000,527.7100
1627662512096000,1,0.30000000,527.7100
1627662512225000,1,7.00000000,527.7100
1627662512296000,1,1.50609000,527.7100
1627662514295000,1,11.60186552,527.5900
1627662514603000,1,5.64533000,527.5900
1627662533640000,1,9.49326000,527.4800
1627662538915000,1,4.00000000,527.5000
1627662539530000,1,2.50000000,527.5000
1627662539723000,1,4.37134448,527.5000
1627662558781000,1,3.40000000,527.5300
1627662562954000,1,18.30000000,527.4000
1627662607424000,1,2.84000000,527.1000
1627662618272000,1,8.29651628,526.5200
1627662618272000,1,4.08348372,526.5200
1627662644102000,0,2.65142000,527.0600
1627662668916000,0,3.50000000,527.3500
1627662766068000,0,0.24490000,528.2800
1627663987913000,0,0.36640000,527.4700
1627664284228000,0,3.60000000,527.5600
1627664285228000,0,3.60000000,527.5800
1627664588141000,0,0.63269594,528.2000
1627664708176000,0,8.70549000,528.0200
1627664803929000,1,0.26000000,528.6000
1627664839402000,0,0.54770000,529.0600
1627664924646000,0,0.13830000,529.1000
1627664966622000,0,0.61000000,529.2600
1627665052140000,0,3.60000000,529.4100
1627665053259000,0,1.82470000,529.4400
1627665102832000,0,6.61867588,529.4200
1627665409621000,1,0.50000000,529.4200
1627665550134000,0,4.38560000,531.5300
1627665557100000,0,3.60000000,531.6800
1627665557100000,0,0.08491839,531.7000
1627665557104000,0,2.97104947,531.7000
1627665557104000,0,1.90803195,531.7000
1627665557104000,0,0.83515134,531.7100
1627665595227000,0,2.82130000,532.0100
1627665785458000,0,0.00008081,532.0100
1627665790423000,0,3.20000000,532.2600
1627665790423000,0,5.94120000,532.2700
1627665790708000,0,4.79451000,532.4300
1627665798933000,1,0.50000000,532.5800
1627665832660000,1,2.73572000,533.2700
1627665832763000,1,0.00000486,533.2700
1627665858298000,0,4.00140000,534.1800
1627665957609000,1,3.60000000,534.6600
1627666065639000,1,2.97000000,533.6700
1627666122763000,1,3.60000000,533.2900
1627666170970000,1,0.80000000,533.9400
1627666337129000,0,2.80933000,534.2100
1627666426509000,0,0.86870000,533.6900
1627666492567000,0,0.59740000,533.6000
1627666694439000,0,2.81813000,532.5500
1627667256874000,0,0.13430000,532.3300
1627667291678000,1,3.60000000,531.9600
1627667327857000,0,0.03735826,532.6800
1627667331013000,1,0.07385126,532.1500
1627667411907000,1,0.09492386,531.7600
1627667447070000,0,0.28020000,532.5600
1627667993013000,0,0.54550000,531.2800
1627668262294000,0,0.09070000,532.2600
1627668304470000,1,0.11074625,532.1800
1627668429257000,0,0.08160000,532.5600
1627668486061000,0,0.08530000,532.3800
1627668519393000,1,0.54096011,531.3000
1627668569425000,0,0.25810000,531.5100
1627668631678000,0,0.07270000,531.8100
1627668894856000,0,0.30000000,532.5600
1627668970631000,0,0.61840000,532.5600
1627669170413000,0,0.14890000,534.6100
1627669243777000,0,0.09040000,534.3600
1627669375906000,1,0.54867142,533.4700
1627669419032000,0,0.18640000,533.8700
1627669472273000,0,0.12840000,534.1800
1627669485472000,0,0.03725266,534.1900
1627669486969000,1,0.99831548,533.8300
1627669550628000,0,0.18080000,534.1900
1627669872159000,0,2.47000000,533.8300
1627669872409000,0,0.34185020,533.8300
1627669972115000,0,3.60000000,533.7000
1627669972165000,1,0.30000000,533.7000
1627669972167000,1,21.10000000,533.7000
1627670143257000,0,0.09050000,533.5100
1627670187253000,0,2.79000000,533.7300
1627670385129000,1,0.18000000,533.4200
1627670475284000,0,0.07250000,533.5300
1627670492929000,0,2.74065820,533.5300
1627670492929000,0,2.69866447,533.5500
1627670531412000,0,0.11100659,533.5500
1627670531412000,0,0.17869341,533.7000
1627670643315000,0,2.00000000,533.5200
1627670783629000,0,0.12680000,533.4000
1627670843745000,0,2.81451400,533.2700
1627671006545000,0,1.00000000,533.5200
1627671006545000,0,2.82608287,533.5300
1627671006545000,0,3.59391713,533.5300
1627671078613000,0,2.71428275,533.5100
1627671082353000,0,0.05428566,533.5100
1627671082414000,0,0.00110787,533.5100
1627671155743000,0,0.63018177,533.5400
1627671156740000,0,0.63018177,533.5400
1627671164032000,0,0.70560000,533.5400
1627671165530000,0,1.63403646,533.5400
1627671165530000,0,2.83890918,533.5500
1627671165530000,0,2.66705106,533.5600
1627671169147000,0,0.05586000,533.5500
1627671170522000,0,2.72625975,533.5500
1627671170522000,0,3.60000000,533.5500
1627671170522000,0,0.01627474,533.5600
1627671172245000,0,0.12943948,533.5600
1627671172245000,0,3.60000000,533.7000
1627671172245000,0,0.00326625,533.7300
1627671172245000,0,2.69397674,533.7500
1627671180616000,1,0.53690000,533.4400
1627671259352000,1,0.93750000,532.8800
1627671311243000,0,2.81000000,532.9100
1627671311614000,0,2.84583200,532.9900
1627671311614000,0,0.67416800,533.0500
1627671364016000,0,0.33700000,533.1900
1627671376897000,0,0.12680000,533.1900
1627671490964000,0,3.60000000,533.1700
1627671490964000,0,2.38124585,533.1900
1627671490964000,0,0.37037508,533.1900
1627671498083000,0,0.63410000,533.1800
1627671507586000,0,1.20000000,533.1600
1627671538443000,0,2.00000000,533.1600
1627671609216000,0,3.60000000,533.1300
1627671652214000,0,2.14000000,533.1800
1627671652380000,0,0.00769976,533.1800
1627671689214000,1,0.40000000,532.8000
1627671982173000,0,2.80762807,533.0300
1627671982173000,0,2.66973550,533.1800
1627672125189000,0,2.81481529,533.1700
1627672125189000,0,0.05325097,533.1800
1627672193587000,0,2.79000000,533.5000
1627672194052000,0,0.00165884,533.5000
1627672200883000,0,3.60000000,533.5400
1627672222398000,0,2.77000000,533.6700
1627672239540000,0,2.81000000,533.7800
1627672241022000,0,2.80881195,533.8200
1627672241022000,0,7.70087155,533.9300
1627672440372000,0,0.30000000,534.3200
1627672550540000,0,2.80000000,535.2100
1627672550546000,0,0.00436975,535.2100
1627672554417000,0,2.80510000,535.1300
1627672554456000,0,0.00003976,535.1300
1627672558369000,0,2.80510000,535.1300
1627672560272000,0,0.00003976,535.1300
1627672560272000,0,2.78361501,535.4400
1627672560272000,0,2.80424523,535.4400
1627672560285000,0,0.00009492,535.4400
1627672560285000,0,4.67620508,535.4600
1627672569844000,1,3.60000000,534.9600
1627672595171000,1,1.73253060,534.5100
1627672595175000,1,1.73253060,534.5100
1627672610037000,1,0.66770000,534.8700
1627672621115000,0,2.80000000,534.7400
1627672640979000,0,0.06870000,534.5300
1627672775571000,1,0.78640763,534.4900
1627672775571000,1,3.81132295,534.4800
1627672819358000,0,0.00017970,535.4600
1627672819358000,0,2.79982030,535.6400
1627672820384000,0,0.00287100,535.6400
1627672820384000,0,4.67282900,535.7700
1627672862201000,1,8.48000000,534.7900
1627672937806000,0,2.80000000,535.1100
1627672966555000,0,2.80000000,535.1200
1627672971146000,0,8.34000000,535.1900
1627672971516000,0,0.00539607,535.1900
1627672993507000,0,2.80000000,535.4700
1627673010300000,0,2.32620000,536.0500
1627673077589000,0,0.69000000,535.9100
1627673093325000,0,2.80000000,536.0900
1627673211277000,0,2.83000000,536.0700
1627673237735000,0,0.00022017,536.0900
1627673238384000,1,0.62565049,536.1600
1627673247634000,1,0.62558947,536.3400
1627673254967000,1,0.62552851,536.4300
1627673255197000,1,0.62552851,536.4500
1627673289784000,1,0.62540653,536.6500
1627673290097000,1,0.62540653,536.6500
1627673298490000,1,0.62528454,536.8200
1627673305375000,0,2.79503475,537.0600
1627673305375000,0,2.75496525,537.0700
1627673305754000,0,2.79503475,537.0600
1627673327788000,1,0.59217930,536.9100
1627673363615000,0,2.79000000,537.0600
1627673389491000,0,0.00501199,537.0600
1627673389491000,0,2.80498801,537.1700
1627673415053000,0,2.73911624,537.0600
1627673456291000,0,0.18750000,536.5900
1627673467709000,1,0.30000000,535.8700
1627673468630000,1,1.26536452,535.5100
1627673468832000,1,0.67784688,535.5200
1627673510578000,0,2.80000000,535.2800
1627673510592000,0,0.00388652,535.2800
1627673513840000,0,2.80000000,535.5000
1627673563295000,0,2.74573955,535.7300
1627673653626000,0,0.93400000,534.9500
1627673685922000,0,3.52800000,534.6100
1627673742287000,1,0.93000000,534.3500
1627673798077000,0,2.80000000,534.4900
1627673816991000,1,0.27025444,533.9300
1627673861110000,0,2.80000000,534.1600
1627673931662000,0,3.60000000,534.1500
1627673931662000,0,2.80945461,534.1800
1627673931662000,0,0.83745145,534.2700
1627673958673000,0,0.12840000,534.1800
1627673982044000,0,2.75400064,534.0400
1627673982522000,0,0.05620409,534.0400
1627673982522000,0,0.05229591,534.2600
1627673989150000,0,0.98000000,534.0400
1627674036127000,1,0.93650000,533.7100
1627674036312000,1,0.22731111,533.4800
1627674036431000,1,0.40937589,533.4800
1627674036431000,1,1.59185470,533.3900
1627674039773000,1,7.49400000,533.2600
1627674138197000,0,8.19000000,533.8800
1627674138459000,0,2.81000000,533.8800
1627674258504000,0,2.77922000,534.4300
1627674397048000,1,0.19300000,534.1900
1627674616143000,0,3.60000000,534.2700
1627674616143000,0,2.83000000,534.2800
1627674625207000,0,0.00081903,534.2800
1627674625207000,0,0.07148097,534.2800
1627674676581000,0,2.82000000,534.1400
1627674678282000,0,0.00313624,534.1400
1627674678282000,0,2.81686376,534.2600
1627674693036000,0,0.00114619,534.2600
1627674693036000,0,0.08925381,534.4600
1627674737003000,0,0.09940000,534.4500
1627674817247000,0,2.80000000,535.2600
1627674845723000,0,0.00409937,535.2600
1627674866067000,0,2.80310000,535.4500
1627674880629000,0,2.80478220,535.2300
1627674880629000,0,1.00000000,535.2300
1627674917681000,0,2.80643936,534.8500
1627674925957000,0,5.00090000,535.4400
1627674941662000,1,0.75230000,535.0000
1627675014649000,0,2.80000000,534.9200
1627675023874000,1,0.93500000,534.4800
1627675028654000,1,3.52800000,533.9100
1627675035348000,1,1.29050000,533.5700
1627675059738000,0,2.81000000,534.1700
1627675063893000,1,1.29397332,533.5300
1627675064419000,1,1.04280000,533.5300
1627675065235000,1,3.52800000,533.5300
1627675065248000,1,6.75174000,533.5300
1627675065299000,1,1.07490000,533.5300
1627675065302000,1,5.00000000,533.5300
1627675065360000,1,3.00000000,533.5300
1627675065426000,1,6.00000000,533.5300
1627675065445000,1,20.69350668,533.5300
1627675071051000,0,3.40820000,533.9600
1627675077628000,1,3.60000000,533.4900
1627675114398000,0,2.81000000,533.9600
1627675156718000,0,11.10000000,534.6600
1627675179891000,0,2.79811626,535.1100
1627675179891000,0,2.80604138,535.1200
1627675198624000,1,3.54000000,534.9700
1627675231257000,0,0.00004860,535.4500
1627675231257000,0,4.13666651,535.5000
1627675231257000,0,4.17376392,535.5100
1627675231257000,0,8.61952097,535.5200
1627675389057000,1,3.60000000,536.4400
1627675393772000,1,3.50000000,536.4200
1627675393797000,1,1.01100000,536.4200
1627675393820000,1,3.50000000,536.4200
1627675399683000,1,0.89000000,536.0200
1627675410078000,0,1.01100000,536.4100
1627675422919000,0,2.74189107,536.5600
1627675467931000,0,2.79000000,536.9800
1627675498603000,0,0.04900000,537.0600
1627675510032000,0,0.00100000,537.0600
1627675510032000,0,2.78900000,537.3700
1627675525425000,1,4.43000000,536.8500
1627675540058000,0,0.12962491,536.8500
1627675540250000,0,0.00000001,536.8500
1627675641074000,0,2.79000000,537.3400
1627675753300000,1,0.50000000,537.4000
1627675764026000,0,2.79000000,537.9800
1627675830720000,0,0.00008706,537.9800
1627675830720000,0,2.78991294,538.0100
1627675842284000,0,0.00022761,538.0100
1627675842284000,0,2.77977239,538.2000
1627675855977000,0,2.78000000,538.3900
1627675910456000,0,2.78000000,538.2300
1627675952470000,0,2.78809079,538.4200
1627675952470000,0,2.77190921,538.4300
1627676025610000,0,0.17030000,538.8500
1627676054586000,1,0.31098753,539.2600
1627676082417000,0,2.78000000,539.7900
1627676101895000,1,3.60000000,539.3600
1627676114223000,0,2.78000000,539.6500
1627676160300000,1,22.07000000,539.5800
1627676160382000,1,12.50000000,539.5800
1627676166006000,1,5.52000000,539.5800
1627676167328000,1,5.14451000,539.5800
1627676169981000,0,0.00148315,539.6500
1627676169981000,0,2.77851685,539.7600
1627676174739000,1,0.10000000,539.5800
1627676176985000,1,0.00499000,539.5800
1627676177178000,1,1.30000000,539.5300
1627676177379000,1,57.62000000,539.5300
1627676178582000,1,0.00620000,539.5300
1627676186083000,1,3.60000000,539.5500
1627676186083000,1,53.41790000,539.5300
1627676186083000,1,3.59210000,539.4900
1627676194652000,1,25.57490000,539.5400
1627676194652000,1,29.48960000,539.4600
1627676197709000,1,1.09190000,539.2200
1627676197729000,1,46.40073385,539.2200
1627676198056000,1,1.29990000,539.2200
1627676198078000,1,23.23300000,539.2200
1627676198260000,1,1.05340000,539.2200
1627676200387000,1,0.30015307,539.2200
1627676200512000,1,1.56204577,539.2200
1627676205378000,1,11.88000000,539.0900
1627676218297000,0,0.57130000,539.3500
1627676224373000,0,2.14530000,539.3400
1627676224409000,0,0.61418380,539.3400
1627676224498000,0,1.65543103,539.3500
1627676232349000,1,1.02268384,539.4700
1627676232595000,1,0.84505711,539.4700
1627676234529000,0,2.22000000,539.5400
1627676241196000,1,1.83347653,539.6600
1627676241930000,1,0.61418000,539.6600
1627676242180000,1,8.43000000,539.6000
1627676246777000,1,1.94761952,539.5900
1627676246777000,1,22.37678048,539.5900
1627676255251000,1,1.29260000,539.5300
1627676255949000,1,0.43942472,539.5300
1627676256024000,1,0.42708845,539.5300
1627676256102000,1,0.42698303,539.5300
1627676256104000,1,2.42200000,539.5300
1627676256186000,1,0.57615948,539.5300
1627676256211000,1,0.43930893,539.5300
1627676256266000,1,0.36488936,539.5300
1627676256556000,1,0.22409586,539.5300
1627676256685000,1,0.23149384,539.5300
1627676256696000,1,0.26579810,539.5300
1627676256789000,1,0.23618940,539.5300
1627676256908000,1,0.74941862,539.5300
1627676256984000,1,0.20659603,539.5300
1627676257132000,1,0.34817577,539.5300
1627676257293000,1,0.26555870,539.5300
1627676257319000,1,0.19771534,539.5300
1627676257342000,1,0.20654229,539.5300
1627676267155000,0,0.00216474,539.7600
1627676267155000,0,1.12893526,539.7900
1627676298864000,1,1.12050000,539.6400
1627676298896000,1,31.21569440,539.6400
1627676298899000,1,1.10090000,539.6400
1627676298947000,1,1.39080000,539.6400
1627676299008000,1,2.80213000,539.6400
1627676300097000,1,0.84108049,539.6400
1627676300423000,1,3.03228663,539.6400
1627676300468000,1,0.47641102,539.6400
1627676300534000,1,1.39080000,539.6400
1627676300611000,1,4.31510000,539.6400
1627676301333000,1,1.82254616,539.6400
1627676301527000,1,1.02240000,539.6400
1627676302482000,1,2.81931585,539.6400
1627676302545000,1,1.39080000,539.6400
1627676304498000,1,0.27823433,539.6400
1627676305183000,1,3.38629909,539.6400
1627676305397000,1,1.24317538,539.6400
1627676310974000,0,2.79166743,539.5700
1627676311404000,0,2.19887318,539.7000
1627676311404000,0,2.78128763,539.7500
1627676311404000,0,0.27813389,539.8000
1627676311404000,0,9.70000000,539.8100
1627676311404000,0,2.19909338,539.8400
1627676311404000,0,0.46372388,539.8500
1627676311404000,0,7.41500000,539.9000
1627676311404000,0,2.80018891,539.9100
1627676311404000,0,1.43169096,540.0300
1627676312005000,0,1.55858000,539.9900
1627676312005000,0,5.00000000,540.0000
1627676312005000,0,2.19909338,540.0100
1627676312005000,0,2.19887318,540.0100
1627676312005000,0,4.23142622,540.0200
1627676312005000,0,0.09268515,540.0400
1627676312005000,0,2.10300525,540.0500
1627676321617000,1,0.18970416,539.4600
1627676329810000,1,2.74515602,539.4300
1627676329878000,1,3.04790000,539.4300
1627676330031000,1,0.27833289,539.4300
1627676330110000,1,0.22923000,539.4300
1627676330162000,1,2.56460000,539.4300
1627676330195000,1,1.44140000,539.4300
1627676330233000,1,0.42674781,539.4300
1627676330247000,1,2.11834178,539.4300
1627676330287000,1,6.12290336,539.4300
1627676330294000,1,0.41800000,539.4300
1627676330300000,1,1.20100000,539.4300
1627676330342000,1,2.77508000,539.4300
1627676330694000,1,28.08370814,539.4300
1627676330866000,1,2.79388001,539.3400
1627676330933000,1,1.05600000,539.3400
1627676330964000,1,1.81865420,539.3400
1627676331004000,1,2.00000000,539.3400
1627676331004000,1,1.54030012,539.3400
1627676331013000,1,2.74610000,539.3400
1627676331136000,1,0.27842073,539.3400
1627676331190000,1,2.79542234,539.3400
1627676331201000,1,0.61417000,539.3400
1627676331219000,1,0.81699999,539.3400
1627676331247000,1,3.75600000,539.3400
1627676331268000,1,0.59546887,539.3400
1627676331288000,1,3.19567314,539.3400
1627676331292000,1,0.10409214,539.3400
1627676331315000,1,1.12862296,539.3400
1627676331343000,1,1.06893104,539.3400
1627676331343000,1,1.76634548,539.3400
1627676331369000,1,2.58541657,539.3400
1627676331375000,1,0.77981396,539.3400
1627676331400000,1,2.66540133,539.3400
1627676331422000,1,0.46324593,539.3400
1627676331424000,1,1.37370287,539.3400
1627676331430000,1,0.22428686,539.3400
1627676331470000,1,2.70000000,539.3400
1627676331472000,1,4.52200000,539.3400
1627676331475000,1,0.17116937,539.3400
1627676331480000,1,11.82268209,539.3400
1627676331926000,1,1.50137225,538.6400
1627676335269000,0,2.80150000,539.1100
1627676337738000,1,1.19750000,538.8800
1627676338221000,1,1.69100000,538.8800
1627676338309000,1,1.11430000,538.8800
1627676338406000,1,1.07460000,538.8800
1627676338627000,1,0.22258343,538.8800
1627676339644000,0,0.27863325,538.9200
1627676339644000,0,0.25896675,538.9500
1627676341532000,1,0.27863913,538.8800
1627676341766000,1,43.90407744,538.8800
1627676353877000,0,0.27870943,538.8800
1627676354145000,0,0.00000001,538.8800
1627676355940000,0,0.27800000,538.8800
1627676366479000,0,0.27850139,539.1200
1627676366479000,0,0.46436236,539.1400
1627676366479000,0,0.18413625,539.2600
1627676371550000,0,0.27280556,539.3400
1627676374763000,0,0.11984948,539.5600
1627676374821000,0,0.15841354,539.5600
1627676387125000,0,2.74540000,539.7500
1627676387375000,0,0.27814553,539.8000
1627676387375000,0,0.46404047,539.8100
1627676387375000,0,2.01521400,539.8400
1627676399520000,1,0.94000000,539.8600
1627676401426000,0,0.27000000,539.9800
1627676401576000,0,0.00800532,539.9800
1627676406840000,0,0.27792324,540.1700
1627676406933000,0,0.00000001,540.1700
1627676414360000,0,0.08940000,540.3800
1627676420028000,1,3.60000000,540.1300
1627676424615000,1,3.60000000,540.1400
1627676426618000,1,3.60000000,540.1500
1627676426618000,1,20.92000000,540.0900
1627676436216000,0,2.74000000,540.6000
1627676448897000,1,4.05755615,540.2700
1627676456453000,1,3.60000000,540.2500
1627676456453000,1,4.00000000,540.2100
1627676456453000,1,61.19000000,540.1900
1627676458542000,1,3.60000000,540.2000
1627676458542000,1,2.22000000,540.1900
1627676460574000,1,0.00970000,540.1900
1627676460574000,1,21.71030000,540.1800
1627676470051000,1,0.11000000,540.2300
1627676472504000,1,0.27800000,540.2300
1627676472546000,1,0.27784881,540.2300
1627676472664000,1,0.51672985,540.2300
1627676472923000,1,0.44891999,540.2300
1627676473119000,1,1.00000000,540.2300
1627676473167000,1,0.83705000,540.2300
1627676473295000,1,18.94000000,540.2300
1627676473499000,1,2.71179366,540.2300
1627676474196000,1,0.27793472,540.2300
1627676474206000,1,1.19840000,540.2300
1627676474228000,1,2.45000000,540.2300
1627676474313000,1,2.32744216,540.2300
1627676474836000,1,1.06020000,540.2300
1627676475064000,1,6.54103435,540.2300
1627676475116000,1,2.77390000,540.2300
1627676475171000,1,2.02744646,540.2300
1627676475171000,1,0.75881354,540.0600
1627676475219000,1,0.50000000,540.0600
1627676475248000,1,0.50000000,540.0600
1627676475274000,1,0.27793472,540.0600
1627676476534000,1,0.27793472,540.0600
1627676479901000,0,0.27794325,540.1400
1627676482128000,0,0.00000001,540.1400
1627676482128000,0,0.27794325,540.1400
1627676482269000,0,0.00000001,540.1400
1627676482290000,0,2.44390000,540.2200
1627676522624000,0,0.11260000,540.5400
1627676572845000,0,2.78050133,540.5500
1627676572845000,0,0.00112097,540.6000
1627676575805000,1,2.49988000,540.2500
1627676575851000,1,0.24545000,540.2500
1627676575970000,1,0.85467000,540.2500
1627676575970000,1,1.55533000,540.2300
1627676576226000,1,0.57100000,540.2300
1627676576318000,1,1.66000000,540.2300
1627676587747000,1,0.92430348,540.3000
1627676587856000,1,0.39646942,540.3000
1627676594715000,1,2.11630000,540.2300
1627676595029000,1,0.50000000,540.2300
1627676595068000,1,0.57100000,540.2300
1627676595604000,1,6.21000000,540.2300
1627676598101000,1,3.10000000,540.2300
1627676602308000,1,0.25922299,540.2300
1627676620292000,1,2.69649387,540.3200
1627676622945000,1,1.75735126,540.2400
1627676651083000,0,2.11630000,540.5300
1627676652596000,0,0.40209870,540.5300
1627676652610000,0,0.27913334,540.5300
1627676652687000,0,1.00000000,540.5400
1627676667890000,1,3.60000000,540.6000
1627676667928000,1,2.00000000,540.4900
1627676668568000,1,2.79700000,540.4900
1627676670878000,1,1.36000000,540.5500
1627676677387000,1,0.44402406,540.4900
1627676681570000,1,2.75034000,540.4900
1627676681889000,1,3.14999991,540.4900
1627676682035000,1,1.55311496,540.4900
1627676682270000,1,0.44465602,540.4900
1627676684265000,1,0.10000000,540.4900
1627676684355000,1,1.65300000,540.4900
1627676684843000,1,2.81237000,540.4900
1627676684889000,1,2.29633882,540.4900
1627676697105000,1,6.17913000,540.4900
1627676697354000,1,0.50000000,540.4900
1627676697387000,1,2.25651000,540.4900
1627676698283000,1,0.89476954,540.4900
1627676700471000,1,0.15246395,540.4900
1627676700489000,1,0.22146395,540.4900
1627676702000000,1,24.60000000,540.4900
1627676704081000,1,0.00741879,540.4900
1627676704081000,1,1.88258121,540.4000
1627676708513000,1,0.37415165,540.4000
1627676710457000,0,1.65300000,540.4800
1627676741579000,1,0.24050594,540.4200
1627676743348000,1,0.26629800,540.4200
1627676745197000,0,0.50000000,540.4900
1627676753651000,1,3.60000000,540.4400
1627676753651000,1,0.10900000,540.4200
1627676772970000,1,3.60000000,540.5600
1627676773113000,1,0.35937120,540.5000
1627676804680000,1,3.60000000,540.5800
1627676805151000,1,0.55707024,540.4900
1627676805174000,1,2.72232304,540.4900
1627676805200000,1,1.61117078,540.4900
1627676805348000,1,2.16383218,540.4900
1627676805371000,1,0.66672840,540.4900
1627676805447000,1,2.45451000,540.4900
1627676805456000,1,0.72228910,540.4900
1627676805478000,1,2.65500000,540.4900
1627676805498000,1,0.27605000,540.4900
1627676805551000,1,2.54330000,540.4900
1627676812577000,1,0.40745270,540.3800
1627676812732000,1,2.81698000,540.3800
1627676815348000,1,3.60000000,540.4200
1627676865518000,1,1.43400000,540.3700
1627676865521000,1,2.80537000,540.3700
1627676866337000,1,1.95956865,540.3700
1627676866754000,1,0.81128792,540.3700
1627676867184000,1,0.44324083,540.3700
1627676871841000,1,1.85966167,540.4000
1627676873990000,1,2.66808972,540.4300
1627676878423000,1,0.44394405,540.3800
1627676925188000,1,4.46347271,540.4700
1627676939826000,1,0.92600000,540.4800
1627676939826000,1,1.01410394,540.3900
1627676959781000,0,1.03850000,540.6700
1627676962003000,1,0.28355000,540.5300
1627676962566000,1,0.46220000,540.5300
1627676962594000,1,0.58629999,540.5300
1627676963267000,1,0.52111305,540.5300
1627677010044000,0,2.28382042,540.8800
1627677010046000,0,0.51915801,540.8800
1627677012834000,1,8.00000000,540.7300
1627677013405000,1,1.78961642,540.7300
1627677013424000,1,1.02525400,540.7300
1627677013429000,1,0.38899746,540.7300
1627677013575000,1,4.05730000,540.7300
1627677013709000,1,1.78720196,540.7300
1627677013730000,1,1.03080000,540.7300
1627677013954000,1,3.66649417,540.7300
1627677014685000,1,2.58558845,540.7300
1627677015333000,1,2.75917327,540.7300
1627677015465000,1,0.74729342,540.7300
1627677015936000,1,4.00331668,540.7300
1627677016037000,1,0.22378277,540.7300
1627677016065000,1,0.29815347,540.7300
1627677016457000,1,2.70000000,540.7300
1627677016459000,1,2.45952991,540.7300
1627677016471000,1,2.19257117,540.7300
1627677016475000,1,0.29607698,540.7300
1627677016476000,1,30.56540000,540.7300
1627677016478000,1,2.74663800,540.7300
1627677016519000,1,0.50000001,540.7300
1627677016544000,1,4.88773749,540.7300
1627677016546000,1,2.90965287,540.7300
1627677016553000,1,2.66363106,540.7300
1627677016566000,1,7.10766007,540.7300
1627677016647000,1,0.44839253,540.7300
1627677016678000,1,6.15973784,540.7300
1627677016998000,1,0.31770000,540.4900
1627677017006000,1,1.98559000,540.4900
1627677017502000,1,0.48244400,540.4900
1627677017519000,1,2.31033000,540.4900
1627677017519000,1,0.45371000,540.4900
1627677017536000,1,0.58315197,540.4900
1627677017554000,1,2.75505494,540.4900
1627677017561000,1,6.54581790,540.4900
1627677017585000,1,2.10835000,540.4900
1627677017597000,1,6.51911596,540.4900
1627677017601000,1,0.82905767,540.4900
1627677017610000,1,10.29253711,540.4900
1627677017654000,1,0.64177846,540.4900
1627677017719000,1,0.71313317,540.4900
1627677017744000,1,0.57739000,540.4900
1627677017747000,1,0.49653882,540.4900
1627677017747000,1,0.34346117,539.9700
1627677017750000,1,0.84000000,539.9700
1627677017793000,1,0.61149000,539.9700
1627677017794000,1,0.36000000,539.9700
1627677017845000,1,2.66705267,539.9700
1627677017875000,1,2.57899616,539.9700
1627677021916000,0,2.19710000,540.3100
1627677021954000,0,0.00003418,540.3100
1627677021954000,0,2.41526582,540.3700
1627677022911000,1,7.23949916,540.3200
1627677023347000,1,0.49848260,540.3200
1627677041878000,1,8.50000000,540.3200
1627677041984000,1,2.07550000,540.3200
1627677042177000,1,2.53126169,540.3200
1627677042190000,1,3.86744268,540.3200
1627677042212000,1,0.53477743,540.3200
1627677042389000,1,1.00930000,540.3200
1627677042478000,1,0.72615588,540.3200
1627677043836000,1,1.50829463,540.3200
1627677044011000,1,0.92618233,540.3200
1627677044012000,1,0.26363064,540.3200
1627677044044000,1,1.33302995,540.3200
1627677044046000,1,0.32300070,540.3200
1627677044251000,1,2.79700188,540.3200
1627677044873000,1,0.32763879,540.3200
1627677044999000,1,0.79277733,540.3200
1627677045235000,1,0.33541821,540.3200
1627677049228000,1,0.33620753,540.3200
1627677049331000,1,3.11260601,540.3200
1627677049378000,1,0.54519439,540.3200
1627677051017000,1,0.30766468,540.3200
1627677060036000,0,1.55000000,540.7200
1627677076598000,1,6.54580976,540.4000
1627677076617000,1,10.16600000,540.4000
1627677076795000,1,1.93119023,540.4000
1627677076835000,1,0.99725999,540.4000
1627677076877000,1,1.99955160,540.4000
1627677076921000,1,0.44892090,540.4000
1627677077091000,1,0.31142344,540.3200
1627677091555000,0,2.16030000,540.5300
1627677147132000,1,0.91250933,540.3200
1627677147303000,1,2.22311507,540.3200
1627677147586000,1,2.57381465,540.3300
1627677151343000,1,2.75100000,540.3200
1627677156733000,1,2.75712000,540.3200
1627677156897000,1,1.92370000,540.3200
1627677156989000,1,0.50000000,540.3200
1627677156997000,1,2.27998000,540.3200
1627677158222000,1,5.90000000,540.3200
1627677161619000,1,0.18911395,540.3200
1627677161677000,1,3.55527872,540.3200
1627677169252000,1,3.72451961,540.3200
1627677173143000,1,1.84181287,540.3200
1627677179458000,1,0.39591632,540.3200
1627677187940000,1,1.09277957,540.3200
1627677195616000,0,2.79131000,540.3900
1627677203360000,1,2.99927096,540.3800
1627677204818000,1,5.50000000,540.3200
1627677204918000,1,7.55393117,540.3200
1627677206604000,1,0.74438889,540.3200
1627677208852000,1,2.97778201,540.3200
1627677214144000,1,1.03235638,540.3200
1627677214576000,1,0.37438112,540.3200
1627677246377000,1,1.48964482,540.3200
1627677246698000,1,8.04661453,540.3200
1627677246986000,1,1.48945301,540.3200
1627677249237000,1,2.79756619,540.3200
1627677264317000,0,1.45050000,540.5300
1627677264560000,0,0.30000000,540.5300
1627677424292000,1,0.88694029,540.8300
1627677424438000,1,0.44348000,540.8300
1627677457783000,1,0.93413260,541.2200
1627677457817000,1,1.76687833,541.2200
1627677462998000,1,0.21846195,541.1700
1627677463055000,1,0.96166293,541.1700
1627677463093000,1,0.53631202,541.1700
1627677463114000,1,1.19127064,541.1700
1627677463176000,1,1.91580000,541.1700
1627677519958000,1,3.60000000,541.3100
1627677549090000,1,2.74954188,541.1900
1627677628870000,0,2.63480000,541.6800
1627677630653000,1,0.50000000,541.4700
1627677638185000,0,0.06660000,542.1500
1627677723895000,0,3.60000000,541.4800
1627677830915000,1,3.60000000,542.1400
1627677833184000,1,3.60000000,542.0600
1627677836484000,1,3.60000000,542.0600
1627677848167000,1,3.60000000,541.4900
1627677848167000,1,4.03451803,541.4700
1627677848167000,1,2.80513158,541.4600
1627677849718000,1,1.05988000,542.0100
1627677849724000,1,0.00000819,542.0100
1627677853257000,1,3.07000000,541.5100
1627677886676000,1,0.49000000,541.4600
1627677891912000,1,0.04606000,541.7000
1627677901234000,1,0.09055200,541.7000
1627677901957000,1,0.32000000,541.7000
1627677925060000,1,0.00419656,541.7000
1627677987339000,1,3.60000000,540.3300
1627677987339000,1,22.21765556,540.3200
1627677987368000,1,0.52689093,540.3200
1627678026353000,0,0.53510000,541.6300
1627678155322000,0,0.72046423,541.9700
1627678257103000,1,10.00000000,544.0000
1627678275198000,0,0.45567303,545.0000
1627678275198000,0,15.00000000,545.0000
1627678275198000,0,0.05078096,545.0000
1627678287411000,1,5.68500000,545.8500
1627678291560000,0,2.78008488,546.6200
1627678293429000,1,2.71330000,546.6300
1627678294232000,1,2.74450000,546.6400
1627678294371000,1,0.00008509,546.6400
1627678294371000,1,0.00005272,546.6300
1627678294371000,1,2.73722627,546.3100
1627678294672000,0,1.92750000,546.8000
1627678294874000,0,1.03000000,546.6000
1627678298714000,0,1.70271000,546.6000
1627678300556000,1,1.53830000,546.0300
1627678300557000,1,0.00007000,546.0300
1627678300557000,1,0.60000000,546.0100
1627678300557000,1,25.44083000,546.0000
1627678302932000,0,3.60000000,546.7200
1627678303142000,0,2.50000000,546.7500
1627678303204000,0,1.10000000,546.7500
1627678307442000,1,3.60000000,546.0200
1627678307442000,1,7.05917000,546.0000
1627678307949000,0,2.70403217,546.8500
1627678307949000,0,0.09186783,546.8500
1627678313674000,1,0.03706640,546.3500
1627678315119000,1,3.49167493,546.3500
1627678315506000,1,0.07100000,546.3500
1627678321534000,0,0.09310000,546.5700
1627678325071000,1,1.20620000,545.6800
1627678325112000,1,1.01970000,545.6800
1627678365403000,0,2.50000000,544.9300
1627678365476000,0,1.50000000,544.9300
1627678365476000,0,1.27276000,544.9400
1627678365678000,0,3.90000000,544.9300
1627678365678000,0,0.66724000,544.9400
1627678366412000,1,0.14592200,544.2800
1627678370914000,0,5.40000000,544.9400
1627678372299000,0,3.01170000,545.1300
1627678374888000,0,2.71284000,545.2400
1627678375627000,0,0.07100000,545.4600
1627678387476000,1,3.59999990,545.4100
1627678388982000,1,3.60000000,544.9500
1627678395201000,1,3.52800000,543.8400
1627678395216000,1,0.07200000,543.8400
1627678411336000,1,2.46720000,543.5400
1627678411466000,1,1.68060000,543.5400
1627678412387000,1,1.04140000,543.2100
1627678412412000,1,1.00590000,543.2100
1627678414153000,1,8.18000000,543.2000
1627678431387000,1,3.60000000,542.9900
1627678433935000,1,4.23370000,542.2100
1627678438416000,1,0.09004375,541.0600
1627678438416000,1,0.09368036,540.9900
1627678438418000,1,2.76820000,540.7900
1627678438522000,1,0.23437500,541.1700
1627678438522000,1,0.00001664,540.7900
1627678438522000,1,8.63830055,540.7100
1627678438522000,1,1.28310781,540.6900
1627678445541000,0,2.81992000,541.4200
1627678445614000,0,0.78008000,541.4200
1627678446159000,0,2.50000000,541.4400
1627678446439000,0,3.60000000,541.4200
1627678484859000,0,4.51450000,542.4300
1627678488358000,0,4.19660000,542.9400
1627678536705000,0,3.00320000,542.9100
1627678542531000,1,3.52800000,542.3600
1627678574779000,0,0.03665837,542.8500
1627678618012000,1,3.60000000,541.3400
1627678644562000,0,5.79979000,540.9300
1627678652330000,1,3.60000000,540.7400
1627678699229000,0,0.00000289,540.9300
1627678707681000,0,8.18000000,541.9000
1627678727266000,1,0.70207102,541.5900
1627678733819000,1,3.60000000,541.6200
1627678748556000,1,3.60000000,541.7800
1627678750625000,1,3.60000000,541.4900
1627678757749000,1,4.23000000,541.1900
1627678766114000,1,3.60000000,541.5200
1627678773123000,1,2.11780400,541.2000
1627678801187000,0,4.28000000,541.9900
1627678820953000,1,3.05000000,541.4000
1627678833608000,0,1.68060000,542.5600
1627678864615000,0,8.73000000,542.7900
1627678865615000,0,4.05000000,542.8700
1627678891098000,1,3.15000000,541.9400
1627678909895000,0,4.37308745,542.5300
1627678909895000,0,2.72691255,542.5400
1627678956700000,1,4.15563735,542.0200
1627678957926000,1,2.77380000,541.9100
1627678958128000,1,0.00000007,541.9100
1627678958128000,1,8.28069993,541.8800
1627678959167000,1,0.30000000,541.7500
1627678959449000,1,4.29608000,541.7500
1627678966792000,1,0.00000962,541.7500
1627678966792000,1,0.84999038,541.7500
1627678989555000,1,3.60000000,542.1400
1627678998916000,1,3.60000000,542.0300
1627679056283000,0,8.95062298,543.0000
1627679056283000,0,2.77937702,543.0400
1627679087415000,1,1.95000000,542.8000
1627679087550000,1,2.39204000,542.8000
1627679137780000,0,2.18628703,543.4100
1627679137780000,0,4.35371297,543.4200
1627679146132000,0,0.20400000,543.4100
1627679156133000,0,0.16200000,543.4100
1627679365791000,0,0.07980000,544.5000
1627679410635000,0,2.76462368,544.5900
1627679410642000,0,0.00000001,544.5900
1627679437661000,1,2.50000000,544.2100
1627679447563000,1,0.72046423,544.0500
1627679559524000,0,2.77996953,544.9700
1627679559524000,0,0.17828329,544.9700
1627679559524000,0,0.80000000,545.0000
1627679559575000,1,109.37415084,545.0000
1627679567347000,0,4.30000000,545.0100
1627679585868000,1,0.10000000,544.2900
1627679591769000,0,0.09978347,544.9800
1627679592788000,0,2.62000000,544.9800
1627679605789000,1,0.10000000,544.5400
1627679610518000,0,0.00783955,544.9800
1627679610518000,0,0.09182522,545.1400
1627679661899000,0,2.79206229,544.4900
1627679661899000,0,2.75793771,544.5500
1627679671923000,0,0.00875037,544.5500
1627679672682000,1,1.95142464,544.5500
1627679672960000,1,0.03982499,544.5500
1627679698649000,0,2.79000000,544.7600
1627679741716000,0,1.00000000,544.9700
1627679744673000,1,2.46000000,544.4800
1627679764346000,1,4.29000000,544.2600
1627679767413000,1,8.94000000,544.2500
1627680017403000,0,0.24100000,544.3200
1627680021401000,0,0.47400000,544.4700
1627680022414000,0,0.68600000,544.4700
1627680023399000,0,0.23200000,544.4700
1627680024393000,0,0.23300000,544.4700
1627680025422000,0,0.23200000,544.4700
1627680026392000,0,0.23100000,544.4700
1627680027407000,0,0.23300000,544.4700
1627680028392000,0,0.23200000,544.4700
1627680029396000,0,0.23100000,544.4700
1627680032996000,1,0.18094849,544.7000
1627680033395000,1,0.05105151,544.7000
1627680033395000,1,0.23100000,544.7000
1627680033396000,0,0.23300000,544.7500
1627680034598000,1,0.23199999,544.7000
1627680035194000,1,0.00000001,544.7000
1627680035194000,1,0.22834000,544.5200
1627680035387000,0,0.23200000,544.7500
1627680036393000,0,0.23200000,544.7500
1627680039394000,0,0.10200000,544.7500
1627680040392000,0,0.35600000,544.7400
1627680041459000,0,0.23200000,544.7400
1627680128111000,0,2.75756741,545.1000
1627680128111000,0,4.12243259,545.1100
1627680136378000,0,8.83000000,545.3000
1627680201975000,0,1.96000000,544.3500
1627680202988000,0,0.03920000,544.3500
1627680210189000,0,0.00080000,544.3500
1627680210189000,0,2.75180350,544.7700
1627680235921000,1,2.74000000,544.1800
1627680236176000,1,0.00431254,544.1800
1627680241481000,1,5.73000000,544.1100
1627680680654000,1,0.09320763,544.1100
1627680688720000,0,0.48050000,544.8200
1627680712943000,0,2.25072263,544.8200
1627680724134000,0,0.04501446,544.8200
1627680727105000,0,0.00091866,544.8200
1627680727105000,0,8.62908134,544.8400
1627680730476000,0,4.47000000,544.8600
1627680732193000,0,2.74000000,544.9700
1627680812434000,0,0.10000000,544.9500
1627680812434000,0,0.07730000,544.9600
1627680815781000,0,2.10450444,544.9600
1627680815781000,0,7.33800000,544.9600
1627680815781000,0,0.00694018,544.9700
1627680815781000,0,46.77625000,544.9900
1627680815827000,1,0.23437500,545.0000
1627680815853000,1,2.16986000,545.0000
1627680815900000,1,3.00000000,545.0000
1627680816100000,1,22.96049239,545.0000
1627680850885000,1,0.30000000,544.3600
1627680888623000,0,0.23050000,544.8100
1627680937693000,0,2.54890000,544.8100
1627680983403000,0,0.00000932,544.8100
1627680983403000,0,0.05000000,544.8100
1627680983403000,0,2.68259222,544.8700
1627681054839000,0,2.00000000,545.1100
1627681087932000,1,2.38393975,544.6300
1627681117846000,0,0.78000000,545.1100
1627681118024000,0,0.00585973,545.1100
1627681149953000,0,2.79000000,545.2800
1627681150529000,1,2.65395713,544.7800
1627681168213000,0,0.29500000,545.4500
1627681176215000,0,2.76547000,545.6400
1627681203465000,0,0.00000374,545.6400
1627681203465000,0,2.70999626,545.8000
1627681304350000,0,2.75000000,545.9700
1627681331012000,0,1.07690832,546.0500
1627681331013000,0,1.71414110,546.0500
1627681331212000,0,2.75916000,546.3600
1627681341626000,0,2.71441000,546.6100
1627681361377000,0,2.70000000,546.7800
1627681361631000,0,0.00535909,546.7800
1627681371321000,0,2.77000000,547.0200
1627681414507000,0,0.04746847,547.1000
1627681414687000,1,0.58612919,546.8900
1627681426832000,1,0.63622184,547.0600
1627681428860000,0,0.00096874,547.1000
1627681429496000,0,2.71000000,547.4300
1627681445946000,1,0.30032440,547.3300
1627681448305000,0,2.71000000,547.5900
1627681472185000,1,5.90000000,547.2100
1627681498728000,1,8.29000000,547.0000
1627681526707000,1,4.35000000,547.5900
1627681531009000,1,5.66000000,547.6300
1627681541200000,1,4.00000000,547.6500
1627681541200000,1,45.39000000,547.6400
1627681560312000,1,2.40000000,547.4800
1627681667797000,1,1.50000000,546.3900
1627681672560000,1,1.00000000,546.3900
1627681705615000,1,3.00000000,546.6600
1627681791034000,0,4.49000000,547.9500
1627681802908000,0,1.57000000,548.2500
1627681807671000,1,0.65488732,547.7000
1627681807671000,1,1.63723379,547.6900
1627681867186000,1,4.18501995,547.0800
1627681889732000,1,1.00000000,545.5500
1627681908037000,1,0.26200000,545.3300
1627681952936000,0,0.10800000,545.5100
1627681957654000,0,4.48000000,545.5400
1627681978698000,1,0.04800000,544.1300
1627681980425000,1,0.00070160,544.1300
1627681980425000,1,0.25129840,543.7000
1627682004216000,1,0.10000000,543.8000
1627682004216000,1,1.15000000,543.7900
1627682016604000,0,8.20000000,544.8400
1627682074515000,0,0.16300000,545.2600
1627682144680000,1,1.89167435,544.6000
1627682144690000,1,0.76350656,544.6000
1627682184805000,0,2.73923334,544.9700
1627682190143000,1,0.20000000,544.6800
1627682190143000,1,4.26253718,544.6800
1627682190207000,0,0.30000000,544.6800
1627682190207000,0,0.78265284,544.6800
1627682203667000,1,0.29999716,544.6800
1627682203667000,1,5.69505450,544.6800
1627682208165000,0,1.00000000,544.6800
1627682231070000,0,4.51000000,545.3100
