timestamp ms,type,amount,price
1622592276505000,1,46.85052000,1.2217
1622592614077000,1,599.99998000,1.2217
1622592614224000,1,0.00002000,1.2217
1622592614236000,1,2722.23839000,1.2217
1622592614489000,1,600.00000000,1.2217
1622592614619000,1,277.76161000,1.2217
1622592614619000,1,600.00000000,1.2217
1622592614619000,1,95.75617000,1.2216
1622592614654000,1,406.54038000,1.2216
1622592614662000,1,471.18611000,1.2216
1622592614662000,1,95.81851000,1.2216
1622592614769000,0,600.00000000,1.2216
1622592614838000,1,600.00000000,1.2216
1622592614838000,1,877.69927000,1.2216
1622592614838000,1,973.54501000,1.2215
1622592614838000,1,973.54501000,1.2215
1622592614838000,1,973.54501000,1.2214
1622592614838000,1,1886.67182000,1.2214
1622592614966000,0,600.00000000,1.2215
1622592614968000,0,373.54499000,1.2215
1622592618006000,1,476.14892000,1.2214
1622592621575000,1,946.12740000,1.2214
1622592625542000,1,829.76536000,1.2214
1622592625865000,1,458.05413000,1.2214
1622592627250000,1,953.51498000,1.2214
1622592637688000,1,74.89211000,1.2213
1622592670974000,1,5072.55446000,1.2213
1622592671031000,1,932.07888000,1.2213
1622592671322000,0,647.90740000,1.2213
1622592814986000,1,47.47199000,1.2214
1622592831666000,1,576.56142000,1.2214
1622592831707000,1,1284.06877000,1.2214
1622592877429000,0,160.64798000,1.2216
1622592879042000,0,160.64798000,1.2216
1622592880105000,0,52.18670000,1.2216
1622592880105000,0,47.81330000,1.2217
1622592881322000,0,133.91883000,1.2217
1622592882436000,0,133.91883000,1.2217
1622592883928000,0,119.40748000,1.2217
1622592885274000,0,119.40748000,1.2217
1622593079374000,0,50.41834000,1.2217
1622593435342000,0,1000.00000000,1.2223
1622593435353000,0,1000.00000000,1.2224
1622593435353000,0,870.08410000,1.2224
1622593435356000,0,1379.53916000,1.2226
1622593435775000,0,646.11932000,1.2224
1622593509508000,0,460.55934000,1.2227
1622593582753000,1,1810.74373000,1.2223
1622593582790000,1,350.37644000,1.2223
1622593583174000,1,1000.00000000,1.2223
1622593638894000,1,1873.55104000,1.2223
1622593638954000,1,1873.55104000,1.2223
1622593639090000,1,1873.55104000,1.2223
1622593639130000,1,1873.55104000,1.2223
1622593639623000,1,1000.00000000,1.2223
1622593644386000,1,711.33860000,1.2223
1622593697061000,1,56.38641000,1.2223
1622593878912000,1,20.12241000,1.2223
1622594011739000,1,141.61759000,1.2222
1622594011739000,1,217.82399000,1.2222
1622594087921000,1,239.14366000,1.2222
1622594106615000,0,73.77689000,1.2223
1622594276864000,0,361.69282000,1.2223
1622594276959000,0,67.81884000,1.2223
1622594485744000,1,152.63834000,1.2222
1622594485744000,1,96.41358000,1.2222
1622594496599000,0,496.71145000,1.2223
1622594496599000,0,7753.36966000,1.2225
1622594520689000,1,204.53578000,1.2223
1622594760833000,1,204.53578000,1.2223
1622594880886000,1,204.53578000,1.2223
1622594934347000,1,34.82496000,1.2223
1622595049167000,0,117.07593000,1.2224
1622595061030000,1,204.53578000,1.2223
1622595181075000,1,204.53578000,1.2223
1622595402643000,1,226.30749000,1.2217
1622595714093000,0,231.61817000,1.2223
1622595721195000,1,204.62953000,1.2217
1622595725855000,1,25.72710000,1.2223
1622595742252000,0,154.12355000,1.2223
1622595762594000,0,935.98005000,1.2222
1622595762865000,0,0.00002000,1.2222
1622595762865000,0,485.82442000,1.2222
1622595763126000,0,230.04518000,1.2222
1622595769704000,1,60.09405000,1.2223
1622595804482000,0,1227.44066000,1.2224
1622595804491000,0,0.00001000,1.2224
1622595804491000,0,847.49856000,1.2225
1622595814262000,0,1227.44067000,1.2224
1622595814395000,1,860.24390000,1.2224
1622595815011000,1,633.92905000,1.2223
1622595816529000,0,999.99999000,1.2224
1622595816666000,0,0.00001000,1.2224
1622595816666000,0,367.19675000,1.2224
1622595816873000,0,0.00002000,1.2224
1622595816873000,0,152.50144000,1.2225
1622595816873000,0,490.61366000,1.2226
1622595817066000,1,152.50144000,1.2225
1622595817106000,0,795.62045000,1.2226
1622595824202000,1,200.58073000,1.2223
1622595828124000,1,50.13976000,1.2223
1622596029876000,1,111.82183000,1.2222
1622596086291000,1,600.00000000,1.2222
1622596102937000,1,50.13976000,1.2218
1622596129173000,1,600.00000000,1.2219
1622596129632000,1,142.24999000,1.2219
1622596130397000,1,457.75001000,1.2219
1622596130437000,1,555.61997000,1.2219
1622596149362000,1,3000.00000000,1.2218
1622596149390000,1,973.34361000,1.2218
1622596149390000,1,1043.24333000,1.2217
1622596149691000,1,493.09057000,1.2217
1622596165862000,1,167.31282000,1.2217
1622596166598000,1,676.18492000,1.2217
1622596175924000,1,676.18492000,1.2219
1622596175924000,1,439.66931000,1.2219
1622596175930000,1,236.51561000,1.2219
1622596176250000,1,269.49542000,1.2217
1622596245266000,0,641.27404000,1.2221
1622596246129000,0,553.51511000,1.2223
1622596259773000,0,684.77891000,1.2223
1622596301010000,1,23.09690000,1.2221
1622596622404000,1,294.69358000,1.2221
1622596725060000,1,272.37140000,1.2221
1622596726263000,1,529.82106000,1.2220
1622596883220000,0,270.45431000,1.2223
1622596883632000,1,257.13497000,1.2220
1622596911902000,0,44.76678000,1.2223
1622596911902000,0,139.32017000,1.2224
1622596951479000,0,210.41757000,1.2224
1622596952397000,0,39.37897000,1.2224
1622596976374000,0,55.08280000,1.2224
1622597246331000,0,115.22028000,1.2224
1622597246369000,0,790.31795000,1.2224
1622597246369000,0,209.68203000,1.2225
1622597246375000,0,564.59721000,1.2225
1622597246407000,0,1000.00000000,1.2225
1622597246407000,0,1808.42095000,1.2227
1622597248643000,1,209.68202000,1.2225
1622597251849000,0,249.48177000,1.2224
1622597259418000,1,34.64792000,1.2221
1622597438212000,1,34.29691000,1.2222
1622597439210000,0,104.10249000,1.2223
1622597443190000,0,100.31131000,1.2223
1622597479888000,0,101.91850000,1.2223
1622597684533000,1,599.69999000,1.2220
1622598441695000,0,693.66769000,1.2223
1622598447577000,0,0.00001000,1.2223
1622598447577000,0,474.13730000,1.2224
1622598447611000,0,66.69891000,1.2224
1622598461035000,0,273.84515000,1.2225
1622598488323000,0,275.45538000,1.2225
1622598520553000,0,276.31889000,1.2225
1622598537246000,1,474.13729000,1.2224
1622598618641000,1,16.86763000,1.2221
1622599140126000,1,600.00000000,1.2221
1622599142143000,1,204.56256000,1.2219
1622600399813000,1,296.94308000,1.2216
1622600762470000,0,204.43645000,1.2223
1622600778763000,0,187.10789000,1.2223
1622600882530000,0,204.27383000,1.2223
1622601002567000,0,204.55854000,1.2223
1622601122579000,0,199.62329000,1.2223
1622601122579000,0,0.01000000,1.2224
1622601206282000,1,21.00000000,1.2221
1622601234137000,0,24.67541000,1.2224
1622601602953000,0,204.37189000,1.2224
1622601633615000,1,34.79267000,1.2222
1622601723039000,0,204.44532000,1.2224
1622601843146000,0,204.41977000,1.2224
1622601852312000,1,169.65066000,1.2221
1622601852618000,1,235.04999000,1.2221
1622603174590000,0,273.97209000,1.2224
1622603204501000,0,88.10552000,1.2224
1622603204501000,0,90.28407000,1.2225
1622603373175000,0,487.88395000,1.2224
1622603473445000,0,262.85340000,1.2225
1622603473540000,0,95.08826000,1.2225
1622603473540000,0,488.30338000,1.2225
1622603473643000,0,262.84051000,1.2225
1622603508414000,0,21.70541000,1.2225
1622603510477000,0,216.54278000,1.2225
1622603581050000,0,141.24686000,1.2220
1622603582163000,0,74.48392000,1.2220
1622603990017000,1,973.25945000,1.2219
1622603990134000,1,0.00001000,1.2219
1622603990134000,1,599.99999000,1.2219
1622603990424000,1,973.26991000,1.2218
1622603990459000,1,0.00001000,1.2218
1622603990459000,1,1141.72845000,1.2218
1622603990460000,1,1858.27155000,1.2218
1622603990551000,1,1681.27950000,1.2217
1622603990598000,1,231.29448000,1.2217
1622604267650000,0,220.58138000,1.2223
1622604481789000,1,188.38999000,1.2217
1622604751153000,0,417.82889000,1.2223
1622604872404000,0,946.12220000,1.2222
1622605442191000,1,229.52119000,1.2222
1622606232818000,0,279.25454000,1.2222
1622606236470000,1,567.59086000,1.2217
1622606236470000,1,1.25311000,1.2216
1622606259595000,1,437.57467000,1.2216
1622606259595000,1,124.93051000,1.2216
1622607661902000,0,532.53000000,1.2221
1622608357072000,1,103.78570000,1.2215
1622608358241000,1,103.78570000,1.2215
1622608359754000,1,103.78570000,1.2215
1622608361383000,1,103.78570000,1.2215
1622608362944000,1,103.78570000,1.2215
1622608397862000,1,108.88020000,1.2215
1622608439167000,1,108.99663000,1.2215
1622608440302000,1,108.99663000,1.2215
1622608523587000,1,108.99163000,1.2215
1622608547077000,1,109.46788000,1.2215
1622609394262000,1,67.92112000,1.2213
1622609428482000,0,1139.99000000,1.2219
1622609428482000,0,0.01000000,1.2219
1622609428705000,1,617.36568000,1.2219
1622609429865000,1,522.61432000,1.2219
1622609429865000,1,94.75136000,1.2219
1622609431010000,1,521.55119000,1.2219
1622609432138000,1,426.25905000,1.2219
1622609433279000,1,436.36764000,1.2219
1622609739834000,1,41.40744000,1.2217
1622610665973000,1,204.30999000,1.2211
1622610906221000,1,204.46999000,1.2213
1622611020609000,0,188.83737000,1.2215
1622611079275000,0,77.13954000,1.2216
1622611110859000,1,8186.28715000,1.2214
1622611142044000,0,250.44556000,1.2216
1622611175159000,1,8186.28715000,1.2214
1622611175668000,1,425.54210000,1.2214
1622611506419000,1,204.52999000,1.2211
1622611626614000,1,204.46999000,1.2211
1622611645650000,1,737.92174000,1.2216
1622612400612000,0,761.21521000,1.2216
1622613140629000,1,614.29000000,1.2211
1622613290525000,0,36.82839000,1.2216
1622613667707000,0,205.12338000,1.2216
1622614028066000,1,204.53999000,1.2211
1622614215578000,1,204.48999000,1.2210
1622614533783000,0,1096.75303000,1.2214
1622614533783000,0,1096.75303000,1.2215
1622614533783000,0,2385.44801000,1.2215
1622614533899000,0,1228.14000000,1.2215
1622614533907000,0,1096.75303000,1.2215
1622614533907000,0,1096.75303000,1.2215
1622614533907000,0,906.75891000,1.2215
1622614533996000,0,2201.66000000,1.2215
1622614534032000,0,873.37370000,1.2215
1622614534032000,0,100.25630000,1.2215
1622614534123000,0,973.65000000,1.2215
1622614534159000,0,1006.14000000,1.2215
1622614534161000,0,90.61303000,1.2215
1622614534220000,0,154.23786000,1.2215
1622614534220000,0,819.40214000,1.2216
1622614534416000,1,215.87863000,1.2216
1622614534441000,1,2784.11137000,1.2216
1622614534441000,1,5403.48278000,1.2215
1622614535075000,1,3379.05225000,1.2215
1622614594494000,1,600.00000000,1.2213
1622614594494000,1,349.95000000,1.2210
1622614597962000,1,599.99837000,1.2214
1622614649291000,1,0.00163000,1.2214
1622616009369000,1,204.37999000,1.2210
1622616063237000,1,101.96809000,1.2210
1622616068787000,1,257.13497000,1.2210
1622616075028000,1,103.60235000,1.2210
1622616090298000,1,107.30375000,1.2210
1622616092160000,1,107.30375000,1.2210
1622616093868000,1,107.30375000,1.2210
1622616129327000,1,204.75999000,1.2210
1622616249331000,1,205.05999000,1.2210
1622616277775000,1,1384.71431000,1.2210
1622616299230000,1,243.03942000,1.2210
1622616300834000,1,175.73359000,1.2210
1622616302478000,1,175.73359000,1.2210
1622616304182000,1,175.73359000,1.2210
1622616305465000,1,121.23266000,1.2210
1622616431388000,1,136.81702000,1.2210
1622616439287000,1,8191.68543000,1.2210
1622616439829000,1,1000.00000000,1.2210
1622616439829000,1,7191.68543000,1.2210
1622616489493000,1,204.63999000,1.2210
1622616566466000,1,8190.67900000,1.2210
1622616567052000,1,8190.67900000,1.2210
1622616570423000,1,170.58636000,1.2210
1622616572026000,1,170.58636000,1.2210
1622616573241000,1,139.45992000,1.2210
1622616574701000,1,139.45992000,1.2210
1622616576324000,1,139.45992000,1.2210
1622616577570000,1,139.45992000,1.2210
1622616578693000,1,139.45992000,1.2210
1622616579827000,1,139.45992000,1.2210
1622616583501000,1,204.51999000,1.2210
1622616729646000,1,204.57999000,1.2210
1622616849614000,1,204.92999000,1.2210
1622616908070000,1,8191.61833000,1.2210
1622616908644000,1,8191.61833000,1.2210
1622616927856000,1,1024.35746000,1.2210
1622616961037000,1,315.15093000,1.2210
1622616962182000,1,257.64620000,1.2210
1622616963289000,1,210.63421000,1.2210
1622616964418000,1,172.20036000,1.2210
1622616965559000,1,140.77943000,1.2210
1622616966659000,1,140.77943000,1.2210
1622616967795000,1,110.86575000,1.2210
1622616968892000,1,100.76236000,1.2210
1622616969682000,1,204.53999000,1.2210
1622616973758000,1,8192.39008000,1.2210
1622616974334000,1,8192.39008000,1.2210
1622616974945000,1,8192.39008000,1.2210
1622616977234000,1,1490.92351000,1.2210
1622616978307000,1,8192.82636000,1.2210
1622616978809000,1,8192.82636000,1.2210
1622616979413000,1,8192.82636000,1.2210
1622617059695000,1,2049.53999000,1.2210
1622617092382000,1,527.95250000,1.2210
1622617234589000,1,8191.65188000,1.2210
1622617235145000,1,8191.65188000,1.2210
1622617240046000,1,8192.12163000,1.2210
1622617240621000,1,8192.12163000,1.2210
1622617241374000,1,8192.55788000,1.2210
1622617241907000,1,8192.55788000,1.2210
1622617242517000,1,8192.55788000,1.2210
1622617270005000,1,8192.55788000,1.2210
1622617270643000,1,8192.55788000,1.2210
1622617271148000,1,8192.55788000,1.2210
1622617299107000,1,973.90051000,1.2210
1622617330049000,1,204.67999000,1.2210
1622617605565000,1,8191.58478000,1.2210
1622617606165000,1,8191.58478000,1.2210
1622617624559000,1,8191.98741000,1.2210
1622617625155000,1,8191.98741000,1.2210
1622617625741000,1,8191.98741000,1.2210
1622617626428000,1,8192.42364000,1.2210
1622617627044000,1,8192.42364000,1.2210
1622617627655000,1,8192.42364000,1.2210
1622617628526000,1,8192.85992000,1.2210
1622617706935000,1,8192.49076000,1.2210
1622617707569000,1,8192.49076000,1.2210
1622617708147000,1,8192.49076000,1.2210
1622617709520000,1,8192.49076000,1.2210
1622617709990000,1,8192.49076000,1.2210
1622617710574000,1,8192.49076000,1.2210
1622617711169000,1,8192.49076000,1.2210
1622617711697000,1,8192.49076000,1.2210
1622617744190000,1,565.31868000,1.2210
1622617745664000,1,565.31868000,1.2210
1622617745915000,1,149.29483000,1.2210
1622617747440000,1,556.31800000,1.2210
1622617748717000,1,454.81802000,1.2210
1622617750678000,1,371.83667000,1.2210
1622617751806000,1,303.99523000,1.2210
1622617752925000,1,303.99584000,1.2210
1622617794345000,1,600.00000000,1.2210
1622617810320000,1,204.74999000,1.2210
1622617812964000,1,8192.52432000,1.2210
1622617822588000,1,8192.52432000,1.2210
1622617823138000,1,8192.52432000,1.2210
1622617826018000,1,8192.52432000,1.2210
1622617826509000,1,8192.52432000,1.2210
1622617827145000,1,8192.52432000,1.2210
1622617853616000,1,101.65682000,1.2210
1622617858987000,1,973.91019000,1.2210
1622617885039000,1,8192.49076000,1.2210
1622617885158000,1,135.01477000,1.2210
1622617885658000,1,8192.49076000,1.2210
1622617886158000,1,8192.49076000,1.2210
1622617893524000,1,100.23178000,1.2210
1622617912451000,1,108.22924000,1.2210
1622617919116000,1,8192.49076000,1.2210
1622617919638000,1,8192.49076000,1.2210
1622617920153000,1,8192.49076000,1.2210
1622617920710000,1,8192.49076000,1.2210
1622617921314000,1,8192.49076000,1.2210
1622617921895000,1,8192.49076000,1.2210
1622617922441000,1,8192.49076000,1.2210
1622617922990000,1,108.34414000,1.2210
1622617925493000,1,255.07089000,1.2210
1622617926887000,1,208.53891000,1.2210
1622617928015000,1,155.54206000,1.2210
1622617929156000,1,127.16689000,1.2210
1622617930260000,1,137.03750000,1.2210
1622617930529000,1,204.99999000,1.2210
1622617931625000,1,137.03750000,1.2210
1622617932760000,1,112.03858000,1.2210
1622617962095000,1,8192.49076000,1.2210
1622617962669000,1,8192.49076000,1.2210
1622617974500000,1,8192.49076000,1.2210
1622617975145000,1,8192.49076000,1.2210
1622617998551000,1,8192.79280000,1.2210
1622617999148000,1,8192.79280000,1.2210
1622618003987000,1,8192.79280000,1.2210
1622618004615000,1,8192.79280000,1.2210
1622618014115000,1,8192.79280000,1.2210
1622618014659000,1,8192.79280000,1.2210
1622618021662000,1,973.92852000,1.2210
1622618037772000,1,8192.72567000,1.2210
1622618038406000,1,8192.72567000,1.2210
1622618054668000,1,8192.72567000,1.2210
1622618055303000,1,8192.72567000,1.2210
1622618100171000,1,8192.59143000,1.2210
1622618110456000,1,204.59999000,1.2210
1622618141308000,1,8192.59143000,1.2210
1622618141850000,1,8192.59143000,1.2210
1622618142403000,1,8192.59143000,1.2210
1622618153838000,1,8193.09485000,1.2210
1622618154417000,1,8193.09485000,1.2210
1622618156989000,1,8193.56477000,1.2210
1622618157646000,1,8193.56477000,1.2210
1622618158157000,1,8193.56477000,1.2210
1622618192273000,1,8192.22230000,1.2210
1622618192843000,1,8192.22230000,1.2210
1622618193426000,1,8192.22230000,1.2210
1622618212514000,1,8192.72567000,1.2210
1622618213121000,1,8192.72567000,1.2210
1622618213724000,1,8192.72567000,1.2210
1622618214351000,1,8192.72567000,1.2210
1622618234507000,1,469.92267000,1.2210
1622618235837000,1,227.39072000,1.2210
1622618236408000,1,8192.28941000,1.2210
1622618236979000,1,8192.28941000,1.2210
1622618237125000,1,185.89913000,1.2210
1622618237495000,1,8192.28941000,1.2210
1622618238629000,1,151.97845000,1.2210
1622618239970000,1,151.97845000,1.2210
1622618241089000,1,124.24721000,1.2210
1622618242186000,1,124.24721000,1.2210
1622618243286000,1,124.24721000,1.2210
1622618244412000,1,101.57604000,1.2210
1622618348869000,1,536.37999000,1.2210
1622618353169000,1,204.97999000,1.2210
1622618408319000,1,8191.08155000,1.2210
1622618409142000,1,8191.08155000,1.2210
1622618414989000,1,8191.51768000,1.2210
1622618415577000,1,8191.51768000,1.2210
1622618418512000,1,8191.95386000,1.2210
1622618419099000,1,8191.95386000,1.2210
1622618424522000,1,8192.39008000,1.2210
1622618425124000,1,8192.39008000,1.2210
1622618425726000,1,8192.39008000,1.2210
1622618441930000,1,8192.82636000,1.2210
1622618442452000,1,8192.82636000,1.2210
1622618443050000,1,8192.82636000,1.2210
1622618443574000,1,8192.82636000,1.2210
1622618444162000,1,8192.82636000,1.2210
1622618470736000,1,204.70999000,1.2210
1622618477142000,0,286.48759000,1.2211
1622618483643000,1,271.02219000,1.2211
1622618494527000,1,286.48759000,1.2211
1622618710884000,1,17.35910000,1.2211
1622618710884000,1,187.15089000,1.2211
1622618791509000,1,17.35968000,1.2210
1622618791509000,1,600.00000000,1.2210
1622618792067000,1,17.35996000,1.2210
1622618792067000,1,600.00000000,1.2210
1622618792067000,1,7574.22482000,1.2210
1622618792647000,1,600.00000000,1.2210
1622618792647000,1,7592.02097000,1.2210
1622618793276000,1,600.00000000,1.2210
1622618793276000,1,7592.02097000,1.2210
1622618793882000,1,8192.02097000,1.2210
1622618794431000,1,8192.02097000,1.2210
1622618794960000,1,8192.02097000,1.2210
1622618797933000,1,235.41812000,1.2210
1622618799470000,1,192.44884000,1.2210
1622618801442000,1,167.33751000,1.2210
1622618802742000,1,147.06790000,1.2210
1622618803982000,1,120.22568000,1.2210
1622618805409000,1,108.26985000,1.2210
1622618808929000,1,3070.88088000,1.2210
1622618808929000,1,1000.00000000,1.2210
1622618830030000,1,17.36054000,1.2210
1622618830030000,1,17.36082000,1.2209
1622618830030000,1,17.36111000,1.2209
1622618830030000,1,17.36140000,1.2209
1622618830675000,0,957.81068000,1.2210
1622618830958000,1,42.18932000,1.2210
1622618830958000,1,17.36169000,1.2208
1622618830958000,1,17.36197000,1.2208
1622618830958000,1,17.36226000,1.2208
1622618830958000,1,17.36255000,1.2208
1622618830958000,1,17.36283000,1.2207
1622618830958000,1,17.36312000,1.2207
1622618830958000,1,17.36341000,1.2207
1622618830958000,1,17.36369000,1.2206
1622618830958000,1,23.61915000,1.2206
1622619116662000,0,18.01872000,1.2209
1622619117542000,0,947.17081000,1.2209
1622619117542000,0,52.82919000,1.2209
1622619126481000,1,22.00000000,1.2206
1622619137781000,0,22.00000000,1.2211
1622619138489000,1,1000.00000000,1.2210
1622619149092000,1,22.00000000,1.2208
1622619161921000,0,22.00000000,1.2211
1622619163658000,1,1000.00000000,1.2210
1622619174744000,1,22.00000000,1.2208
1622619563610000,1,599.69999000,1.2208
1622619643436000,0,40.93654000,1.2214
1622619651509000,0,32.74923000,1.2214
1622619676052000,0,35.16026000,1.2214
1622619861172000,1,17.35652000,1.2214
1622619901280000,1,17.35709000,1.2213
1622619908001000,0,18.01311000,1.2213
1622619911719000,1,17.35738000,1.2213
1622619911719000,1,17.35795000,1.2212
1622619920414000,1,17.35824000,1.2212
1622619920414000,1,4.64176000,1.2211
1622619932929000,0,22.00000000,1.2213
1622619945544000,1,12.71705000,1.2211
1622619945544000,1,9.28295000,1.2210
1622619959141000,0,22.00000000,1.2212
1622619972676000,1,22.00000000,1.2210
1622620000218000,0,18.01459000,1.2212
1622620006978000,1,22.00000000,1.2210
1622620014756000,0,22.00000000,1.2212
1622620022553000,1,22.00000000,1.2210
1622620031430000,0,22.00000000,1.2212
1622620040276000,1,22.00000000,1.2210
1622620154485000,0,52.74990000,1.2212
1622620264179000,1,902.71705000,1.2210
1622620265166000,1,1000.00000000,1.2209
1622620281799000,1,1000.00000000,1.2208
1622620300209000,1,17.36398000,1.2206
1622620300209000,1,17.36427000,1.2206
1622620300209000,1,17.36456000,1.2205
1622620300209000,1,17.36484000,1.2205
1622620302063000,1,104.77749000,1.2206
1622620306524000,1,106.54023000,1.2206
1622620307759000,1,106.54023000,1.2206
1622620309042000,1,106.54023000,1.2206
1622620310278000,1,117.00661000,1.2206
1622620334671000,1,108.21147000,1.2206
1622620335978000,1,108.21147000,1.2206
1622620337328000,1,108.21147000,1.2206
1622620341201000,1,100.00000000,1.2206
1622620351178000,1,33.96080000,1.2206
1622620359449000,0,492.52798000,1.2209
1622620359975000,0,867.62860000,1.2209
1622620360075000,1,132.37140000,1.2209
1622620434926000,0,200.00000000,1.2207
1622620538114000,1,107.26112000,1.2207
1622620539267000,1,107.26112000,1.2207
1622620539555000,1,785.47776000,1.2207
1622620540048000,1,17.36513000,1.2205
1622620540048000,1,17.36542000,1.2205
1622620540048000,1,17.36571000,1.2204
1622620540048000,1,17.36599000,1.2204
1622620577520000,1,116.37320000,1.2205
1622620578646000,1,155.67705000,1.2205
1622620579929000,1,221.06249000,1.2205
1622620581050000,1,180.75254000,1.2205
1622620582323000,1,147.79297000,1.2205
1622620583596000,1,126.85253000,1.2205
1622620668721000,1,51.48922000,1.2205
1622620777446000,0,246.61831000,1.2206
1622620778156000,0,893.38169000,1.2206
1622620778156000,0,106.61831000,1.2206
1622620781062000,1,246.64798000,1.2206
1622620864161000,1,17.36628000,1.2204
1622620864161000,1,17.36657000,1.2203
1622620864161000,1,2.97185000,1.2203
1622620870880000,1,8196.55334000,1.2205
1622620884684000,1,8196.99006000,1.2205
1622620884780000,1,974.15667000,1.2205
1622620885313000,1,8196.99006000,1.2205
1622620885907000,1,1000.00000000,1.2205
1622620885907000,1,7196.99006000,1.2205
1622620886609000,1,8196.99006000,1.2205
1622620933914000,0,974.15667000,1.2206
1622620933914000,0,1229.41751000,1.2207
1622620933914000,0,796.41582000,1.2207
1622620934669000,1,1000.00000000,1.2206
1622620937161000,0,974.03000000,1.2207
1622620937204000,0,1229.29000000,1.2207
1622620937208000,0,974.03000000,1.2207
1622620937291000,0,423.18417000,1.2207
1622620937291000,0,295.18583000,1.2207
1622620937427000,0,934.23168000,1.2207
1622620937427000,0,39.79832000,1.2207
1622620937435000,1,736.10371000,1.2206
1622620937449000,0,934.35835000,1.2207
1622620937449000,0,39.68165000,1.2208
1622620983699000,1,8197.35963000,1.2205
1622620984171000,1,1000.00000000,1.2205
1622620984171000,1,7197.35963000,1.2205
1622620984791000,1,8197.79643000,1.2205
1622620985309000,1,8197.79643000,1.2205
1622620985907000,1,8197.79643000,1.2205
1622621041345000,1,8197.79643000,1.2205
1622621041411000,1,1229.66947000,1.2205
1622621041838000,1,8197.79643000,1.2205
1622621042421000,1,1000.00000000,1.2205
1622621042421000,1,7197.79643000,1.2205
1622621043094000,1,8197.79643000,1.2205
1622621043443000,1,1229.66947000,1.2205
1622621043644000,1,8197.79643000,1.2205
1622621044137000,1,8197.79643000,1.2205
1622621044429000,1,1600.77951000,1.2205
1622621044682000,1,8197.79643000,1.2205
1622621044727000,1,1229.66947000,1.2205
1622621045211000,1,8197.79643000,1.2205
1622621045782000,1,8197.79643000,1.2205
1622621046289000,1,7589.89982000,1.2205
1622621046440000,1,8197.79643000,1.2205
1622621046908000,1,8197.79643000,1.2205
1622621047537000,1,8197.79643000,1.2205
1622621050123000,1,8193.62559000,1.2205
1622621053809000,1,8193.62557000,1.2205
1622621058258000,1,8193.62557000,1.2205
1622621063244000,1,8193.62557000,1.2205
1622621068272000,1,8193.62557000,1.2205
1622621075487000,1,8193.88292000,1.2205
1622621106940000,1,8193.70750000,1.2205
1622621112253000,1,8193.70750000,1.2205
1622621116198000,1,7663.43336000,1.2205
1622621131456000,1,8198.70378000,1.2205
1622621132018000,1,8198.70378000,1.2205
1622621135797000,1,8199.20795000,1.2205
1622621136313000,1,8199.20795000,1.2205
1622621136919000,1,8199.20795000,1.2205
1622621170824000,1,8199.20795000,1.2205
1622621171411000,1,8199.20795000,1.2205
1622621180802000,1,8199.64495000,1.2205
1622621181340000,1,8199.64495000,1.2205
1622621181930000,1,8199.64495000,1.2205
1622621204741000,1,1000.00000000,1.2205
1622621204741000,1,7200.14924000,1.2205
1622621205332000,1,8200.14924000,1.2205
1622621211288000,1,1000.00000000,1.2205
1622621211288000,1,7200.14924000,1.2205
1622621229197000,1,8200.14924000,1.2205
1622621229819000,1,1000.00000000,1.2205
1622621229819000,1,7200.14924000,1.2205
1622621230411000,1,8200.14924000,1.2205
1622621237161000,1,8200.58634000,1.2205
1622621237668000,1,8200.58634000,1.2205
1622621243878000,1,8200.58634000,1.2205
1622621244405000,1,8200.58634000,1.2205
1622621244954000,1,8200.58634000,1.2205
1622621276384000,1,8200.51909000,1.2205
1622621276981000,1,8200.51909000,1.2205
1622621277552000,1,8200.51909000,1.2205
1622621281188000,1,8200.51909000,1.2205
1622621281788000,1,8200.51909000,1.2205
1622621282309000,1,8200.51909000,1.2205
1622621282841000,1,8200.51909000,1.2205
1622621283412000,1,8200.51909000,1.2205
1622621284050000,1,8200.51909000,1.2205
1622621284615000,1,8200.51909000,1.2205
1622621289595000,1,974.35881000,1.2205
1622621305549000,1,764.08368000,1.2205
1622621325047000,1,8200.51909000,1.2205
1622621325598000,1,8200.51909000,1.2205
1622621326149000,1,8200.51909000,1.2205
1622621342189000,1,765.08373000,1.2205
1622621346602000,1,8200.48546000,1.2205
1622621347143000,1,8200.48546000,1.2205
1622621347676000,1,8200.48546000,1.2205
1622621348292000,1,8200.48546000,1.2205
1622621354237000,1,8200.48546000,1.2205
1622621354779000,1,8200.48546000,1.2205
1622621355345000,1,8200.48546000,1.2205
1622621358873000,1,8200.92260000,1.2205
1622621359404000,1,8200.92260000,1.2205
1622621360054000,1,8200.92260000,1.2205
1622621360644000,1,8200.92260000,1.2205
1622621364944000,1,999.49766000,1.2205
1622621382415000,1,8200.48546000,1.2205
1622621382974000,1,8200.48546000,1.2205
1622621383500000,1,8200.48546000,1.2205
1622621394641000,1,974.37338000,1.2205
1622621395815000,1,8200.48546000,1.2205
1622621396334000,1,8200.48546000,1.2205
1622621396916000,1,8200.48546000,1.2205
1622621407337000,1,999.56595000,1.2205
1622621414150000,1,999.56595000,1.2205
1622621418912000,1,8200.92260000,1.2205
1622621419431000,1,8200.92260000,1.2205
1622621419525000,1,1230.13840000,1.2205
1622621420028000,1,8200.92260000,1.2205
1622621420572000,1,8200.92260000,1.2205
1622621421148000,1,8200.92260000,1.2205
1622621421642000,1,3498.22619000,1.2205
1622621421686000,1,8200.92260000,1.2205
1622621422217000,1,8200.92260000,1.2205
1622621422813000,1,8200.92260000,1.2205
1622621426582000,1,1998.97406000,1.2205
1622621427356000,1,8200.92260000,1.2205
1622621427990000,1,8200.92260000,1.2205
1622621428579000,1,8200.92260000,1.2205
1622621429173000,1,8200.92260000,1.2205
1622621452528000,1,410.04616000,1.2205
1622621452999000,1,410.04616000,1.2205
1622621460157000,1,8200.92260000,1.2205
1622621460781000,1,8200.92260000,1.2205
1622621463517000,1,4406.73860000,1.2205
1622621505328000,1,8200.88897000,1.2205
1622621505891000,1,8200.88897000,1.2205
1622621506449000,1,8200.88897000,1.2205
1622621506958000,1,8200.88897000,1.2205
1622621522880000,1,8200.88897000,1.2205
1622621523416000,1,8200.88897000,1.2205
1622621523927000,1,8200.88897000,1.2205
1622621529588000,1,974.43368000,1.2205
1622621534660000,1,8201.32615000,1.2205
1622621535335000,1,8201.32615000,1.2205
1622621535903000,1,8201.32615000,1.2205
1622621536440000,1,8201.32615000,1.2205
1622621544333000,1,8201.32615000,1.2205
1622621544938000,1,8201.32615000,1.2205
1622621575604000,1,8200.88897000,1.2205
1622621576156000,1,8200.88897000,1.2205
1622621583434000,1,8200.88897000,1.2205
1622621584140000,1,8200.88897000,1.2205
1622621592089000,1,410.00513000,1.2205
1622621593648000,1,3712.86543000,1.2205
1622621598643000,1,1646.44184000,1.2205
1622621610649000,1,999.13999000,1.2205
1622621616917000,1,999.00999000,1.2205
1622621619523000,1,1037.14281000,1.2205
1622621629304000,1,1368.51200000,1.2205
1622621649022000,1,254.93720000,1.2205
1622621661554000,1,999.69999000,1.2205
1622621665899000,1,235.36999000,1.2205
1622621668724000,1,8199.88028000,1.2205
1622621669335000,1,8199.88028000,1.2205
1622621672195000,1,8200.35097000,1.2205
1622621672731000,1,8200.35097000,1.2205
1622621673312000,1,8200.35097000,1.2205
1622621683555000,1,8200.45184000,1.2205
1622621684143000,1,8200.45184000,1.2205
1622621695782000,1,1266.04809000,1.2205
1622621695782000,1,1000.00000000,1.2205
1622621701701000,1,255.10380000,1.2204
1622621712633000,1,744.89620000,1.2204
1622621712813000,1,17.36685000,1.2203
1622621712813000,1,17.36714000,1.2203
1622621712813000,1,17.36743000,1.2202
1622621712813000,1,17.36772000,1.2202
1622621712813000,1,185.26169000,1.2202
1622621742649000,1,999.99999000,1.2203
1622621745935000,1,0.00001000,1.2203
1622621757028000,1,17.36800000,1.2202
1622621757028000,1,17.36829000,1.2202
1622621757805000,1,1000.00000000,1.2202
1622621757805000,1,17.36858000,1.2201
1622621763634000,1,17.36887000,1.2201
1622621785052000,1,17.36915000,1.2201
1622621785052000,1,17.36944000,1.2200
1622621785052000,1,17.36973000,1.2200
1622621786252000,1,1000.00000000,1.2201
1622621790687000,1,17.37001000,1.2200
1622621790687000,1,17.37030000,1.2199
1622621790687000,1,17.37059000,1.2199
1622621797646000,1,17.37088000,1.2199
1622621797646000,1,17.37116000,1.2199
1622621798513000,1,1000.00000000,1.2199
1622621814361000,1,17.37145000,1.2198
1622621814361000,1,17.37174000,1.2198
1622621814361000,1,17.37203000,1.2198
1622621815250000,1,1000.00000000,1.2198
1622621844954000,1,17.37231000,1.2197
1622621844954000,1,17.37260000,1.2197
1622621844954000,1,17.37289000,1.2197
1622621844954000,1,17.37318000,1.2196
1622621844954000,1,17.37346000,1.2196
1622621844954000,1,17.37375000,1.2196
1622621844954000,1,17.37404000,1.2195
1622621844954000,1,17.37433000,1.2195
1622621844954000,1,136.58847000,1.2195
1622621922773000,0,18.02787000,1.2203
1622621923518000,0,1000.00000000,1.2203
1622621934440000,1,22.00000000,1.2197
1622621942270000,1,8201.72974000,1.2200
1622621942484000,1,893.93876000,1.2200
1622621942828000,1,8201.72974000,1.2200
1622621943412000,1,1000.00000000,1.2200
1622621943412000,1,7201.72974000,1.2200
1622621944062000,1,8201.72974000,1.2200
1622621944652000,1,8201.72974000,1.2200
1622621947350000,0,22.00000000,1.2203
1622621960217000,1,22.00000000,1.2200
1622621974077000,0,22.00000000,1.2203
1622621974555000,0,168.35269000,1.2203
1622621974555000,0,391.11000000,1.2203
1622621974638000,1,440.53731000,1.2203
1622621987679000,1,22.00000000,1.2200
1622622017090000,0,18.02891000,1.2203
1622622018023000,0,1000.00000000,1.2203
1622622023846000,1,22.00000000,1.2200
1622622028322000,1,956.00000000,1.2200
1622622028322000,1,37.50000000,1.2200
1622622028322000,1,7208.16247000,1.2200
1622622028951000,1,8201.66247000,1.2200
1622622031638000,0,22.00000000,1.2203
1622622032105000,0,190.08931000,1.2203
1622622032105000,0,37.50000000,1.2203
1622622032232000,1,772.41069000,1.2203
1622622036605000,1,8202.09973000,1.2200
1622622037153000,1,8202.09973000,1.2200
1622622037651000,1,8202.09973000,1.2200
1622622038253000,1,8202.09973000,1.2200
1622622039447000,1,22.00000000,1.2200
1622622048302000,0,22.00000000,1.2201
1622622048842000,0,1000.00000000,1.2201
1622622055357000,1,2269.54528000,1.2200
1622622055363000,1,286.92937000,1.2200
1622622055420000,1,881.72532000,1.2200
1622622057185000,1,22.00000000,1.2200
1622622065227000,1,8201.66247000,1.2200
1622622065764000,1,1000.00000000,1.2200
1622622065764000,1,7201.66247000,1.2200
1622622067064000,1,8202.20065000,1.2200
1622622067674000,1,8202.20065000,1.2200
1622622068286000,1,8202.20065000,1.2200
1622622076481000,1,8202.67161000,1.2200
1622622077033000,1,8202.67161000,1.2200
1622622077532000,1,8202.67161000,1.2200
1622622078130000,1,8202.67161000,1.2200
1622622091667000,1,1000.00000000,1.2200
1622622091667000,1,37.50000000,1.2200
1622622091667000,1,7165.64262000,1.2200
1622622092245000,1,8203.14262000,1.2200
1622622092844000,1,8203.14262000,1.2200
1622622095502000,1,1000.00000000,1.2200
1622622095502000,1,37.50000000,1.2200
1622622095502000,1,7165.64262000,1.2200
1622622096069000,1,8203.14262000,1.2200
1622622116792000,1,8202.63796000,1.2200
1622622117380000,1,1000.00000000,1.2200
1622622117380000,1,7202.63796000,1.2200
1622622124034000,1,161.77000000,1.2200
1622622126897000,1,8203.07533000,1.2200
1622622127405000,1,8203.07533000,1.2200
1622622127949000,1,8203.07533000,1.2200
1622622128481000,1,8203.07533000,1.2200
1622622129063000,1,8203.07533000,1.2200
1622622129692000,1,8203.07533000,1.2200
1622622130257000,1,1000.00000000,1.2200
1622622130257000,1,7203.07533000,1.2200
1622622130433000,1,646.39198000,1.2200
1622622143384000,1,491.72876000,1.2200
1622622148278000,1,1000.00000000,1.2200
1622622148278000,1,37.50000000,1.2200
1622622148278000,1,7165.57533000,1.2200
1622622148878000,1,8203.07533000,1.2200
1622622181153000,1,8203.17626000,1.2200
1622622181728000,1,8203.17626000,1.2200
1622622223671000,1,1000.00000000,1.2200
1622622223671000,1,7202.73889000,1.2200
1622622224267000,1,8202.73889000,1.2200
1622622251659000,1,597.42549000,1.2200
1622622256308000,1,402.57451000,1.2200
1622622256308000,1,7800.09710000,1.2200
1622622256903000,1,8202.67161000,1.2200
1622622257419000,1,8202.67161000,1.2200
1622622257911000,1,1000.00000000,1.2200
1622622257911000,1,7202.67161000,1.2200
1622622284407000,1,8203.10897000,1.2200
1622622284953000,1,1000.00000000,1.2200
1622622284953000,1,7203.10897000,1.2200
1622622299842000,1,8202.57068000,1.2200
1622622300319000,1,1000.00000000,1.2200
1622622300319000,1,7202.57068000,1.2200
1622622300927000,1,8202.57068000,1.2200
1622622307545000,1,8203.00804000,1.2200
1622622308092000,1,8203.00804000,1.2200
1622622308601000,1,8203.00804000,1.2200
1622622325740000,1,8203.00804000,1.2200
1622622326374000,1,1000.00000000,1.2200
1622622326374000,1,7203.00804000,1.2200
1622622342717000,1,8203.44544000,1.2200
1622622343231000,1,8203.44544000,1.2200
1622622347076000,1,8203.44544000,1.2200
1622622347639000,1,8203.44544000,1.2200
1622622348150000,1,8203.44544000,1.2200
1622622354976000,1,365.82076000,1.2200
1622622355046000,1,2939.85300000,1.2200
1622622356437000,1,144.88483000,1.2200
1622622367238000,1,8203.00804000,1.2200
1622622367759000,1,8203.00804000,1.2200
1622622368355000,1,3995.60337000,1.2200
1622622368355000,1,1000.00000000,1.2200
1622622472409000,1,337.20302000,1.2197
1622622518884000,1,409.83877000,1.2197
1622622544223000,1,230.95821000,1.2197
1622622622862000,0,512.45515000,1.2198
1622622622970000,0,432.31909000,1.2198
1622622623039000,1,537.07014000,1.2198
1622622623039000,1,200.64767000,1.2197
1622622624302000,1,1000.00000000,1.2198
1622622624734000,0,1230.51175000,1.2198
1622622624890000,0,0.00002000,1.2198
1622622624890000,0,451.97027000,1.2199
1622622626055000,0,1230.51175000,1.2198
1622622626243000,0,0.00002000,1.2198
1622622626243000,0,451.96113000,1.2200
1622622627604000,0,1230.51177000,1.2198
1622622627893000,1,454.49398000,1.2200
1622622648533000,0,55.03042000,1.2200
1622622649016000,0,1000.00000000,1.2200
1622622665340000,1,538.64999000,1.2196
1622622672570000,0,1230.50672000,1.2198
1622622672731000,0,0.00001000,1.2198
1622622672731000,0,175.40060000,1.2200
1622622672731000,0,858.96422000,1.2200
1622622672750000,0,0.00002000,1.2200
1622622672750000,0,478.66622000,1.2201
1622622673070000,0,858.96423000,1.2200
1622622673074000,0,0.00001000,1.2200
1622622673074000,0,315.41463000,1.2201
1622622781382000,1,1000.00000000,1.2196
1622622844831000,1,17.37461000,1.2195
1622622844831000,1,17.37490000,1.2195
1622622844831000,1,17.37519000,1.2194
1622622844831000,1,547.87530000,1.2194
1622622852250000,1,204.71999000,1.2195
1622622930560000,1,795.28001000,1.2195
1622622948950000,1,17.37548000,1.2194
1622622949696000,1,1000.00000000,1.2194
1622622972200000,1,17.37576000,1.2194
1622622972200000,1,17.37605000,1.2193
1622622972200000,1,17.37634000,1.2193
1622622972200000,1,17.37663000,1.2193
1622622972200000,1,17.37691000,1.2192
1622622972200000,1,16.33843000,1.2192
1622622987091000,1,1000.00000000,1.2194
1622623091788000,1,17.37720000,1.2192
1622623091788000,1,17.37749000,1.2192
1622623091788000,1,17.37778000,1.2192
1622623091788000,1,17.37806000,1.2191
1622623093273000,1,115.82590000,1.2192
1622623100707000,1,104.86119000,1.2192
1622623110451000,1,102.18510000,1.2192
1622623148788000,1,677.12781000,1.2192
1622623180383000,1,17.37835000,1.2191
1622623180383000,1,17.37864000,1.2191
1622623181470000,1,1000.00000000,1.2191
1622623555399000,0,1038.36155000,1.2193
1622623555399000,0,192.31176000,1.2193
1622623555433000,0,1038.36154000,1.2193
1622623555454000,0,0.13633000,1.2193
1622623555459000,0,3000.00000000,1.2195
1622623555551000,0,974.73406000,1.2195
1622623555557000,1,217.99956000,1.2193
1622623555557000,0,255.93925000,1.2195
1622623555557000,0,653.18755000,1.2198
1622623555667000,1,1012.67374000,1.2193
1622623555667000,1,1038.36155000,1.2193
1622623555667000,1,1038.36155000,1.2193
1622623557252000,1,1000.00000000,1.2193
1622623560900000,1,394.30086000,1.2193
1622623592108000,1,600.00000000,1.2191
1622623702010000,1,1000.00000000,1.2191
1622623702010000,1,600.00000000,1.2191
1622623702010000,1,17.37893000,1.2190
1622623702542000,1,600.00000000,1.2190
1622623703647000,1,1000.00000000,1.2191
1622623746206000,1,17.37921000,1.2190
1622623746206000,1,8189.80289000,1.2190
1622623746842000,1,1810.19711000,1.2190
1622623747406000,1,1000.00000000,1.2190
1622623755274000,1,17.37950000,1.2190
1622623755274000,1,17.37979000,1.2189
1622623771676000,1,17.38008000,1.2189
1622623771676000,1,17.38037000,1.2189
1622623772655000,1,1000.00000000,1.2189
1622623773280000,1,17.38065000,1.2189
1622623773280000,1,17.38094000,1.2188
1622623786904000,1,17.38123000,1.2188
1622623787652000,1,1000.00000000,1.2188
1622623800365000,1,17.38152000,1.2188
1622623800365000,1,17.38180000,1.2187
1622623801040000,1,1000.00000000,1.2188
1622623818544000,1,17.38209000,1.2187
1622623818544000,1,17.38238000,1.2187
1622623819455000,1,1000.00000000,1.2187
1622623844680000,1,17.38267000,1.2187
1622623844680000,1,17.38295000,1.2186
1622623844680000,1,17.38324000,1.2186
1622623844680000,1,17.38353000,1.2186
1622623845862000,1,114.29469000,1.2187
1622623852799000,1,314.93674000,1.2187
1622623854148000,1,325.00941000,1.2187
1622623855441000,1,245.75916000,1.2187
1622623856665000,1,17.38382000,1.2185
1622623856665000,1,82.61618000,1.2185
1622623857983000,1,77.64756000,1.2185
1622623857983000,1,22.35244000,1.2185
1622623859292000,1,204.34083000,1.2185
1622623860680000,1,220.67869000,1.2185
1622623862287000,1,194.46011000,1.2185
1622623869362000,1,201.23978000,1.2185
1622623892178000,1,140.09498000,1.2185
1622623928273000,1,243.52644000,1.2185
1622623928273000,1,626.41064000,1.2185
1622623928278000,1,2147.83330000,1.2185
1622623934300000,1,242.38466000,1.2185
1622623935652000,1,242.38466000,1.2185
1622623936789000,1,213.91713000,1.2185
1622624004948000,1,301.31355000,1.2185
1622624004948000,1,7909.10300000,1.2185
1622624005700000,1,8210.41655000,1.2185
1622624006924000,1,1000.00000000,1.2185
1622624006924000,1,7210.41655000,1.2185
1622624007412000,1,8210.41655000,1.2185
1622624115735000,1,162.77943000,1.2185
1622624199446000,1,1000.00000000,1.2185
1622624199481000,1,702.36148000,1.2185
1622624538596000,1,85.36447000,1.2185
1622624613539000,1,514.63552000,1.2185
1622624712963000,1,205.17849000,1.2186
1622624799845000,1,595.15999000,1.2186
1622624844245000,1,1000.00000000,1.2186
1622625073284000,1,204.55794000,1.2186
1622625118588000,1,37.73676000,1.2186
1622625151813000,0,205.17848000,1.2188
1622625151992000,0,482.72491000,1.2189
1622625152193000,0,748.39282000,1.2189
1622625152347000,0,0.00001000,1.2189
1622625152347000,0,1140.00000000,1.2189
1622625152347000,0,1157.10999000,1.2190
1622625152535000,0,1140.00000000,1.2190
1622625152535000,0,90.98133000,1.2190
1622625152539000,0,458.35273000,1.2190
1622625152656000,1,1000.00000000,1.2189
1622625152717000,0,590.66595000,1.2190
1622625152717000,0,5.89470000,1.2190
1622625152778000,0,590.66594000,1.2190
1622625152896000,0,543.43936000,1.2190
1622625152966000,0,543.43935000,1.2190
1622625153088000,1,590.66593000,1.2190
1622625154618000,0,596.56065000,1.2190
1622625154620000,0,90.98134000,1.2190
1622625158669000,1,600.00000000,1.2189
1622625158669000,1,685.69304000,1.2189
1622625184393000,1,600.00000000,1.2187
1622625184393000,1,1139.99999000,1.2187
1622625184393000,1,205.17848000,1.2187
1622625185258000,1,1000.00000000,1.2187
1622625185828000,1,600.00000000,1.2187
1622625193439000,1,205.17929000,1.2186
1622625257404000,0,302.19901000,1.2189
1622625258376000,0,928.85810000,1.2189
1622625258497000,1,71.14190000,1.2189
1622625260762000,0,250.34429000,1.2189
1622626274445000,1,205.16254000,1.2187
1622626308634000,1,1000.00000000,1.2187
1622626308634000,1,7207.95679000,1.2187
1622626309146000,1,2717.42382000,1.2187
1622626310303000,1,1000.00000000,1.2187
1622626321075000,1,757.70530000,1.2186
1622626321075000,1,1000.00000000,1.2185
1622626321756000,1,4593.56923000,1.2185
1622626321756000,1,17.38411000,1.2185
1622626321756000,1,3000.00000000,1.2185
1622626321756000,1,17.38439000,1.2185
1622626322485000,1,17.38468000,1.2184
1622626322978000,1,17.38497000,1.2184
1622626322978000,1,3000.00000000,1.2184
1622626322978000,1,17.38526000,1.2184
1622626322978000,1,600.00000000,1.2184
1622626323637000,1,17.38555000,1.2184
1622626323637000,1,600.00000000,1.2184
1622626323637000,1,600.00000000,1.2183
1622626323637000,1,17.38583000,1.2183
1622626324171000,1,17.38612000,1.2183
1622626324171000,1,17.38641000,1.2183
1622626325050000,1,17.38670000,1.2182
1622626325050000,1,17.38698000,1.2182
1622626325050000,1,974.91111000,1.2182
1622626326054000,1,1000.00000000,1.2184
1622626334257000,1,17.38727000,1.2182
1622626334257000,1,17.38756000,1.2181
1622626334257000,1,17.38785000,1.2181
1622626334257000,1,17.38814000,1.2181
1622626356827000,1,17.38842000,1.2181
1622626356827000,1,17.38871000,1.2180
1622626356827000,1,17.38900000,1.2180
1622626356827000,1,17.38929000,1.2180
1622626357789000,1,670.94490000,1.2181
1622626357899000,1,117.16985000,1.2181
1622626359413000,1,117.16985000,1.2181
1622626360725000,1,94.71540000,1.2181
1622626379314000,1,17.38958000,1.2179
1622626379314000,1,17.38986000,1.2179
1622626380239000,1,1000.00000000,1.2179
1622626388307000,1,17.39015000,1.2179
1622626388307000,1,17.39044000,1.2178
1622626388822000,1,17.39073000,1.2178
1622626388822000,1,17.39102000,1.2178
1622626390836000,1,17.39130000,1.2178
1622626390836000,1,17.39159000,1.2177
1622626394674000,1,17.39188000,1.2177
1622626394674000,1,17.39217000,1.2177
1622626394674000,1,17.39246000,1.2176
1622626394674000,1,152.91628000,1.2176
1622626414674000,1,1000.00000000,1.2177
1622626442913000,1,17.39274000,1.2176
1622626442913000,1,17.39303000,1.2176
1622626443848000,1,1000.00000000,1.2176
1622626446652000,1,17.39332000,1.2175
1622626446652000,1,17.39361000,1.2175
1622626446652000,1,17.39390000,1.2175
1622626446652000,1,17.39419000,1.2174
1622626446652000,1,17.39447000,1.2174
1622626446652000,1,17.39476000,1.2174
1622626446652000,1,17.39505000,1.2174
1622626446652000,1,17.39534000,1.2173
1622626446652000,1,240.97488000,1.2173
1622626446793000,1,139.15464000,1.2173
1622626446793000,1,460.84536000,1.2172
1622626754839000,1,205.60008000,1.2174
1622626874914000,1,205.04896000,1.2176
1622626971191000,0,820.85596000,1.2181
1622626971969000,0,319.14404000,1.2181
1622626971969000,0,680.85596000,1.2181
1622626976766000,0,551.08077000,1.2181
1622626976766000,0,269.73966000,1.2182
1622626981495000,0,820.84922000,1.2181
1622626990339000,0,411.08751000,1.2181
1622626990339000,0,409.71798000,1.2182
1622626990826000,0,1000.00000000,1.2181
1622626994986000,1,205.20721000,1.2176
1622626995123000,0,231.93673000,1.2181
1622626995123000,0,409.76170000,1.2181
1622626995123000,0,179.14196000,1.2181
1622627068446000,0,418.72220000,1.2181
1622627068932000,0,813.21453000,1.2181
1622627069047000,1,186.78547000,1.2181
1622627125934000,1,600.00000000,1.2177
1622627126071000,1,599.69999000,1.2176
1622627222479000,1,1139.99000000,1.2182
1622627223275000,1,1000.00000000,1.2182
1622627616515000,0,423.63034000,1.2184
1622627617487000,0,716.36966000,1.2184
1622627617487000,0,283.63034000,1.2184
1622627842040000,1,500.00000000,1.2178
1622627843608000,1,675.34174000,1.2178
1622628296594000,1,324.65826000,1.2178
1622628296594000,1,1000.00000000,1.2177
1622628312556000,1,174.97064000,1.2176
1622628315278000,1,205.23999000,1.2176
1622628435532000,1,205.31999000,1.2176
1622628675671000,1,205.06999000,1.2177
1622628795743000,1,205.23999000,1.2177
1622629156051000,1,205.14999000,1.2177
1622629276005000,1,205.33999000,1.2177
1622629293771000,1,384.27003000,1.2177
1622629361812000,1,414.46938000,1.2176
1622629362366000,1,158.67659000,1.2174
1622629363111000,1,600.00000000,1.2174
1622629364468000,1,1000.00000000,1.2174
1622629490704000,1,411.23159000,1.2170
1622629516245000,1,205.41999000,1.2170
1622629636356000,1,205.41999000,1.2170
1622629876461000,1,205.24999000,1.2172
1622630020157000,1,1000.00000000,1.2172
1622630020157000,1,975.39082000,1.2172
1622630020768000,1,975.39300000,1.2172
1622630021840000,1,1000.00000000,1.2172
1622630116665000,1,204.89999000,1.2171
1622630236924000,1,205.28999000,1.2172
1622630546928000,1,205.17000000,1.2173
1622630548087000,1,1000.00000000,1.2173
1622630597140000,1,204.79999000,1.2172
1622630597861000,1,1000.00000000,1.2173
1622630614035000,1,975.31842000,1.2173
1622630614654000,1,1000.00000000,1.2173
1622630630268000,1,975.32638000,1.2172
1622630630839000,1,1000.00000000,1.2173
1622630704518000,1,794.71001000,1.2172
1622630837086000,1,205.27999000,1.2172
1622630909113000,1,1000.00000000,1.2172
1622630909242000,1,975.32430000,1.2172
1622630957838000,1,205.04999000,1.2172
1622631242029000,1,794.95001000,1.2172
1622631423430000,1,589.16002000,1.2170
1622631423430000,1,975.31575000,1.2170
1622631424870000,1,1000.00000000,1.2170
1622631493558000,0,205.31000000,1.2172
1622631493640000,0,1026.68744000,1.2172
1622631493640000,0,113.30256000,1.2174
1622631493718000,0,1118.62911000,1.2174
1622631493719000,0,975.26000000,1.2176
1622631493727000,0,2024.74000000,1.2176
1622631493727000,0,29.01000000,1.2177
1622631493781000,0,975.28000000,1.2177
1622631493790000,0,915.28000000,1.2177
1622631493874000,0,133.86869000,1.2177
1622631493874000,0,975.32835000,1.2179
1622631493874000,0,975.31575000,1.2180
1622631493874000,0,2053.75921000,1.2180
1622631493874000,0,6586.80800000,1.2180
1622631493885000,1,1881.36089000,1.2176
1622631494125000,1,794.95001000,1.2172
1622631494176000,1,205.04999000,1.2172
1622631496652000,1,125.20465000,1.2172
1622631496659000,1,850.10570000,1.2172
1622631496659000,1,975.31035000,1.2171
1622631557517000,1,205.68113000,1.2170
1622631557845000,0,148.84255000,1.2173
1622631558199000,0,114.91645000,1.2173
1622631562454000,1,1000.00000000,1.2170
1622631562454000,1,6592.92442000,1.2170
1622631562454000,1,600.00000000,1.2170
1622631563023000,1,600.00000000,1.2170
1622631677758000,1,206.06227000,1.2166
1622631677877000,0,205.31083000,1.2169
1622631678083000,0,205.99672000,1.2169
1622631757706000,0,556.79345000,1.2169
1622631758007000,0,583.20655000,1.2169
1622631758279000,1,416.79345000,1.2169
1622631797561000,1,205.05103000,1.2166
1622631917735000,1,205.51530000,1.2167
1622631960737000,1,1000.00000000,1.2167
1622631976695000,0,294.81927000,1.2169
1622631977034000,0,845.18073000,1.2169
1622631977034000,0,154.81927000,1.2169
1622632037679000,1,205.48529000,1.2166
1622632114843000,1,794.51471000,1.2166
1622632157839000,1,204.91874000,1.2166
1622632235654000,1,510.25999000,1.2166
1622632277756000,1,205.48529000,1.2166
1622632281101000,1,284.25472000,1.2166
1622632281101000,1,471.43528000,1.2166
1622632282401000,0,245.42285000,1.2167
1622632282401000,0,245.42286000,1.2167
1622632298109000,1,363.04957000,1.2167
1622632508519000,1,146.10472000,1.2167
1622632508519000,1,1000.00000000,1.2166
1622632518044000,1,205.48226000,1.2165
1622632563938000,1,245.25082000,1.2165
1622632580227000,1,509.79893000,1.2165
1622632638073000,1,205.47238000,1.2165
1622632685306000,1,3000.00000000,1.2165
1622632685306000,1,39.47787000,1.2165
1622632685306000,1,19116.57459000,1.2165
1622632730489000,1,101.96999000,1.2165
1622632731642000,1,101.96999000,1.2165
1622632733252000,1,101.97285000,1.2165
1622632758129000,1,205.48738000,1.2165
1622632831431000,1,488.59979000,1.2165
1622632878241000,1,205.51987000,1.2165
1622632998288000,1,205.45988000,1.2165
1622633244663000,1,1000.00000000,1.2165
1622633244663000,1,7219.79738000,1.2165
1622633245166000,1,8219.79738000,1.2165
1622633305575000,1,1000.00000000,1.2165
1622633305575000,1,7220.27036000,1.2165
1622633306074000,1,8220.27036000,1.2165
1622633313166000,1,205.49237000,1.2165
1622633313166000,1,268.64000000,1.2165
1622633313166000,1,7746.13799000,1.2165
1622633313744000,1,8220.27036000,1.2165
1622633409519000,1,6441.39864000,1.2165
1622633409519000,1,1000.00000000,1.2165
1622633442863000,0,2999.99998000,1.2166
1622633707934000,1,588.97612000,1.2165
1622633838597000,1,205.49238000,1.2165
1622633955895000,0,555.94014000,1.2170
1622634078752000,1,205.49032000,1.2165
1622634181851000,1,394.50968000,1.2165
1622634181962000,0,600.00000000,1.2165
1622634191364000,0,28300.73796000,1.2165
1622634192001000,0,511.17577000,1.2165
1622634199102000,0,106.68662000,1.2165
1622634199242000,0,312.17692000,1.2165
1622634199442000,0,205.47218000,1.2165
1622634211345000,0,266.39374000,1.2165
1622634242726000,0,975.39745000,1.2165
1622634318937000,1,205.49032000,1.2165
1622634319274000,0,205.47049000,1.2165
1622634336282000,0,975.37577000,1.2165
1622634438916000,1,0.04118000,1.2165
1622634438916000,1,205.44914000,1.2164
1622634439440000,0,205.46374000,1.2165
1622634445237000,0,975.36400000,1.2165
1622634463990000,0,106.44215000,1.2165
1622634481169000,0,112.08075000,1.2165
1622634482271000,0,112.08075000,1.2165
1622634487216000,0,1099.89033000,1.2165
1622634506319000,1,1159.98060000,1.2165
1622634506726000,0,1099.89033000,1.2165
1622634506773000,0,398.47261000,1.2165
1622634517745000,0,8211.29299000,1.2165
1622634519587000,0,2055.93232000,1.2165
1622634520356000,0,8211.29299000,1.2165
1622634520971000,0,8211.29299000,1.2165
1622634527168000,0,3294.05920000,1.2165
1622634548553000,0,975.33032000,1.2165
1622634551174000,0,101.09710000,1.2165
1622634559048000,1,205.49032000,1.2165
1622634560688000,0,1055.79861000,1.2165
1622634564636000,0,1073.39417000,1.2165
1622634579994000,0,8210.85474000,1.2165
1622634580555000,0,8210.85474000,1.2165
1622634581146000,0,8210.85474000,1.2165
1622634581863000,0,8210.41655000,1.2165
1622634582432000,0,8210.41655000,1.2165
1622634583125000,0,1000.60000000,1.2165
1622634584335000,0,107.99617000,1.2165
1622634595566000,0,103.16094000,1.2165
1622634607467000,0,104.45514000,1.2165
1622634623852000,0,105.53349000,1.2165
1622634637296000,0,106.33053000,1.2165
1622634644566000,0,176.46448000,1.2165
1622634758610000,1,18429.07993000,1.2166
1622634800761000,0,1415.87933000,1.2171
1622634830063000,1,975.30576000,1.2166
1622634852418000,0,1140.00000000,1.2171
1622634852418000,0,268.67000000,1.2171
1622634852512000,0,725.64181000,1.2171
1622634861494000,0,1391.41185000,1.2171
1622634919221000,1,205.49032000,1.2165
1622634945181000,0,79.23077000,1.2171
1622634971230000,0,259.18457000,1.2171
1622635039251000,1,205.49032000,1.2165
1622635122404000,1,769.85152000,1.2165
1622635122404000,1,137.88847000,1.2165
1622635193680000,0,1139.99999000,1.2171
1622635193772000,0,506.31702000,1.2171
1622635775844000,1,403.40894000,1.2173
1622635785214000,0,93.91000000,1.2175
1622635785214000,0,8112.66592000,1.2175
1622635785741000,0,8206.57592000,1.2175
1622635792341000,0,8206.07085000,1.2175
1622635792933000,0,8206.07085000,1.2175
1622635793417000,0,8206.07085000,1.2175
1622635793951000,0,8206.07085000,1.2175
1622635821509000,0,915.28514000,1.2175
1622635821509000,0,7290.34802000,1.2175
1622635822064000,0,8205.19552000,1.2175
1622635822659000,0,8205.19552000,1.2175
1622635823174000,0,8205.19552000,1.2175
1622635907673000,0,106.57599000,1.2175
1622635908796000,0,106.57599000,1.2175
1622635909960000,0,106.57599000,1.2175
1622635911095000,0,106.57599000,1.2175
1622636026398000,0,549.52000000,1.2175
1622636051635000,0,50.66859000,1.2175
1622636104439000,0,564.06000000,1.2175
1622636109916000,0,1036.87882000,1.2175
1622636150460000,0,2055.55000000,1.2175
1622636172549000,0,102.77918000,1.2175
1622636196662000,1,300.00000000,1.2172
1622636318762000,0,103.21367000,1.2175
1622636325948000,0,104.54032000,1.2175
1622636334849000,0,105.93249000,1.2175
1622636343471000,0,106.71052000,1.2175
1622636343832000,0,515.01815000,1.2175
1622636349542000,0,107.35178000,1.2175
1622636351004000,0,107.35178000,1.2175
1622636352721000,0,107.35178000,1.2175
1622636353856000,0,232.19958000,1.2175
1622636355052000,0,209.76742000,1.2175
1622636356169000,0,209.76742000,1.2175
1622636357277000,0,171.64638000,1.2175
1622636358433000,0,140.45308000,1.2175
1622636359557000,0,114.92854000,1.2175
1622636360944000,0,124.92100000,1.2175
1622636362055000,0,102.21864000,1.2175
1622636479809000,0,205.33395000,1.2175
1622636492259000,0,104.67173000,1.2175
1622636558856000,0,974.95028000,1.2175
1622636599904000,0,205.33395000,1.2175
1622636627391000,0,1534.97000000,1.2175
1622636749902000,0,33.06787000,1.2175
1622636866996000,0,108.32272000,1.2175
1622636868092000,0,108.32272000,1.2175
1622636890229000,0,111.26118000,1.2175
1622636894841000,0,974.92154000,1.2175
1622636895479000,0,101.03343000,1.2175
1622636896601000,0,101.03343000,1.2175
1622636916725000,0,118.88676000,1.2175
1622636917820000,0,107.24554000,1.2175
1622636918945000,0,107.24554000,1.2175
1622636920043000,0,107.24554000,1.2175
1622636960094000,0,205.33394000,1.2175
1622637062092000,0,108.63904000,1.2175
1622637062219000,0,108.63904000,1.2175
1622637068466000,0,101.43286000,1.2175
1622637076582000,0,107.88222000,1.2175
1622637095195000,0,974.91041000,1.2175
1622637146859000,0,108.23619000,1.2175
1622637159875000,0,108.65331000,1.2175
1622638280561000,0,205.33057000,1.2175
1622638400646000,0,205.33057000,1.2175
1622638483382000,0,410.73337000,1.2175
1622638520747000,0,205.33057000,1.2175
1622638579242000,0,8205.02722000,1.2175
1622638579906000,0,8205.02722000,1.2175
1622638691375000,0,410.75295000,1.2175
1622638902236000,0,161.15780000,1.2175
1622638903341000,0,161.15780000,1.2175
1622638904460000,0,131.86175000,1.2175
1622638905618000,0,117.89338000,1.2175
1622638906735000,0,117.89338000,1.2175
1622638944009000,0,108.78921000,1.2175
1622638945137000,0,108.78921000,1.2175
1622638946263000,0,108.78921000,1.2175
1622638991952000,0,273.21559000,1.2175
1622638995505000,1,35.80595000,1.2175
1622638996809000,0,523.12114000,1.2175
1622638999292000,0,109.74177000,1.2175
1622639009159000,0,101.30674000,1.2175
1622639012973000,0,103.17298000,1.2175
1622639015439000,0,8205.16186000,1.2175
1622639015989000,0,8205.16186000,1.2175
1622639020623000,0,132.44927000,1.2175
1622639021770000,0,108.36422000,1.2175
1622639026666000,0,108.94228000,1.2175
1622639027797000,0,108.94228000,1.2175
1622639070042000,0,492.69489000,1.2175
1622639070926000,0,6131.31538000,1.2175
1622639095827000,1,50.13976000,1.2176
1622639443529000,1,264.47154000,1.2175
1622639443910000,1,265.36190000,1.2175
1622639444243000,1,265.36190000,1.2175
1622639444529000,1,265.35972000,1.2176
1622639444739000,1,265.35754000,1.2176
1622639445098000,1,265.35754000,1.2176
1622639445494000,1,204.36063000,1.2176
1622639445753000,1,268.40725000,1.2176
1622639763676000,0,30.92071000,1.2182
1622640010272000,0,899.75324000,1.2182
1622640142542000,0,551.50000000,1.2184
1622640144345000,1,53.71047000,1.2180
1622640350947000,0,669.05383000,1.2181
1622640351601000,0,1139.99999000,1.2182
1622640351616000,0,0.00001000,1.2182
1622640351616000,0,353.79047000,1.2183
1622640351619000,0,24.21953000,1.2183
1622640351619000,0,1139.99999000,1.2183
1622640351655000,0,0.00001000,1.2183
1622640351655000,0,329.48132000,1.2183
1622640351668000,0,1493.68995000,1.2183
1622640351730000,0,1140.00000000,1.2182
1622640351730000,0,349.91531000,1.2183
1622640370436000,1,10407.94329000,1.2183
1622640471677000,0,824.63000000,1.2184
1622640560760000,0,170.41231000,1.2181
1622640561179000,1,205.18544000,1.2180
1622640567858000,0,112.50765000,1.2184
1622640568952000,0,122.47047000,1.2184
1622640570096000,0,100.48956000,1.2184
1622640570096000,0,17.39534000,1.2184
1622640597430000,0,107.88598000,1.2184
1622640599610000,0,107.88618000,1.2184
1622640600530000,0,107.88618000,1.2184
1622640600645000,0,107.88618000,1.2184
1622640601806000,0,107.88618000,1.2184
1622640677392000,1,373.38089000,1.2181
1622640681180000,1,205.18039000,1.2181
1622640732123000,0,6295.18071000,1.2184
1622640732123000,0,17.39505000,1.2185
1622640732123000,0,17.39447000,1.2185
1622640732123000,0,17.39419000,1.2185
1622640732123000,0,17.39361000,1.2186
1622640732123000,0,17.39332000,1.2186
1622640732123000,0,1140.00000000,1.2187
1622640732123000,0,17.39274000,1.2187
1622640732123000,0,664.50707000,1.2187
1622640732236000,0,310.45551000,1.2187
1622640732236000,0,17.39246000,1.2187
1622640732236000,0,902.75971000,1.2188
1622640732648000,0,1140.00000000,1.2187
1622640732648000,0,1140.00000000,1.2187
1622640732648000,0,72.19316000,1.2188
1622640732648000,0,17.39188000,1.2188
1622640732648000,0,974.94721000,1.2188
1622640732648000,0,17.39159000,1.2188
1622640732648000,0,974.93469000,1.2188
1622640732648000,0,17.39102000,1.2189
1622640733147000,0,1140.00000000,1.2187
1622640754445000,1,600.00000000,1.2189
1622640754445000,1,423.55780000,1.2189
1622640765033000,1,974.95625000,1.2189
1622640801259000,1,205.10464000,1.2189
1622640884526000,1,2379.59897000,1.2189
1622640884747000,1,600.00000000,1.2189
1622640884747000,1,5158.07778000,1.2187
1622640889436000,0,17.39073000,1.2189
1622640889436000,0,17.39015000,1.2190
1622640889436000,0,17.38986000,1.2190
1622640889436000,0,17.38929000,1.2190
1622640889436000,0,17.38900000,1.2191
1622640889436000,0,17.38842000,1.2191
1622640889436000,0,17.38814000,1.2192
1622640889436000,0,17.38756000,1.2192
1622640889436000,0,18.44999000,1.2192
1622640889436000,0,17.38727000,1.2193
1622640889962000,0,974.87792000,1.2193
1622640889985000,0,0.00002000,1.2193
1622640889985000,0,17.38670000,1.2193
1622640889985000,0,17.38641000,1.2193
1622640889985000,0,957.53865000,1.2193
1622640890050000,0,17.38674000,1.2193
1622640890050000,0,957.54793000,1.2194
1622640890078000,0,17.38676000,1.2194
1622640890078000,0,17.38583000,1.2194
1622640890078000,0,17.38555000,1.2194
1622640890078000,0,922.74410000,1.2194
1622640890096000,0,52.15816000,1.2194
1622640890096000,0,490.55331000,1.2195
1622640890192000,0,491.87678000,1.2195
1622640890677000,0,17.56991000,1.2195
1622640890688000,0,17.38497000,1.2195
1622640890688000,0,974.93467000,1.2195
1622640890911000,0,0.00002000,1.2195
1622640890911000,0,17.38468000,1.2195
1622640890911000,0,957.49938000,1.2195
1622640890934000,0,17.38472000,1.2195
1622640890934000,0,17.38411000,1.2196
1622640890934000,0,690.78405000,1.2196
1622640921480000,1,205.10464000,1.2194
1622641014288000,0,17.38382000,1.2196
1622641014288000,0,1140.00000000,1.2196
1622641014288000,0,17.38324000,1.2197
1622641014288000,0,17.38295000,1.2197
1622641014288000,0,38.18514000,1.2197
1622641014311000,0,1017.38238000,1.2197
1622641014439000,1,1140.00000000,1.2196
1622641018444000,0,280.76280000,1.2197
1622641041569000,1,205.02222000,1.2192
1622641099318000,0,17.38238000,1.2198
1622641099318000,0,8.34763000,1.2198
1622641113653000,0,844.42999000,1.2198
1622641123961000,0,147.22238000,1.2198
1622641127212000,0,17.38209000,1.2198
1622641127212000,0,1212.69576000,1.2198
1622641127622000,0,17.38211000,1.2198
1622641127622000,0,17.38152000,1.2199
1622641127622000,0,17.38123000,1.2199
1622641127622000,0,282.32967000,1.2199
1622641128869000,1,2.42023000,1.2198
1622641129671000,1,600.00000000,1.2197
1622641157275000,0,517.49052000,1.2198
1622641161660000,1,205.04912000,1.2189
1622641243514000,0,17.38065000,1.2200
1622641243514000,0,17.38037000,1.2200
1622641243514000,0,1038.47424000,1.2200
1622641315629000,1,399.93999000,1.2192
1622641315760000,1,200.06001000,1.2192
1622641315866000,0,399.93999000,1.2192
1622641401874000,1,205.05249000,1.2190
1622641451317000,1,16.43930000,1.2190
1622641454747000,1,279.73063000,1.2190
1622641458342000,1,279.73063000,1.2190
1622641459225000,1,279.73063000,1.2190
1622641464625000,1,254.64028000,1.2190
1622641465043000,1,254.64028000,1.2190
1622641467842000,1,45.75025000,1.2190
1622641489450000,1,50.13976000,1.2191
1622641579350000,1,46.54408000,1.2191
1622641601275000,1,553.45592000,1.2191
1622641601345000,1,172.28167000,1.2191
1622641601345000,1,974.69328000,1.2191
1622641601345000,1,656.19565000,1.2190
1622641601396000,1,318.49763000,1.2190
1622641601396000,1,656.19565000,1.2189
1622641601453000,0,600.00000000,1.2190
1622641601468000,0,374.69328000,1.2190
1622641601468000,0,225.30672000,1.2191
1622641601656000,0,130.19018000,1.2191
1622641602757000,0,130.19018000,1.2191
1622641603894000,0,130.19018000,1.2191
1622641605010000,0,130.19018000,1.2191
1622641606063000,0,130.19018000,1.2191
1622641607163000,0,74.88754000,1.2191
1622641641914000,1,205.06931000,1.2190
1622641669925000,1,394.93069000,1.2190
1622641670072000,1,600.00000000,1.2189
1622641670072000,1,355.46134000,1.2189
1622641761981000,1,205.06931000,1.2190
1622641817040000,0,594.68639000,1.2194
1622641817129000,0,545.31361000,1.2194
1622641895408000,1,8196.92287000,1.2192
1622641895932000,1,600.00000000,1.2192
1622641895932000,1,7596.92287000,1.2192
1622641897092000,1,600.00000000,1.2192
1622641966869000,0,26.08130000,1.2193
1622642242475000,1,191.30999000,1.2192
1622642354333000,0,8194.16902000,1.2193
1622642354826000,0,8194.60549000,1.2193
1622642355413000,0,8194.60549000,1.2193
1622642364612000,0,8194.13545000,1.2193
1622642365148000,0,8194.13545000,1.2193
1622642381457000,0,8193.69904000,1.2193
1622642381978000,0,8193.69904000,1.2193
1622642402625000,0,974.45791000,1.2193
1622642409284000,0,8194.77337000,1.2193
1622642409882000,0,2437.21974000,1.2193
1622642409882000,0,14.70988000,1.2194
1622642592321000,1,42.80000000,1.2193
1622642687101000,0,1000.00000000,1.2197
1622642939221000,1,79.32598000,1.2196
1622642939437000,1,247.23528000,1.2196
1622642939632000,1,273.30202000,1.2195
1622642939673000,1,326.69798000,1.2195
1622642939673000,1,552.33986000,1.2194
1622642939762000,1,879.03784000,1.2194
1622642939782000,1,326.53463000,1.2195
1622642939860000,1,600.00000000,1.2194
1622642939860000,1,171.90803000,1.2194
1622642939860000,1,202.58194000,1.2194
1622642939874000,1,771.90803000,1.2194
1622642939874000,1,202.61114000,1.2194
1622642939896000,1,254.83284000,1.2194
1622642939900000,1,142.55602000,1.2194
1622642939900000,1,600.00000000,1.2193
1622642939900000,1,231.96315000,1.2193
1622642939954000,1,742.55602000,1.2193
1622642939954000,1,231.96315000,1.2192
1622642939958000,1,273.32863000,1.2192
1622642939974000,1,469.22739000,1.2192
1622642939974000,1,760.12462000,1.2192
1622642939987000,1,469.22739000,1.2192
1622642939987000,1,505.29177000,1.2191
1622642940017000,1,469.22740000,1.2191
1622642940017000,1,505.29176000,1.2190
1622642940068000,0,600.00000000,1.2191
1622642940074000,1,469.22741000,1.2190
1622642940082000,0,505.29176000,1.2190
1622642940082000,0,94.70824000,1.2191
1622642940089000,1,974.51917000,1.2189
1622642940089000,1,17.38037000,1.2189
1622642940089000,1,237.38698000,1.2189
1622642940126000,0,279.81093000,1.2191
1622642940144000,1,97.58553000,1.2192
1622642940150000,1,851.95555000,1.2192
1622642940214000,0,122.56362000,1.2189
1622642961103000,1,600.00000000,1.2190
1622642961117000,1,1229.28653000,1.2190
1622642961224000,1,1229.28653000,1.2190
1622642961224000,1,600.00000000,1.2189
1622642961224000,1,600.00000000,1.2189
1622642961224000,1,991.89955000,1.2189
1622642961224000,1,17.38065000,1.2189
1622642961224000,1,7288.60381000,1.2188
1622642961226000,1,991.90040000,1.2188
1622642961315000,0,600.00000000,1.2189
1622642961354000,1,150.99916000,1.2189
1622642961411000,1,600.00000000,1.2189
1622642961411000,1,374.51917000,1.2188
1622642961523000,0,840.90039000,1.2189
1622642961523000,0,27.02218000,1.2189
1622642963801000,0,143.77122000,1.2198
1622642965862000,1,370.45675000,1.2191
1622642965903000,1,858.82978000,1.2191
1622642965903000,1,369.84210000,1.2189
1622642985732000,1,144.17037000,1.2191
1622642985732000,1,62.77870000,1.2191
1622642988292000,1,163.50768000,1.2191
1622643001927000,1,136.57949000,1.2191
1622643008721000,1,234.59870000,1.2190
1622643012878000,1,371.17819000,1.2189
1622643012909000,1,228.82181000,1.2189
1622643012909000,1,1964.63361000,1.2189
1622643012990000,1,826.35651000,1.2189
1622643013256000,0,1626.69460000,1.2189
1622643024456000,1,372.87251000,1.2189
1622643034157000,1,478.38106000,1.2189
1622643034283000,1,8.19086000,1.2189
1622643034283000,1,364.68165000,1.2188
1622643040069000,1,516.25124000,1.2189
1622643040088000,1,713.03529000,1.2189
1622643040259000,0,516.25124000,1.2189
1622643112982000,0,298.88977000,1.2195
1622643113181000,0,237.05828000,1.2195
1622643133005000,1,204.62968000,1.2195
1622643202892000,0,205.02579000,1.2193
1622643215830000,0,29.92835000,1.2194
1622643273088000,1,250.53947000,1.2189
1622643273333000,1,1229.61403000,1.2189
1622643273346000,1,600.00000000,1.2189
1622643273413000,0,250.66481000,1.2189
1622643273414000,1,349.33519000,1.2189
1622643273414000,1,382.74095000,1.2189
1622643277275000,1,251.60413000,1.2189
1622643281430000,1,372.76596000,1.2189
1622643281466000,1,517.89398000,1.2189
1622643307122000,1,87.34996000,1.2189
1622643307122000,1,283.83648000,1.2188
1622643319340000,1,371.18644000,1.2189
1622643319347000,1,858.42759000,1.2189
1622643319347000,1,513.77583000,1.2189
1622643319385000,1,2441.18285000,1.2189
1622643339945000,1,158.16412000,1.2189
1622643340028000,1,373.01015000,1.2189
1622643340278000,1,304.47670000,1.2189
1622643358768000,1,393.96306000,1.2189
1622643358768000,1,959.01085000,1.2189
1622643358768000,1,83.46694000,1.2189
1622643358809000,1,2184.24889000,1.2189
1622643358892000,1,148.11828000,1.2189
1622643359086000,0,411.51170000,1.2189
1622643364362000,1,1080.21182000,1.2192
1622643398322000,0,1700.67275000,1.2193
1622643398322000,0,466.06966000,1.2193
1622643398322000,0,353.76500000,1.2193
1622643425917000,1,149.26111000,1.2192
1622643425917000,1,59.30068000,1.2190
1622643426951000,1,373.13237000,1.2192
1622643440704000,1,374.97530000,1.2192
1622643441296000,1,259.54449000,1.2192
1622643441497000,1,221.70985000,1.2192
1622643442215000,1,0.11092000,1.2192
1622643442215000,1,276.44894000,1.2192
1622643442314000,1,250.33286000,1.2192
1622643442548000,1,702.33978000,1.2192
1622643458369000,1,0.35135000,1.2192
1622643458369000,1,522.28620000,1.2192
1622643458749000,1,374.97530000,1.2192
1622643458764000,1,332.21143000,1.2192
1622643458764000,1,374.62170000,1.2189
1622643458875000,0,707.18673000,1.2192
1622643458880000,1,506.35817000,1.2192
1622643458966000,1,15.92803000,1.2192
1622643458966000,1,1207.90916000,1.2189
1622643464703000,1,374.97530000,1.2192
1622643485940000,1,208.56179000,1.2192
1622643488183000,1,645.61287000,1.2192
1622643488211000,1,0.32297000,1.2192
1622643488211000,1,298.54214000,1.2189
1622643488219000,1,301.45786000,1.2189
1622643488219000,1,298.54214000,1.2189
1622643488256000,1,1229.61403000,1.2189
1622643488476000,0,645.93584000,1.2192
1622643623082000,0,204.95685000,1.2197
1622643743142000,0,132.90999000,1.2196
1622643743158000,1,72.05864000,1.2196
1622643806103000,0,88.60666000,1.2196
1622643806103000,0,1017.12357000,1.2197
1622643806297000,0,388.55764000,1.2197
1622643806454000,0,942.77253000,1.2197
1622643863212000,0,204.96191000,1.2196
1622643901455000,0,535.69116000,1.2197
1622643927569000,0,536.19616000,1.2196
1622643943965000,1,204.97872000,1.2193
1622643943965000,1,133.39195000,1.2193
1622643971357000,0,21.11579000,1.2197
1622643986472000,1,204.96695000,1.2193
1622643986472000,1,7.28695000,1.2193
1622644011515000,0,1140.00000000,1.2196
1622644011515000,0,5170.83561000,1.2197
1622644012053000,0,1140.00000000,1.2196
1622644012053000,0,1140.00000000,1.2196
1622644028518000,0,1000.00000000,1.2197
1622644029580000,0,1000.00000000,1.2198
1622644030717000,0,1000.00000000,1.2198
1622644030717000,0,3000.00000000,1.2199
1622644030717000,0,17.38065000,1.2200
1622644030717000,0,17.38037000,1.2200
1622644030717000,0,974.55313000,1.2200
1622644032936000,1,600.00000000,1.2199
1622644033074000,0,400.00000000,1.2199
1622644093911000,1,600.00000000,1.2199
1622644093929000,1,1229.40239000,1.2197
1622644093946000,1,2999.68031000,1.2195
1622644094031000,1,303.00000000,1.2197
1622644094087000,1,297.00000000,1.2197
1622644094087000,1,1229.40239000,1.2197
1622644094087000,1,522.60159000,1.2195
1622644094088000,1,77.39841000,1.2195
1622644094088000,1,600.00000000,1.2195
1622644094088000,1,251.60159000,1.2195
1622644094088000,1,912.19289000,1.2195
1622644094107000,1,65.60791000,1.2195
1622644094160000,1,303.00000000,1.2192
1622644094160000,1,688.93260000,1.2192
1622644094213000,1,1360.07138000,1.2192
1622644094213000,1,912.19289000,1.2188
1622644094213000,1,929.00000000,1.2188
1622644094213000,1,17.38123000,1.2188
1622644094213000,1,974.55137000,1.2188
1622644094213000,1,17.38152000,1.2188
1622644094213000,1,1584.47758000,1.2188
1622644094243000,0,600.00000000,1.2195
1622644094311000,0,117.71243000,1.2195
1622644094499000,0,446.08205000,1.2195
1622644103275000,0,204.94175000,1.2198
1622644144156000,0,157.95464000,1.2197
1622644147640000,0,372.81161000,1.2197
1622644149618000,0,372.99722000,1.2197
1622644215260000,0,681.61365000,1.2197
1622644215260000,0,230.60000000,1.2198
1622644223464000,0,17.38152000,1.2199
1622644223464000,0,187.55181000,1.2199
1622644224383000,0,80.28574000,1.2199
1622644224618000,0,296.00676000,1.2199
1622644225032000,0,119.15297000,1.2199
1622644225032000,0,17.38123000,1.2199
1622644225032000,0,45.33460000,1.2200
1622644225337000,0,194.42746000,1.2200
1622644234309000,0,36.62023000,1.2200
1622644249030000,0,341.98572000,1.2200
1622644249431000,0,48.97762000,1.2200
1622644251149000,0,85.86202000,1.2200
1622644251605000,0,286.50278000,1.2200
1622644376998000,1,39.83680000,1.2192
1622644419685000,1,155.23459000,1.2192
1622644481455000,1,209.49159000,1.2192
1622644555274000,1,190.51879000,1.2192
1622644810870000,1,599.69999000,1.2192
1622645191722000,1,103.91121000,1.2196
1622645191831000,1,0.05199000,1.2196
1622645191831000,1,376.63474000,1.2195
1622645192086000,1,545.76797000,1.2196
1622645192107000,1,54.23203000,1.2196
1622645192107000,1,500.44795000,1.2195
1622645192155000,1,352.12325000,1.2195
1622645192256000,0,98.64356000,1.2195
1622645192264000,1,54.20491000,1.2195
1622645193314000,1,545.79509000,1.2195
1622645193327000,1,268.86855000,1.2194
1622645193329000,1,268.87406000,1.2194
1622645194413000,1,1229.20594000,1.2195
1622645194415000,1,376.68673000,1.2194
1622645194441000,1,223.31327000,1.2194
1622645194537000,0,24.64101000,1.2194
1622645203063000,1,376.68673000,1.2195
1622645203193000,1,552.70151000,1.2195
1622645203302000,1,275.17669000,1.2195
1622645203406000,0,162.78984000,1.2195
1622645214308000,1,544.77747000,1.2194
1622645214407000,1,684.49898000,1.2194
1622645214506000,1,235.74009000,1.2193
1622645214519000,1,170.29651000,1.2193
1622645214682000,0,544.77747000,1.2194
1622645219520000,1,1229.27645000,1.2194
1622645219543000,1,1229.26638000,1.2191
1622645219553000,1,1228.66181000,1.2191
1622645219597000,1,379.33014000,1.2191
1622645236269000,1,1229.27643000,1.2194
1622645236306000,1,0.00002000,1.2194
1622645236306000,1,379.33012000,1.2191
1622645243653000,0,204.98879000,1.2195
1622645244373000,1,379.33014000,1.2192
1622645246895000,1,2350.39032000,1.2192
1622645263308000,1,378.12401000,1.2193
1622645263310000,1,851.21289000,1.2193
1622645263310000,1,377.50934000,1.2192
1622645270445000,0,1140.00000000,1.2195
1622645273405000,1,378.12401000,1.2193
1622645273423000,1,221.87599000,1.2193
1622645273423000,1,377.82400000,1.2193
1622645277044000,1,378.12401000,1.2193
1622645277055000,1,221.87599000,1.2193
1622645277055000,1,48.55758000,1.2193
1622645277675000,1,86.28890000,1.2193
1622645280602000,0,115.19419000,1.2196
1622645280602000,0,348.38559000,1.2196
1622645280602000,0,103.96320000,1.2196
1622645280602000,0,1000.00000000,1.2196
1622645281097000,1,716.66642000,1.2193
1622645281107000,1,379.57229000,1.2192
1622645281111000,1,724.54396000,1.2192
1622645281189000,1,716.30808000,1.2192
1622645285462000,1,379.57229000,1.2193
1622645289187000,1,849.76461000,1.2193
1622645289187000,1,849.93626000,1.2191
1622645289187000,1,810.02393000,1.2190
1622645289228000,1,849.33972000,1.2190
1622645289230000,1,379.57229000,1.2190
1622645292075000,1,379.57229000,1.2193
1622645298749000,1,379.57229000,1.2193
1622645299063000,1,215.27410000,1.2193
1622645317416000,1,254.91822000,1.2193
1622645317416000,1,124.04928000,1.2191
1622645317445000,1,254.79076000,1.2191
1622645330993000,1,1229.33690000,1.2193
1622645344110000,1,378.96750000,1.2193
1622645344191000,1,850.36940000,1.2193
1622645344311000,0,117.17562000,1.2193
1622645345876000,1,854.80298000,1.2193
1622645346909000,1,257.35830000,1.2193
1622645346947000,1,257.22962000,1.2192
1622645347016000,0,276.52068000,1.2192
1622645347601000,0,854.84179000,1.2193
1622645377202000,1,378.96750000,1.2194
1622645385967000,0,348.44732000,1.2198
1622645410756000,1,379.81476000,1.2193
1622645488312000,1,374.52936000,1.2191
1622645495563000,0,39.66103000,1.2198
1622645496126000,0,79.33783000,1.2198
1622645557319000,1,380.54400000,1.2193
1622645571093000,1,237.62861000,1.2193
1622645613961000,1,338.96653000,1.2193
1622645614230000,1,39.70334000,1.2193
1622645649345000,1,209.49382000,1.2193
1622645684249000,1,22.91497000,1.2193
1622645684249000,1,186.94322000,1.2193
1622645711822000,1,383.48920000,1.2195
1622645714201000,1,383.48920000,1.2195
1622645717959000,1,461.97577000,1.2195
1622645718212000,1,549.72999000,1.2195
1622645718351000,1,679.22418000,1.2195
1622645718351000,1,4902.64134000,1.2195
1622645718767000,1,117.90551000,1.2195
1622645718832000,1,1240.06044000,1.2195
1622645718989000,1,119.85307000,1.2193
1622645718989000,1,256.53865000,1.2193
1622645720565000,1,537.59241000,1.2193
1622645720566000,1,132.08532000,1.2193
1622645723885000,1,205.03063000,1.2193
1622645726567000,1,97.95525000,1.2193
1622645726759000,1,0.04901000,1.2193
1622645726759000,1,154.46969000,1.2192
1622645727091000,1,445.53031000,1.2192
1622645727091000,1,409.27509000,1.2192
1622645727106000,1,15356.74021000,1.2192
1622645727301000,1,554.68251000,1.2192
1622645727350000,1,6804.46517000,1.2192
1622645727350000,1,1854.43759000,1.2192
1622645727434000,0,554.68251000,1.2192
1622645727457000,1,674.56876000,1.2193
1622645727457000,1,239.62715000,1.2191
1622645727471000,1,360.37285000,1.2191
1622645727471000,1,614.09440000,1.2191
1622645727484000,1,614.92522000,1.2191
1622645727484000,1,377.01342000,1.2190
1622645727486000,1,537.18249000,1.2190
1622645727486000,1,437.33520000,1.2190
1622645727590000,1,497.48052000,1.2190
1622645727754000,0,123.80576000,1.2191
1622645728055000,0,1105.21386000,1.2191
1622645734085000,1,132.08138000,1.2193
1622645738734000,0,1140.00000000,1.2194
1622645738734000,0,1140.00000000,1.2195
1622645741252000,0,1140.00000000,1.2194
1622645745790000,0,179.37275000,1.2195
1622645746959000,0,179.37275000,1.2194
1622645747081000,0,25.66292000,1.2194
1622645748830000,0,146.66872000,1.2195
1622645749965000,0,61.69670000,1.2195
1622645749965000,0,58.23074000,1.2195
1622645790151000,1,169.52485000,1.2194
1622645812336000,1,382.13753000,1.2194
1622645819527000,1,204.75400000,1.2194
1622645825115000,1,209.49170000,1.2194
1622645859282000,1,200.00000000,1.2195
1622645946627000,1,204.93839000,1.2195
1622645946627000,1,174.63390000,1.2194
1622645946691000,1,204.83592000,1.2194
1622645952158000,1,600.00000000,1.2195
1622645952158000,1,367.25344000,1.2194
1622645976861000,1,380.78770000,1.2194
1622645981761000,0,1000.00000000,1.2195
1622645985369000,0,204.93837000,1.2195
1622646001423000,0,1000.00000000,1.2197
1622646023631000,1,101.38279000,1.2194
1622646023631000,1,279.64893000,1.2194
1622646024470000,0,1000.00000000,1.2195
1622646058293000,1,379.20918000,1.2196
1622646058404000,1,556.66352000,1.2196
1622646058630000,1,292.87006000,1.2196
1622646058861000,0,707.12994000,1.2196
1622646058861000,0,556.66198000,1.2196
1622646059062000,1,379.20918000,1.2195
1622646074905000,1,1228.74276000,1.2196
1622646075046000,0,1228.74276000,1.2196
1622646075064000,0,644.07106000,1.2196
1622646075570000,0,1000.00000000,1.2196
1622646171039000,1,378.72611000,1.2194
1622646171255000,0,101.38275000,1.2195
1622646172077000,0,1000.00000000,1.2195
1622646288880000,1,204.94529000,1.2195
1622646288880000,1,172.57852000,1.2195
1622646289439000,0,1000.00000000,1.2195
1622646307634000,1,376.32911000,1.2195
1622646308008000,1,852.54954000,1.2195
1622646308008000,1,147.45046000,1.2195
1622646411731000,1,204.90525000,1.2193
1622646411731000,1,172.13977000,1.2193
1622646442404000,1,378.00381000,1.2194
1622646444565000,0,204.89722000,1.2198
1622646450999000,1,221.99619000,1.2194
1622646450999000,1,156.00762000,1.2193
1622646457495000,1,377.40400000,1.2194
1622646489916000,1,418.82886000,1.2193
1622646489939000,1,379.20918000,1.2193
1622646499434000,1,379.20918000,1.2193
1622646499467000,1,51.83282000,1.2193
1622646499467000,1,366.99604000,1.2193
1622646499533000,1,577.46298000,1.2193
1622646499601000,1,577.46298000,1.2193
1622646501901000,1,575.48311000,1.2193
1622646502127000,1,203.65110000,1.2193
1622646502357000,1,788.79360000,1.2193
1622646502357000,1,66.01178000,1.2193
1622646502538000,1,785.81688000,1.2193
1622646564511000,0,204.84188000,1.2198
1622646564631000,1,539.39631000,1.2193
1622646670633000,1,1228.98941000,1.2194
1622646670766000,1,303.00000000,1.2194
1622646670767000,1,925.98941000,1.2194
1622646670767000,1,48.44793000,1.2193
1622646670826000,1,551.55207000,1.2193
1622646670826000,1,677.58840000,1.2192
1622646670901000,1,551.55207000,1.2192
1622646670901000,1,422.91531000,1.2191
1622646670928000,1,551.52203000,1.2191
1622646670928000,1,303.00000000,1.2190
1622646670928000,1,119.92909000,1.2190
1622646670956000,1,854.53829000,1.2190
1622646670956000,1,137.29406000,1.2189
1622646671029000,0,123.15863000,1.2193
1622646671046000,0,476.84137000,1.2193
1622646684561000,1,20.33873000,1.2197
1622646684561000,1,790.81527000,1.2192
1622646684630000,0,202.61348000,1.2198
1622646721091000,0,25.66927000,1.2198
1622646804629000,0,204.94846000,1.2198
1622646812002000,0,157.02969000,1.2198
1622646814742000,0,135.59385000,1.2200
1622646815741000,0,143.76279000,1.2200
1622646817162000,0,153.72186000,1.2200
1622646818639000,0,153.71982000,1.2200
1622646820617000,0,163.50273000,1.2200
1622646822863000,0,173.56587000,1.2200
1622646822994000,0,152.07453000,1.2200
1622646824195000,0,59.65240000,1.2200
1622646824195000,0,40.34760000,1.2200
1622646831795000,0,17.37979000,1.2200
1622646831795000,0,17.37950000,1.2201
1622646831795000,0,17.37893000,1.2201
1622646833260000,0,132.72275000,1.2200
1622646834745000,0,132.72275000,1.2200
1622646836237000,0,118.61211000,1.2200
1622646837877000,0,128.47589000,1.2200
1622646935676000,0,1140.00000000,1.2200
1622646935676000,0,487.46650000,1.2200
1622646936500000,1,1000.00000000,1.2200
1622646936735000,0,403.37249000,1.2200
1622646951187000,0,1140.00000000,1.2200
1622646951293000,1,488.33661000,1.2200
1622646983337000,0,311.60236000,1.2200
1622646988712000,0,311.02670000,1.2200
1622647010898000,0,356.85185000,1.2200
1622647021609000,0,20.51909000,1.2200
1622647021609000,0,334.80452000,1.2201
1622647044694000,0,204.30112000,1.2201
1622647061764000,0,795.69888000,1.2201
1622647061764000,0,403.12120000,1.2201
1622647063460000,0,1000.00000000,1.2201
1622647164827000,0,17.37864000,1.2202
1622647164827000,0,17.37806000,1.2202
1622647164827000,0,17.37778000,1.2203
1622647164827000,0,17.37720000,1.2203
1622647164827000,0,17.37691000,1.2203
1622647164827000,0,117.95090000,1.2204
1622647178572000,0,1000.00000000,1.2202
1622647252225000,1,298.21270000,1.2203
1622647252618000,1,1000.00000000,1.2203
1622647257784000,1,298.43000000,1.2203
1622647284987000,0,17.37634000,1.2204
1622647284987000,0,17.37605000,1.2204
1622647284987000,0,17.37548000,1.2205
1622647284987000,0,17.37519000,1.2205
1622647284987000,0,17.37461000,1.2206
1622647284987000,0,117.65072000,1.2206
1622647321964000,0,97.66025000,1.2204
1622647405198000,0,204.73609000,1.2204
1622647451082000,1,82.23602000,1.2200
1622647451492000,1,1000.00000000,1.2200
1622647525141000,0,204.83949000,1.2204
1622647528306000,0,567.48000000,1.2203
1622647670702000,0,291.18299000,1.2203
1622647670702000,0,1140.00000000,1.2203
1622647670702000,0,318.81701000,1.2204
1622647704383000,0,104.21738000,1.2203
1622647705474000,0,104.21738000,1.2203
1622647758634000,0,197.25461000,1.2203
1622647765495000,0,204.85124000,1.2203
1622647885597000,0,203.52205000,1.2203
1622647920923000,0,185.93734000,1.2203
1622647944118000,0,106.10565000,1.2204
1622647952507000,0,25.62681000,1.2204
1622647958874000,0,106.79113000,1.2204
1622647960092000,0,106.79113000,1.2204
1622647961233000,0,106.79113000,1.2204
1622647990604000,0,547.89415000,1.2204
1622647990604000,0,20.49248000,1.2204
1622647990931000,0,0.00001000,1.2204
1622647990931000,0,617.29137000,1.2204
1622648005647000,0,205.11810000,1.2204
1622648081424000,0,794.88188000,1.2204
1622648081668000,0,0.00002000,1.2204
1622648081668000,0,80.31229000,1.2204
1622648081668000,0,17.37433000,1.2206
1622648081668000,0,659.77051000,1.2207
1622648245686000,0,204.78738000,1.2206
1622648485920000,0,205.15949000,1.2206
1622648504406000,0,108.15465000,1.2206
1622648505008000,1,173.38834000,1.2204
1622648506116000,0,108.15465000,1.2206
1622648506947000,1,32.41706000,1.2204
1622648506947000,1,967.58294000,1.2204
1622648507258000,0,108.15465000,1.2206
1622648509148000,0,108.15465000,1.2206
1622648510180000,0,108.15465000,1.2206
1622648511125000,1,82.16981000,1.2205
1622648511263000,1,292.24577000,1.2205
1622648511295000,1,245.64515000,1.2205
1622648512534000,1,551.33819000,1.2205
1622648513448000,1,82.18124000,1.2205
1622648513557000,0,49.27988000,1.2206
1622648513670000,1,259.34026000,1.2205
1622648513770000,1,600.00000000,1.2205
1622648513770000,1,1150.00000000,1.2205
1622648513853000,1,272.63183000,1.2205
1622648514702000,1,82.18124000,1.2205
1622648516760000,1,82.18124000,1.2205
1622648518969000,1,82.13777000,1.2205
1622648526748000,1,82.16195000,1.2201
1622648527069000,1,1000.00000000,1.2201
1622648528745000,1,82.16195000,1.2201
1622648532721000,1,82.16195000,1.2201
1622648534587000,1,82.16195000,1.2201
1622648537809000,1,82.16195000,1.2202
1622648539754000,1,82.24642000,1.2202
1622648539769000,1,205.58364000,1.2202
1622648540128000,1,1000.00000000,1.2202
1622648540945000,1,525.40416000,1.2202
1622648540999000,1,82.24642000,1.2202
1622648541085000,0,17.37375000,1.2207
1622648541085000,0,17.37346000,1.2207
1622648541085000,0,17.37289000,1.2208
1622648541085000,0,17.37260000,1.2208
1622648541085000,0,17.37203000,1.2208
1622648541085000,0,17.37174000,1.2209
1622648541085000,0,17.37116000,1.2209
1622648541085000,0,6.40666000,1.2210
1622648541106000,1,287.81709000,1.2202
1622648541290000,1,205.69366000,1.2202
1622648542334000,1,77.28653000,1.2202
1622648542543000,1,287.81709000,1.2202
1622648542764000,1,411.40010000,1.2202
1622648543726000,1,82.27121000,1.2202
1622648543924000,1,205.68547000,1.2202
1622648544145000,1,287.81709000,1.2202
1622648544324000,1,689.42446000,1.2202
1622648544480000,1,411.40010000,1.2202
1622648545707000,1,82.27121000,1.2202
1622648545875000,1,205.68547000,1.2202
1622648546090000,1,287.81709000,1.2202
1622648546276000,1,307.57897000,1.2202
1622648559196000,1,689.38090000,1.2202
1622648559561000,1,1000.00000000,1.2202
1622648561353000,1,23.94900000,1.2202
1622648568538000,1,168.93967000,1.2202
1622648615893000,0,25.62804000,1.2209
1622648624284000,0,302.46313000,1.2208
1622648676991000,1,295.34586000,1.2202
1622648677051000,1,295.07926000,1.2202
1622648677459000,1,1000.00000000,1.2202
1622648679330000,1,3224.77404000,1.2202
1622648679337000,1,371.99718000,1.2202
1622648679491000,1,1227.99334000,1.2201
1622648703825000,0,71.87763000,1.2208
1622648725856000,0,61.72556000,1.2208
1622648748263000,0,25.68618000,1.2207
1622648814432000,0,26.11510000,1.2206
1622648883224000,1,376.00261000,1.2203
1622648883348000,1,133.68839000,1.2202
1622648883348000,1,1094.37030000,1.2201
1622648884077000,1,600.00000000,1.2202
1622648884077000,1,133.68839000,1.2201
1622648884077000,1,600.00000000,1.2201
1622648884077000,1,621.16661000,1.2199
1622648886413000,1,283.51813000,1.2199
1622648891061000,0,133.68839000,1.2203
1622648891061000,0,179.08125000,1.2203
1622648891061000,0,1000.00000000,1.2203
1622648899847000,1,537.89091000,1.2201
1622648900199000,1,690.03206000,1.2201
1622648900484000,0,309.96794000,1.2200
1622649043806000,1,633.03059000,1.2199
1622649045181000,1,594.89238000,1.2199
1622649045458000,0,405.10762000,1.2199
1622649081682000,0,600.00000000,1.2204
1622649081682000,0,63.63479000,1.2204
1622649141580000,0,260.68318000,1.2204
1622649147724000,0,291.67189000,1.2204
1622649179669000,0,286.21942000,1.2204
1622649180458000,0,26.55712000,1.2204
1622649202380000,0,32.52740000,1.2204
1622649244503000,0,52.16594000,1.2204
1622649334240000,0,25.61993000,1.2204
1622649552416000,0,24.55512000,1.2204
1622649552416000,0,264.36637000,1.2206
1622649580050000,0,25.73279000,1.2206
1622649746306000,0,293.21615000,1.2206
1622649757987000,0,1140.00000000,1.2206
1622649757987000,0,1000.00000000,1.2206
1622649776382000,0,709.90084000,1.2206
1622649777215000,0,153.85467000,1.2207
1622649966228000,0,846.14531000,1.2207
1622650048833000,0,0.00002000,1.2207
1622650048833000,0,10.96422000,1.2210
1622650048833000,0,175.94195000,1.2210
1622650147107000,0,2044.87488000,1.2209
1622650351420000,0,534.23197000,1.2209
1622650367015000,0,72.80787000,1.2209
1622650478908000,0,248.89929000,1.2209
1622650487360000,0,1000.00000000,1.2209
1622650487360000,0,5680.05472000,1.2209
1622650487363000,0,1000.00000000,1.2209
1622650487383000,0,1046.07067000,1.2209
1622650487383000,0,927.19213000,1.2209
1622650487383000,0,1000.00000000,1.2209
1622650487383000,0,26.73720000,1.2210
1622650487404000,0,974.22623000,1.2210
1622650487493000,0,1927.19213000,1.2210
1622650487497000,0,71.84444000,1.2210
1622650487497000,0,17.37030000,1.2210
1622650487497000,0,17.37001000,1.2211
1622650487497000,0,884.98454000,1.2211
1622650487511000,0,89.24169000,1.2211
1622650487551000,0,17.36944000,1.2211
1622650487551000,0,17.36915000,1.2211
1622650487551000,0,956.83070000,1.2211
1622650487655000,0,17.36944000,1.2211
1622650487657000,0,974.20486000,1.2212
1622650501420000,0,17.36858000,1.2212
1622650501420000,0,17.36829000,1.2212
1622650501420000,0,939.46798000,1.2212
1622650502150000,0,799.25418000,1.2212
1622650502151000,0,200.74582000,1.2212
1622650637155000,0,974.19917000,1.2212
1622650640890000,0,999.99999000,1.2212
1622650642473000,0,0.00001000,1.2212
1622650642473000,0,17.36772000,1.2213
1622650642473000,0,8.39263000,1.2213
1622650775840000,0,102.24590000,1.2211
1622650775840000,0,35.28785000,1.2211
1622650809241000,0,115.49195000,1.2211
1622650814887000,0,884.50804000,1.2211
1622650939244000,0,0.00001000,1.2211
1622650939244000,0,25.66658000,1.2213
1622651002716000,0,27.01609000,1.2213
1622651072736000,0,1140.00000000,1.2213
1622651072838000,1,152.33635000,1.2213
1622651074592000,0,1139.99999000,1.2212
1622651074605000,0,0.00001000,1.2212
1622651074605000,0,37.50000000,1.2212
1622651074605000,0,1139.99998000,1.2212
1622651074723000,0,0.00002000,1.2212
1622651074723000,0,37.50000000,1.2212
1622651074723000,0,37.50000000,1.2213
1622651074723000,0,924.99997000,1.2213
1622651074768000,0,215.00003000,1.2213
1622651074823000,1,37.50000000,1.2213
1622651074928000,1,103.07078000,1.2213
1622651076967000,0,25.68119000,1.2213
1622651082786000,0,974.31880000,1.2213
1622651102029000,1,282.07365000,1.2213
1622651102145000,0,0.00001000,1.2213
1622651102145000,0,1139.99998000,1.2213
1622651102671000,1,539.85553000,1.2213
1622651104374000,0,460.14447000,1.2212
1622651104374000,0,2999.99998000,1.2212
1622651382145000,0,1000.00000000,1.2213
1622651382145000,0,370.46999000,1.2213
1622651386731000,0,999.99999000,1.2213
1622651403268000,0,1140.00000000,1.2213
1622651403923000,0,1140.00000000,1.2213
1622651403923000,0,1000.00000000,1.2213
1622651404107000,1,209.15572000,1.2213
1622651410736000,0,1139.99999000,1.2212
1622651416659000,0,0.00001000,1.2213
1622651416659000,0,0.00001000,1.2213
1622651416659000,0,933.21398000,1.2213
1622651416680000,0,41.00747000,1.2213
1622651416680000,0,892.21793000,1.2213
1622651420229000,0,933.16840000,1.2213
1622651463302000,0,66.83160000,1.2213
1622651463302000,0,107.78207000,1.2213
1622651463302000,0,8.97480000,1.2213
1622651463302000,0,595.11156000,1.2213
1622651478917000,0,921.65530000,1.2213
1622651480415000,0,78.34470000,1.2213
1622651480415000,0,17.39476000,1.2214
1622651480415000,0,17.36685000,1.2214
1622651480415000,0,425.71428000,1.2214
1622651487959000,1,51.90059000,1.2213
1622651487959000,1,152.56878000,1.2211
1622651578223000,0,1000.00000000,1.2214
1622651705985000,1,25.10000000,1.2211
1622651706441000,1,574.90000000,1.2211
1622651706441000,1,425.10000000,1.2210
1622651730840000,1,371.42186000,1.2210
1622651731259000,1,228.57814000,1.2210
1622651745402000,0,367.27356000,1.2210
1622651753616000,0,404.14828000,1.2210
1622651763176000,0,0.00002000,1.2210
1622651763176000,0,1139.99998000,1.2210
1622651764942000,0,1000.00000000,1.2210
1622651764942000,0,139.99999000,1.2213
1622651811533000,1,599.99998000,1.2210
1622651811956000,1,999.99999000,1.2209
1622651816467000,1,1340.56339000,1.2205
1622651819246000,0,0.00001000,1.2209
1622651819246000,0,1340.56997000,1.2213
1622651829188000,1,1108.76942000,1.2205
1622651829761000,1,1000.00000000,1.2205
1622651837701000,0,2108.76998000,1.2213
1622651885014000,0,1140.00000000,1.2212
1622651885014000,0,435.03539000,1.2212
1622651888742000,0,999.99999000,1.2212
1622651894411000,0,0.00001000,1.2212
1622651894411000,0,704.96458000,1.2212
1622651943133000,1,36.60004000,1.2208
1622651943494000,1,563.39996000,1.2208
1622651943494000,1,436.60004000,1.2208
1622652137775000,0,346.17914000,1.2213
1622652430532000,1,418.70408000,1.2209
1622652431449000,1,181.29592000,1.2209
1622652754175000,0,436.60000000,1.2209
1622652754196000,0,382.10408000,1.2209
1622652754196000,0,436.60000000,1.2213
1622652754196000,0,181.29592000,1.2213
1622652754199000,0,818.70408000,1.2213
1622652754199000,0,155.50334000,1.2214
1622652754210000,0,818.70408000,1.2214
1622652754210000,0,17.36657000,1.2214
1622652754210000,0,138.13677000,1.2214
1622652756816000,0,999.99999000,1.2213
1622652756824000,0,0.00001000,1.2213
1622652756824000,0,836.07063000,1.2214
1622652847612000,1,600.00000000,1.2209
1622652847612000,1,1315.43387000,1.2207
1622652848145000,1,229.86596000,1.2207
1622652848145000,1,370.13404000,1.2207
1622652848146000,1,1684.56612000,1.2207
1622652848198000,0,370.13403000,1.2209
1622652848298000,0,629.86597000,1.2209
1622652861941000,0,1139.99999000,1.2214
1622652862074000,0,974.21749000,1.2214
1622652862529000,1,1000.00000000,1.2214
1622652948745000,1,27.37556000,1.2214
1622652949115000,1,572.62444000,1.2214
1622652949115000,1,17.35623000,1.2214
1622652949115000,1,410.01933000,1.2214
1622653263973000,0,25.69034000,1.2214
1622653286746000,0,26.16249000,1.2214
1622653314570000,1,139.99998000,1.2214
1622653314570000,1,1139.99998000,1.2214
1622653314570000,1,600.00000000,1.2213
1622653315179000,1,600.00000000,1.2213
1622653381247000,1,260.85836000,1.2213
1622653381895000,1,425.68612000,1.2213
1622653460693000,0,21.57898000,1.2213
1622653517658000,0,192.84133000,1.2213
1622653623751000,0,359.89356000,1.2213
1622653623767000,0,0.00001000,1.2213
1622653623767000,0,2477.20725000,1.2214
1622653920530000,0,1140.00000000,1.2213
1622653920544000,0,1000.00000000,1.2214
1622653927961000,0,999.99999000,1.2212
1622653927970000,0,0.00001000,1.2212
1622653927970000,0,442.38531000,1.2214
1622653927972000,0,80.40469000,1.2214
1622653928101000,0,973.83750000,1.2214
1622653928107000,0,26.16250000,1.2214
1622653928107000,0,540.40683000,1.2214
1622653928116000,0,433.43068000,1.2214
1622653928116000,0,17.39390000,1.2215
1622653928116000,0,17.36599000,1.2215
1622653928116000,0,368.16722000,1.2215
1622654039231000,1,17.35566000,1.2215
1622654050045000,1,442.38530000,1.2214
1622654050045000,1,234.95617000,1.2214
1622654053304000,1,302.43700000,1.2211
1622654053305000,1,223.28761000,1.2211
1622654053666000,1,1000.00000000,1.2211
1622654259299000,1,104.71969000,1.2209
1622654660068000,0,1000.00000000,1.2211
1622654660193000,0,1140.00000000,1.2212
1622654660239000,0,88.66727000,1.2212
1622654660250000,0,974.30969000,1.2213
1622654660257000,0,551.41031000,1.2213
1622654660257000,0,677.10602000,1.2213
1622654660350000,1,1228.66727000,1.2213
1622654660461000,1,297.05273000,1.2213
1622654660461000,1,1140.00000000,1.2212
1622654685445000,0,25.74634000,1.2212
1622654734929000,1,600.00000000,1.2208
1622654737135000,0,258.03889000,1.2208
1622654747225000,1,600.00000000,1.2207
1622654868290000,1,164.23999000,1.2206
1622655159738000,0,104.20495000,1.2206
1622655160858000,0,104.20495000,1.2206
1622655161995000,0,104.20495000,1.2206
1622655163110000,0,104.20495000,1.2206
1622655164227000,0,21.85565000,1.2206
1622655164227000,0,78.14435000,1.2207
1622655166902000,0,106.02826000,1.2207
1622655168024000,0,106.02826000,1.2207
1622655169145000,0,106.02826000,1.2207
1622655170249000,0,106.02826000,1.2207
1622655171369000,0,106.02826000,1.2207
1622655172502000,0,106.02826000,1.2207
1622655173609000,0,106.02826000,1.2207
1622655174715000,0,106.02826000,1.2207
1622655175853000,0,73.62957000,1.2207
1622655525694000,1,215.78554000,1.2206
1622655525694000,1,157.07752000,1.2206
1622655525818000,1,215.77474000,1.2206
1622655526037000,1,491.48942000,1.2206
1622655528250000,0,409.89254000,1.2207
1622655569064000,1,204.80891000,1.2206
1622655626291000,1,820.83819000,1.2205
1622655689071000,1,204.82737000,1.2205
1622655790040000,0,25.66995000,1.2207
1622655809142000,1,204.82737000,1.2205
1622655813795000,0,25.72820000,1.2207
1622655863692000,0,153.40572000,1.2207
1622655863692000,0,590.10746000,1.2207
1622655863692000,0,1140.00000000,1.2207
1622655863692000,0,390.09136000,1.2208
1622655867319000,0,263.23382000,1.2208
1622655867335000,0,88.63593000,1.2208
1622655867335000,0,569.59816000,1.2210
1622655873005000,0,974.34764000,1.2211
1622655873028000,0,0.02130000,1.2211
1622655873028000,0,974.34765000,1.2211
1622655873028000,0,254.28825000,1.2211
1622655873055000,0,885.71175000,1.2211
1622655873055000,0,88.63589000,1.2212
1622655873078000,0,911.36411000,1.2212
1622655873078000,0,62.98353000,1.2212
1622655873100000,0,911.36412000,1.2212
1622655873100000,0,317.26288000,1.2213
1622655873458000,0,911.39433000,1.2213
1622655873458000,0,62.95331000,1.2213
1622655873491000,0,780.05968000,1.2213
1622655873535000,0,131.33466000,1.2213
1622655873535000,0,843.01298000,1.2214
1622655894944000,1,34.42139000,1.2210
1622655971778000,1,193.60739000,1.2210
1622655973987000,0,974.36894000,1.2210
1622655974054000,0,25.63106000,1.2210
1622655974054000,0,948.71659000,1.2211
1622656094423000,1,290.75468000,1.2209
1622656129755000,0,216.59249000,1.2210
1622656232664000,1,1000.49999000,1.2209
1622656316015000,1,2316.87787000,1.2209
1622656516903000,1,6720.06998000,1.2210
1622656520660000,1,4384.67335000,1.2210
1622656525438000,1,2203.37263000,1.2210
1622656683669000,0,52.21093000,1.2210
1622656830732000,1,600.00000000,1.2207
1622656830732000,1,974.36245000,1.2207
1622656830732000,1,974.36033000,1.2206
1622656831291000,1,600.00000000,1.2207
1622656831291000,1,600.00000000,1.2206
1622656861037000,1,974.36033000,1.2205
1622656861037000,1,913.54826000,1.2205
1622656881288000,1,974.36033000,1.2204
1622656881288000,1,17.36599000,1.2204
1622656881288000,1,600.00000000,1.2204
1622656881288000,1,17.36657000,1.2203
1622656881288000,1,6581.31777000,1.2203
1622656881894000,1,600.00000000,1.2204
1622656881894000,1,600.00000000,1.2203
1622656881894000,1,600.00000000,1.2203
1622656881894000,1,4153.05270000,1.2203
1622656881894000,1,17.36685000,1.2203
1622656881894000,1,974.36033000,1.2203
1622656882412000,1,600.00000000,1.2203
1622656910443000,1,17.36743000,1.2202
1622656910443000,1,17.36772000,1.2202
1622656910443000,1,974.36033000,1.2202
1622656910443000,1,17.36829000,1.2202
1622656910443000,1,17.36858000,1.2201
1622656910443000,1,974.36033000,1.2201
1622656933144000,0,974.36602000,1.2201
1622657091081000,1,17.36915000,1.2201
1622657091081000,1,11.34271000,1.2200
1622657398790000,1,25.76967000,1.2201
1622657478762000,1,574.23033000,1.2201
1622657478789000,1,974.32312000,1.2201
1622657478950000,1,600.00000000,1.2201
1622657478950000,1,430.14653000,1.2201
1622657522750000,1,6.02673000,1.2200
1622657522750000,1,17.37001000,1.2200
1622657522750000,1,17.37030000,1.2199
1622657522750000,1,5.87574000,1.2199
1622657589901000,0,446.28375000,1.2202
1622657590235000,0,430.14999000,1.2205
1622657593530000,0,446.28375000,1.2204
1622657593836000,1,446.28375000,1.2204
1622657603888000,0,446.48146000,1.2204
