timestamp ms,type,amount,price
1622851305584000,1,512.46999000,1.2151
1622851339805000,1,2994.29321000,1.2150
1622851340259000,1,5.70679000,1.2150
1622851340259000,1,970.62699000,1.2150
1622851340381000,1,5.70680000,1.2150
1622851340381000,1,17.41785000,1.2150
1622851340381000,1,278.42722000,1.2150
1622851340423000,1,321.57278000,1.2150
1622851749723000,0,921.51652000,1.2157
1622852150492000,1,196.77374000,1.2150
1622852152440000,1,196.77374000,1.2150
1622852153801000,1,196.77374000,1.2150
1622852155712000,1,196.77374000,1.2150
1622852156972000,1,196.77374000,1.2150
1622852158187000,1,196.77374000,1.2150
1622852159617000,1,204.95953000,1.2151
1622852676487000,0,584.68295000,1.2158
1622852680768000,0,290.86468000,1.2158
1622852995961000,0,191.49177000,1.2157
1622852996440000,0,190.60329000,1.2157
1622854676665000,1,205.84153000,1.2153
1622854696764000,1,258.51629000,1.2153
1622854916754000,1,205.45929000,1.2156
1622855156868000,1,205.37511000,1.2157
1622855740039000,1,694.36468000,1.2157
1622855751990000,1,363.80798000,1.2157
1622855783460000,1,284.01948000,1.2157
1622856837837000,1,205.89025000,1.2158
1622860619659000,1,17.41813000,1.2150
1622860619659000,1,17.41842000,1.2149
1622860619659000,1,65.16345000,1.2149
1622860762439000,1,107.68536000,1.2149
1622860763518000,1,107.68536000,1.2149
1622860764633000,1,107.68536000,1.2149
1622860765742000,1,107.68536000,1.2149
1622861051191000,1,214.57301000,1.2149
1622861281439000,1,117.41598000,1.2149
1622861282569000,1,117.41598000,1.2149
1622861283681000,1,117.41598000,1.2149
1622861599423000,1,285.42603000,1.2149
1622861600542000,1,285.42603000,1.2149
1622861601634000,1,285.42603000,1.2149
1622861602725000,1,285.42603000,1.2149
1622861603814000,1,285.42603000,1.2149
1622861604937000,1,233.81123000,1.2149
1622861606035000,1,191.53015000,1.2149
1622861607151000,1,156.87141000,1.2149
1622861608517000,1,156.87141000,1.2149
1622861867276000,1,1673.46772000,1.2149
1622861870374000,1,138.57033000,1.2149
1622861920014000,1,107.85764000,1.2149
1622861989830000,1,1646.04888000,1.2150
1622862044878000,1,938.24657000,1.2150
1622863599235000,1,938.33538000,1.2149
1622864713631000,1,106.19994000,1.2149
1622864714734000,1,106.19994000,1.2149
1622865125918000,1,251.17925000,1.2149
1622865639759000,1,293.94149000,1.2149
1622865640885000,1,240.82026000,1.2149
1622865642031000,1,197.29943000,1.2149
1622865652155000,1,181.79192000,1.2149
1622866465983000,1,1091.57729000,1.2149
1622866557116000,1,1766.13551000,1.2149
1622866805657000,1,1578.27372000,1.2149
1622866875748000,1,546.29940000,1.2149
1622867021472000,1,295.61822000,1.2150
1622867039481000,1,3108.00000000,1.2151
1622867281089000,1,205.14514000,1.2153
1622867349962000,1,134.05730000,1.2153
1622867401060000,1,205.06722000,1.2153
1622867461890000,1,272.40262000,1.2153
1622867521004000,1,156.63806000,1.2153
1622867886895000,1,733.07770000,1.2153
1622867886981000,1,178.84239000,1.2153
1622867926575000,1,2416.51481000,1.2153
1622868085242000,1,523.41854000,1.2149
1622868089449000,1,17.41900000,1.2149
1622868089449000,1,82.58100000,1.2148
1622868090632000,1,126.36475000,1.2148
1622868093447000,1,116.00436000,1.2148
1622868093706000,1,116.00436000,1.2148
1622868094831000,1,106.02663000,1.2148
1622868096145000,1,106.02663000,1.2148
1622868097510000,1,106.02663000,1.2148
1622868253265000,1,976.34179000,1.2148
1622868254428000,1,0.00531000,1.2148
1622868254428000,1,601.54896000,1.2147
1622868256769000,0,2999.99998000,1.2153
1622868321841000,0,2999.99999000,1.2154
1622868322106000,0,0.00001000,1.2154
1622868322106000,0,1234.67403000,1.2154
1622868322129000,0,0.00003000,1.2154
1622868322129000,0,307.99995000,1.2155
1622868322227000,0,0.00005000,1.2155
1622868322227000,0,606.95362000,1.2156
1622868322280000,0,627.72192000,1.2156
1622868322617000,0,467.84745000,1.2159
1622868322705000,1,1450.98019000,1.2156
1622868322912000,0,270.94069000,1.2154
1622868323044000,0,37.50000000,1.2154
1622868323294000,1,458.38598000,1.2154
1622868327166000,0,284.83306000,1.2154
1622868363716000,0,136.49000000,1.2154
1622868363716000,0,813.22154000,1.2154
1622868363871000,0,136.49002000,1.2154
1622868363871000,0,37.50000000,1.2155
1622868363871000,0,171.50997000,1.2156
1622868363999000,0,136.49003000,1.2156
1622868363999000,0,566.13321000,1.2156
1622868364016000,0,1234.54462000,1.2154
1622868364016000,0,0.13090000,1.2156
1622868364025000,0,668.41143000,1.2156
1622868364025000,0,959.17498000,1.2159
1622868364117000,1,136.49000000,1.2154
1622868364454000,0,630.91145000,1.2159
1622868364454000,0,37.50000000,1.2159
1622868364454000,0,234.58855000,1.2160
1622868364492000,0,668.41145000,1.2160
1622868364492000,0,17.41842000,1.2160
1622868364492000,0,17.41785000,1.2161
1622868364492000,0,17.41756000,1.2161
1622868364492000,0,17.41669000,1.2162
1622868364492000,0,17.41611000,1.2163
1622868364492000,0,17.41582000,1.2163
1622868364492000,0,111.72217000,1.2163
1622868364711000,1,640.88826000,1.2159
1622868364711000,1,200.37676000,1.2156
1622868398224000,0,52.33548000,1.2153
1622868433370000,0,902.99998000,1.2153
1622868433385000,0,279.29371000,1.2153
1622868433402000,0,308.00000000,1.2155
1622868433402000,0,926.54460000,1.2155
1622868433496000,1,902.99998000,1.2153
1622868943239000,1,324.53622000,1.2148
1622869335202000,1,241.69969000,1.2147
1622869335310000,1,616.85715000,1.2147
1622869342351000,1,17.42131000,1.2146
1622869342351000,1,788.44071000,1.2146
1622869415753000,1,187.92896000,1.2146
1622869415753000,1,33.63922000,1.2146
1622869695059000,1,17.42189000,1.2146
1622869695059000,1,582.57153000,1.2145
1622869959496000,1,372.64474000,1.2145
1622869959580000,1,426.62098000,1.2145
1622870043633000,1,177.13428000,1.2145
1622870162312000,1,205.65453000,1.2145
1622870282251000,1,205.50061000,1.2144
1622870473596000,1,412.09850000,1.2144
1622870642590000,1,206.05969000,1.2144
1622870762680000,1,17.42449000,1.2143
1622870762680000,1,188.19147000,1.2143
1622870811818000,1,788.23191000,1.2143
1622870812454000,1,0.00143000,1.2143
1622870812454000,1,205.72543000,1.2143
1622871384633000,1,204.61747000,1.2143
1622871744889000,1,292.84362000,1.2143
1622871750668000,1,113.86779000,1.2143
1622871752260000,1,113.86779000,1.2143
1622871753631000,1,101.48483000,1.2143
1622871755192000,1,101.48483000,1.2143
1622872060105000,1,240.29128000,1.2143
1622872549224000,1,210.63246000,1.2143
1622872640231000,1,755.81840000,1.2143
1622872642736000,1,17.42478000,1.2143
1622872642736000,1,17.42507000,1.2142
1622872642736000,1,17.42536000,1.2142
1622872642736000,1,319.27016000,1.2142
1622872773227000,1,711.55570000,1.2142
1622872773227000,1,657.18896000,1.2142
1622872805509000,1,17.42594000,1.2142
1622872817150000,1,17.42623000,1.2141
1622872829694000,1,606.56495000,1.2141
1622872833500000,1,333.52416000,1.2141
1622872836899000,1,828.88382000,1.2141
1622872863389000,1,205.80999000,1.2141
1622873106571000,1,284.88232000,1.2141
1622873106571000,1,976.48310000,1.2141
1622873106571000,1,17.42652000,1.2141
1622873106571000,1,17.42681000,1.2141
1622873106571000,1,745.99544000,1.2141
1622873114863000,0,164.55938000,1.2142
1622873145032000,1,870.88963000,1.2140
1622873160564000,0,105.59309000,1.2140
1622873160564000,0,149.54686000,1.2142
1622873239655000,1,123.01104000,1.2140
1622873239798000,1,7.00828000,1.2140
1622873239798000,1,17.42796000,1.2139
1622873239798000,1,52.55272000,1.2139
1622873265053000,0,116.62990000,1.2142
1622873711574000,1,976.52360000,1.2139
1622873724744000,1,671.39582000,1.2138
1622873741436000,1,976.52360000,1.2138
1622874004208000,1,373.70632000,1.2137
1622874004535000,1,61.19716000,1.2137
1622874049225000,1,541.66506000,1.2137
1622874147224000,1,600.00000000,1.2136
1622874147224000,1,976.56854000,1.2136
1622874147788000,1,600.00000000,1.2136
1622874400276000,1,131.20240000,1.2135
1622874400520000,1,131.20240000,1.2135
1622874634267000,1,559.25011000,1.2135
1622874663848000,1,206.00322000,1.2134
1622874682633000,0,79.44702000,1.2137
1622874692294000,0,126.43879000,1.2137
1622874692294000,0,0.67627000,1.2137
1622874783991000,1,31.84787000,1.2134
1622874783991000,1,174.28084000,1.2134
1622874843583000,0,412.92258000,1.2137
1622874844157000,0,186.40115000,1.2137
1622874941219000,1,976.64788000,1.2134
1622874971125000,0,33.62788000,1.2135
1622875435829000,1,17.43375000,1.2133
1622875435829000,1,17.43404000,1.2133
1622875435829000,1,976.67373000,1.2133
1622875436354000,1,17.43491000,1.2132
1622875624337000,1,206.01366000,1.2132
1622875744456000,1,206.06319000,1.2132
1622875778618000,1,215.58817000,1.2132
1622875778640000,1,349.00871000,1.2132
1622875864361000,1,205.73134000,1.2131
1622875986738000,1,254.05944000,1.2131
1622876372525000,1,976.73729000,1.2131
1622876472892000,1,840.53852000,1.2131
1622876711216000,1,976.74141000,1.2130
1622876711216000,1,17.43723000,1.2130
1622876761250000,1,17.43752000,1.2129
1622876766868000,1,17.43781000,1.2129
1622876766868000,1,976.74141000,1.2129
1622876766868000,1,17.43809000,1.2129
1622876767498000,1,17.43838000,1.2129
1622876767498000,1,17.43867000,1.2128
1622876776157000,1,17.43896000,1.2128
1622876776157000,1,220.03452000,1.2128
1622876777211000,1,108.68021000,1.2128
1622876833625000,1,17.43925000,1.2128
1622876833625000,1,17.43954000,1.2127
1622876833625000,1,65.12121000,1.2127
1622876960065000,1,17.43983000,1.2127
1622876960065000,1,959.39699000,1.2127
1622876960209000,1,17.44213000,1.2127
1622876960209000,1,17.44012000,1.2127
1622876960209000,1,17.44041000,1.2127
1622876960209000,1,565.11024000,1.2127
1622876960222000,1,34.88976000,1.2127
1622876960222000,1,17.44070000,1.2126
1622876960222000,1,786.12411000,1.2126
1622877805932000,0,120.66016000,1.2131
1622878770698000,1,26.76000000,1.2126
1622878894379000,0,206.10227000,1.2130
1622878894379000,0,600.00000000,1.2130
1622878894379000,0,65.12000000,1.2132
1622878894379000,0,63.55398000,1.2132
1622879345506000,1,206.05980000,1.2128
1622879465497000,1,206.05980000,1.2128
1622879555393000,0,530.55913000,1.2134
1622879556216000,0,69.44087000,1.2134
1622879556216000,0,502.51506000,1.2134
1622879657195000,1,8236.62214000,1.2130
1622879657716000,1,8236.62214000,1.2130
1622879657948000,1,1235.55512000,1.2130
1622879658317000,1,1673.02120000,1.2130
1622879658317000,1,1043.57681000,1.2130
1622879694354000,0,600.00000000,1.2132
1622879694379000,0,1235.55512000,1.2133
1622879694400000,0,644.14237000,1.2135
1622879694666000,0,591.23569000,1.2133
1622879695804000,0,385.17620000,1.2133
1622879696819000,0,249.41889000,1.2133
1622879699374000,0,542.40007000,1.2133
1622879699400000,0,58.55996000,1.2133
1622879699497000,1,534.16438000,1.2133
1622879767037000,0,731.52009000,1.2133
1622879918842000,0,10251.70000000,1.2133
1622879918965000,0,600.00000000,1.2134
1622879918965000,0,583.46197000,1.2134
1622879919086000,1,600.00000000,1.2134
1622879919163000,0,591.23569000,1.2134
1622879919169000,0,60.57390000,1.2134
1622879919169000,0,554.22159000,1.2134
1622879919341000,0,616.66546000,1.2134
1622879920074000,0,299.49379000,1.2134
1622879926275000,0,205.96470000,1.2134
1622879928309000,0,113.14761000,1.2134
1622879928453000,0,113.14761000,1.2134
1622879928507000,1,239.84975000,1.2134
1622879929147000,1,1098.76832000,1.2133
1622879934995000,0,290.06872000,1.2134
1622879942310000,0,368.63011000,1.2134
1622879973314000,1,1047.14345000,1.2132
1622880048101000,0,273.66109000,1.2134
1622880048782000,0,189.76403000,1.2134
1622880048782000,0,208.76651000,1.2134
1622880048823000,0,391.23349000,1.2134
1622880048823000,0,413.49530000,1.2135
1622880048831000,0,177.74039000,1.2135
1622880048831000,0,17.44041000,1.2137
1622880048831000,0,17.44012000,1.2138
1622880048831000,0,17.43954000,1.2138
1622880048831000,0,17.43925000,1.2139
1622880048831000,0,1811.28622000,1.2139
1622880048873000,1,189.76403000,1.2134
1622880048915000,0,250.29366000,1.2134
1622880049158000,0,201.46946000,1.2134
1622880049159000,0,340.94203000,1.2134
1622880206311000,1,262.08249000,1.2128
1622880206710000,1,194.91220000,1.2128
1622880245866000,1,206.03093000,1.2130
1622880366063000,1,206.09208000,1.2127
1622880963244000,1,8235.02465000,1.2131
1622880963790000,1,8235.02465000,1.2131
1622881055385000,0,979.51799000,1.2133
1622881100313000,0,227.36753000,1.2133
1622881114744000,1,1140.00000000,1.2128
1622881114860000,1,797.32429000,1.2126
1622881146156000,1,206.15326000,1.2128
1622881266258000,1,206.12266000,1.2129
1622881480014000,1,961.73228000,1.2127
1622881506606000,1,206.11909000,1.2126
1622881626549000,1,17.44099000,1.2126
1622881626549000,1,17.44128000,1.2126
1622881626549000,1,17.44157000,1.2125
1622881626549000,1,17.44186000,1.2125
1622881626549000,1,136.40286000,1.2125
1622881746678000,1,206.18556000,1.2125
1622881866902000,1,206.18556000,1.2125
1622881986895000,1,206.18556000,1.2125
1622882106972000,1,206.18556000,1.2125
1622882227150000,1,17.44215000,1.2125
1622882227150000,1,17.44244000,1.2124
1622882227150000,1,17.44273000,1.2124
1622882227150000,1,153.85823000,1.2124
1622882347230000,1,206.17783000,1.2124
1622882467369000,1,206.20256000,1.2124
1622883187897000,1,206.15157000,1.2127
1622883842067000,0,22.67988000,1.2133
1622883842661000,0,306.92500000,1.2133
1622883842662000,0,138.56512000,1.2133
1622883842662000,0,306.92500000,1.2134
1622883842662000,0,789.65568000,1.2134
1622883843045000,0,468.17000000,1.2133
1622884587207000,0,283.14345000,1.2131
1622884587343000,0,316.85655000,1.2131
1622884587359000,0,58.71715000,1.2131
1622884587359000,0,577.40591000,1.2131
1622884587661000,0,669.76353000,1.2131
1622884692421000,1,206.19042000,1.2125
1622885005939000,0,206.16999000,1.2132
1622885005939000,0,600.00000000,1.2132
1622885005939000,0,17.44273000,1.2135
1622885005939000,0,17.44215000,1.2136
1622885005939000,0,1235.47417000,1.2136
1622885005939000,0,17.44186000,1.2136
1622885005939000,0,17.44128000,1.2136
1622885005939000,0,17.44099000,1.2137
1622885005939000,0,653.82824000,1.2139
1622885072836000,0,151.85654000,1.2136
1622885470140000,1,205.54999000,1.2131
1622885710409000,1,170.83999000,1.2130
1622885718462000,1,206.03752000,1.2126
1622886412181000,0,276.45289000,1.2133
1622886412234000,0,276.45289000,1.2133
1622886412520000,0,545.82897000,1.2133
1622886412532000,0,136.69290000,1.2133
1622886412532000,0,139.75999000,1.2133
1622886412532000,0,958.84094000,1.2135
1622886412687000,0,1235.42765000,1.2133
1622886412687000,0,276.45289000,1.2135
1622886412687000,0,17.43867000,1.2139
1622886412687000,0,547.24307000,1.2139
1622886412696000,0,1493.25999000,1.2139
1622886417437000,0,239.74540000,1.2133
1622886583593000,1,976.95636000,1.2127
1622886583617000,1,163.04364000,1.2127
1622886583617000,1,2836.95636000,1.2127
1622886583736000,1,104.66247000,1.2127
1622886583748000,1,58.38117000,1.2127
1622886583748000,1,918.57519000,1.2127
1622886583765000,1,221.42481000,1.2127
1622886583765000,1,772.97631000,1.2124
1622886615622000,1,17.44302000,1.2124
1622886615622000,1,17.44331000,1.2124
1622886615622000,1,17.44360000,1.2123
1622886615622000,1,3000.00000000,1.2123
1622886615632000,0,1371.47822000,1.2123
1622886618477000,1,976.95290000,1.2123
1622886618490000,1,0.00346000,1.2123
1622886618490000,1,17.44389000,1.2123
1622886618490000,1,17.44418000,1.2123
1622886618490000,1,17.44447000,1.2122
1622886618490000,1,17.44476000,1.2122
1622886618490000,1,924.61786000,1.2122
1622886618501000,1,52.33850000,1.2122
1622886618501000,1,17.44505000,1.2122
1622886618501000,1,17.44534000,1.2121
1622886618501000,1,17.44563000,1.2121
1622886618501000,1,872.27458000,1.2121
1622886619482000,0,162.28000000,1.2130
1622886625338000,1,17.44592000,1.2121
1622886625338000,1,17.44621000,1.2121
1622886625338000,1,413.80040000,1.2120
1622886647439000,0,17.44621000,1.2131
1622886647439000,0,1218.22379000,1.2132
1622886657246000,0,17.44563000,1.2132
1622886657246000,0,17.44534000,1.2132
1622886667103000,1,259.26758000,1.2130
1622886686047000,1,1218.78790000,1.2123
1622886686205000,1,0.00577000,1.2123
1622886686205000,1,1094.24422000,1.2123
1622886702205000,0,1543.46880000,1.2133
1622886707524000,1,967.75999000,1.2121
1622886707901000,1,576.68294000,1.2121
1622886707997000,0,967.75900000,1.2121
1622886713396000,1,17.44650000,1.2120
1622886713396000,1,474.83349000,1.2120
1622886714984000,1,294.82483000,1.2120
1622886715036000,1,207.29804000,1.2120
1622886715062000,1,17.44679000,1.2120
1622886715062000,1,17.44708000,1.2120
1622886715062000,1,17.44737000,1.2119
1622886715062000,1,17.44766000,1.2119
1622886715062000,1,168.97732000,1.2119
1622886720372000,0,1160.44890000,1.2125
1622886724275000,1,356.27751000,1.2119
1622886724554000,1,58.48753000,1.2119
1622886729152000,1,393.21400000,1.2119
1622886729248000,1,17.44795000,1.2119
1622886729248000,1,17.44824000,1.2118
1622886729248000,1,17.44853000,1.2118
1622886729248000,1,924.61164000,1.2118
1622886729300000,1,52.34472000,1.2118
1622886729515000,0,924.61164000,1.2118
1622886730166000,0,75.34907000,1.2125
1622886730166000,0,39.00203000,1.2126
1622886730291000,0,395.51721000,1.2126
1622886734273000,0,96.69850000,1.2125
1622886739134000,0,2903.30150000,1.2125
1622886739134000,0,155.05249000,1.2125
1622886741644000,1,334.11014000,1.2123
1622886742813000,1,326.12740000,1.2123
1622886744020000,1,326.11716000,1.2123
1622886744442000,0,600.00000000,1.2129
1622886744442000,0,2980.83000000,1.2129
1622886744442000,0,17.44824000,1.2129
1622886744442000,0,17.44795000,1.2130
1622886744442000,0,17.44737000,1.2130
1622886744442000,0,17.44708000,1.2130
1622886744442000,0,17.44650000,1.2131
1622886744442000,0,17.44476000,1.2133
1622886744442000,0,17.44447000,1.2133
1622886744442000,0,17.44389000,1.2134
1622886744442000,0,17.44360000,1.2134
1622886744442000,0,17.44302000,1.2135
1622886744442000,0,1235.58813000,1.2136
1622886744442000,0,1235.50256000,1.2138
1622886744442000,0,1511.88052000,1.2139
1622886744442000,0,17.43838000,1.2140
1622886744442000,0,17.43781000,1.2140
1622886744442000,0,17.43752000,1.2140
1622886744442000,0,2471.34292000,1.2141
1622886745096000,0,373.50000000,1.2129
1622886745250000,1,283.37908000,1.2124
1622886746556000,1,401.38614000,1.2125
1622886747560000,1,391.56988000,1.2125
1622886749316000,1,391.56988000,1.2125
1622886750532000,1,50.91193000,1.2125
1622886750532000,1,49.08807000,1.2123
1622886752258000,1,370.24052000,1.2125
1622886757395000,1,111.10342000,1.2126
1622886757614000,1,250.34356000,1.2126
1622886758291000,1,361.90871000,1.2126
1622886761749000,1,361.62419000,1.2126
1622886764366000,1,1139.42998000,1.2126
1622886767881000,1,510.06673000,1.2124
1622886768806000,1,362.14770000,1.2124
1622886769630000,1,1723.45823000,1.2124
1622886769738000,1,914.39407000,1.2124
1622886769738000,1,321.03742000,1.2121
1622886769781000,1,976.94975000,1.2123
1622886769810000,1,163.05025000,1.2123
1622886769810000,1,914.40041000,1.2121
1622886769810000,1,999.16771000,1.2119
1622886790507000,1,1140.00000000,1.2121
1622886790507000,1,637.09992000,1.2121
1622886790528000,1,502.90008000,1.2121
1622886790594000,0,32.84100000,1.2121
1622886790619000,0,390.27607000,1.2121
1622886806370000,0,409.91702000,1.2121
1622886814875000,0,226.59111000,1.2121
1622886912942000,0,600.36187000,1.2128
1622886920562000,0,237.19509000,1.2128
1622886978601000,0,75.29525000,1.2127
1622886988416000,0,84.03427000,1.2128
1622887142921000,1,8236.25703000,1.2124
1622887143532000,1,8236.71635000,1.2124
1622887149204000,0,2373.35000000,1.2126
1622887149204000,0,44.29500000,1.2126
1622887149204000,0,336.61205000,1.2126
1622887151558000,0,207.09049000,1.2126
1622887162476000,0,53.49185000,1.2126
1622887207255000,0,271.16631000,1.2126
1622887271732000,0,367.07786000,1.2126
1622887271743000,0,796.83472000,1.2128
1622887271893000,1,98.29829000,1.2126
1622887281830000,0,100.61476000,1.2126
1622887328566000,0,442.55518000,1.2126
1622887333697000,0,125.79780000,1.2126
1622887333703000,0,133.73524000,1.2126
1622887333824000,0,224.13016000,1.2126
1622887345622000,0,208.60542000,1.2126
1622887345695000,1,575.41672000,1.2126
1622887540865000,0,414.32489000,1.2126
1622887541571000,0,185.67511000,1.2126
1622887541572000,0,164.59549000,1.2126
1622887541893000,0,350.29729000,1.2126
1622887547557000,0,100.60604000,1.2126
1622887769638000,1,3000.00000000,1.2120
1622887769638000,1,1140.00000000,1.2120
1622887769638000,1,308.00000000,1.2118
1622887769638000,1,17.44882000,1.2118
1622887769638000,1,17.44911000,1.2118
1622887769638000,1,17.44940000,1.2117
1622887769638000,1,977.19894000,1.2117
1622887769638000,1,17.44969000,1.2117
1622887769638000,1,17.44998000,1.2117
1622887769638000,1,17.45027000,1.2116
1622887769638000,1,903.00000000,1.2116
1622887769638000,1,977.19894000,1.2116
1622887769638000,1,1235.43390000,1.2115
1622887769638000,1,17.45317000,1.2113
1622887769638000,1,1235.36908000,1.2113
1622887769638000,1,17.45346000,1.2113
1622887769638000,1,625.96592000,1.2113
1622887769638000,1,17.45404000,1.2112
1622887769638000,1,17.45433000,1.2112
1622887769638000,1,17.45491000,1.2111
1622887769638000,1,2058.84765000,1.2111
1622887769638000,1,17.45520000,1.2111
1622887769638000,1,17.45578000,1.2111
1622887769638000,1,17.45607000,1.2110
1622887769638000,1,517.41535000,1.2110
1622887769638000,1,17.45665000,1.2110
1622887769638000,1,17.45694000,1.2109
1622887769638000,1,364.55060000,1.2109
1622887769638000,1,10000.00000000,1.2109
1622887769638000,1,17.45752000,1.2109
1622887769638000,1,17.45781000,1.2108
1622887769638000,1,17.45839000,1.2108
1622887769638000,1,1000.00000000,1.2108
1622887769638000,1,17.45868000,1.2108
1622887769638000,1,1000.00000000,1.2107
1622887769638000,1,1000.00000000,1.2107
1622887769638000,1,1000.00000000,1.2107
1622887769638000,1,17.45926000,1.2107
1622887769638000,1,1000.00000000,1.2107
1622887769638000,1,17.45955000,1.2107
1622887769638000,1,17.46013000,1.2106
1622887769638000,1,17.46042000,1.2106
1622887769638000,1,980.58220000,1.2104
1622887769638000,1,3108.00000000,1.2104
1622887769638000,1,1421.07123000,1.2103
1622887769638000,1,2470.91595000,1.2102
1622887769638000,1,2997.65000000,1.2100
1622887769638000,1,17.46652000,1.2100
1622887769638000,1,17.46710000,1.2099
1622887769638000,1,17.46739000,1.2099
1622887769638000,1,17.46798000,1.2098
1622887769638000,1,17.46827000,1.2098
1622887769638000,1,500.00000000,1.2097
1622887769638000,1,17.46885000,1.2097
1622887769638000,1,17.46914000,1.2097
1622887769638000,1,4118.38013000,1.2097
1622887769638000,1,17.46943000,1.2096
1622887769638000,1,17.46972000,1.2096
1622887769638000,1,17.47001000,1.2096
1622887769638000,1,17.47030000,1.2096
1622887769638000,1,17.47059000,1.2095
1622887769638000,1,17.47088000,1.2095
1622887769638000,1,17.47117000,1.2095
1622887769638000,1,17.47146000,1.2094
1622887769638000,1,17.47175000,1.2094
1622887769638000,1,17.47204000,1.2094
1622887769638000,1,17.47234000,1.2093
1622887769638000,1,17.47263000,1.2093
1622887769638000,1,17.47292000,1.2093
1622887769638000,1,17.47379000,1.2092
1622887769638000,1,8236.76025000,1.2091
1622887769638000,1,1000.00000000,1.2090
1622887769638000,1,3854.95600000,1.2087
1622887771010000,0,17.45520000,1.2122
1622887771010000,0,17.45491000,1.2122
1622887771010000,0,17.45433000,1.2123
1622887771010000,0,17.45404000,1.2123
1622887771010000,0,17.45346000,1.2124
1622887771010000,0,17.45317000,1.2124
1622887771010000,0,418.49351000,1.2127
1622887771308000,1,17.45665000,1.2121
1622887771401000,1,17.45694000,1.2121
1622887771605000,1,17.45752000,1.2121
1622887771693000,1,17.45781000,1.2121
1622887771798000,1,17.45839000,1.2121
1622887771893000,1,17.45868000,1.2121
1622887771996000,1,17.45926000,1.2121
1622887772109000,1,17.45955000,1.2121
1622887772210000,1,17.46013000,1.2121
1622887772326000,1,17.46042000,1.2121
1622887772433000,1,17.46652000,1.2121
1622887772558000,1,17.46710000,1.2121
1622887772767000,1,17.46739000,1.2121
1622887772861000,1,17.46798000,1.2121
1622887772952000,1,17.46827000,1.2121
1622887773059000,1,17.46885000,1.2121
1622887773203000,1,17.46914000,1.2121
1622887773406000,1,17.46972000,1.2121
1622887773486000,1,17.47001000,1.2121
1622887773665000,1,17.47059000,1.2121
1622887773844000,1,17.47088000,1.2121
1622887774003000,1,17.47146000,1.2121
1622887774087000,1,17.47175000,1.2121
1622887774249000,1,17.47234000,1.2121
1622887774344000,1,17.47263000,1.2121
1622887777154000,1,99.80029000,1.2121
1622887990489000,1,223.61039000,1.2118
1622887992137000,0,17.45607000,1.2121
1622887992137000,0,188.49587000,1.2121
1622888039905000,0,16.49135000,1.2122
1622888048358000,0,0.96443000,1.2122
1622888048358000,0,600.00000000,1.2122
1622888181216000,0,600.00000000,1.2124
1622888181216000,0,760.28458000,1.2127
1622888193605000,1,462.43576000,1.2122
1622888245218000,0,252.23176000,1.2127
1622888255561000,0,245.97794000,1.2127
1622888322878000,1,263.72403000,1.2123
1622888536342000,0,164.65241000,1.2127
1622888555896000,1,487.79623000,1.2119
1622888582097000,0,139.75409000,1.2122
1622888605986000,0,16.49054000,1.2122
1622888686724000,0,121.81199000,1.2122
1622888742721000,0,105.18425000,1.2122
1622888839561000,0,68.40790000,1.2122
1622888928625000,0,102.98961000,1.2122
1622888940251000,0,29.71539000,1.2122
1622889093954000,0,171.89086000,1.2122
1622890949111000,0,206.23829000,1.2123
1622890949111000,0,600.00000000,1.2123
1622890949111000,0,2776.15000000,1.2127
1622890949111000,0,17.44998000,1.2127
1622890949111000,0,17.44969000,1.2128
1622890949111000,0,17.44911000,1.2128
1622890949111000,0,1235.63138000,1.2129
1622890949111000,0,17.44882000,1.2129
1622890949111000,0,1235.57365000,1.2130
1622890949111000,0,17.47379000,1.2132
1622890949111000,0,17.47292000,1.2133
1622890949111000,0,17.47204000,1.2134
1622890949111000,0,2059.36439000,1.2134
1622890949111000,0,17.47117000,1.2135
1622890949111000,0,17.47030000,1.2135
1622890949111000,0,17.46943000,1.2136
1622890949111000,0,2059.17271000,1.2137
1622890949111000,0,980.58220000,1.2139
1622890949111000,0,17.43491000,1.2143
1622890949111000,0,17.43404000,1.2144
1622890949111000,0,509.45406000,1.2146
1622891172509000,1,206.22808000,1.2118
1622891292650000,1,206.30637000,1.2118
1622891492978000,0,206.23829000,1.2118
1622891492978000,0,206.23829000,1.2118
1622891652758000,1,206.30467000,1.2118
1622891772940000,1,206.31318000,1.2117
1622891892940000,1,206.31318000,1.2121
1622891993753000,1,557.50891000,1.2122
1622892013159000,1,206.24680000,1.2122
1622892077693000,1,1848.36411000,1.2122
1622892133055000,1,206.23999000,1.2122
1622892154595000,0,120.60820000,1.2126
1622892375401000,1,206.17706000,1.2123
1622892493250000,1,206.22298000,1.2123
1622892613285000,1,206.22468000,1.2122
1622892642088000,1,407.48532000,1.2122
1622892793382000,1,206.21618000,1.2124
1622893153525000,1,206.15496000,1.2127
1622893333529000,1,206.16006000,1.2126
1622893453635000,1,206.12937000,1.2123
1622893584996000,0,291.51926000,1.2126
1622893597091000,1,427.39999000,1.2123
1622893610060000,1,1140.00000000,1.2122
1622893616915000,0,43.51297000,1.2123
1622893616992000,0,600.00000000,1.2123
1622893617011000,0,592.52609000,1.2123
1622893617100000,0,1192.52608000,1.2124
1622893617101000,1,643.51297000,1.2123
1622893617143000,0,1006.20904000,1.2124
1622893617143000,0,205.68422000,1.2125
1622893617993000,0,599.99999000,1.2124
1622893894886000,0,600.00000000,1.2125
1622893894886000,0,87.37832000,1.2126
1622893900808000,0,582.44672000,1.2129
1622893960687000,0,104.83942000,1.2129
1622894009119000,0,27.22108000,1.2129
1622894108781000,1,152.11999000,1.2123
1622894117756000,1,246.28876000,1.2123
1622894337719000,0,16.48918000,1.2123
1622894683615000,1,248.67948000,1.2116
1622894773879000,1,206.21788000,1.2117
1622894813224000,1,936.21201000,1.2117
1622894830658000,1,1140.00000000,1.2119
1622894830696000,1,1140.00000000,1.2119
1622894830696000,1,1140.00000000,1.2119
1622894830696000,1,720.00000000,1.2118
1622894830707000,1,2280.00000000,1.2118
1622894830707000,1,2364.19999000,1.2114
1622894895802000,0,38.75751000,1.2122
1622894895802000,0,176.23232000,1.2122
1622895285189000,1,519.21773000,1.2119
1622895289146000,1,917.69052000,1.2120
1622895360677000,1,9921.69295000,1.2121
1622895617096000,1,415.78507000,1.2120
1622895671071000,0,504.42626000,1.2125
1622895721819000,1,940.48833000,1.2123
1622895780535000,1,302.13507000,1.2121
1622895843157000,0,95.57374000,1.2125
1622895843157000,0,404.42626000,1.2129
1622896454727000,1,105.64607000,1.2121
1622896558855000,1,1139.99999000,1.2121
1622896559132000,1,1140.00000000,1.2121
1622896559262000,0,600.00000000,1.2126
1622896559262000,0,3000.00000000,1.2126
1622896559262000,0,600.00000000,1.2127
1622896559262000,0,1235.25697000,1.2128
1622896559262000,0,1235.25697000,1.2131
1622896559262000,0,1458.83544000,1.2133
1622896574527000,1,207.37999000,1.2122
1622896587432000,1,1140.00000000,1.2124
1622896587445000,1,1140.00000000,1.2124
1622896587638000,1,2301.09498000,1.2123
1622896604362000,1,858.64204000,1.2122
1622896604379000,1,308.00000000,1.2120
1622896604379000,1,566.57625000,1.2120
1622896619358000,0,600.00000000,1.2127
1622896619358000,0,764.63820000,1.2127
1622896631686000,0,466.91369000,1.2127
1622896679336000,1,358.66542000,1.2126
1622896932683000,1,1139.99555000,1.2121
1622896932715000,1,0.00445000,1.2121
1622896932715000,1,1140.00000000,1.2121
1622896932715000,1,611.15265000,1.2121
1622896954044000,0,63.49111000,1.2126
1622897008191000,0,60.14433000,1.2124
1622897187269000,1,1140.00000000,1.2118
1622897187384000,1,961.14998000,1.2117
1622897296949000,0,1236.15205000,1.2121
1622897301680000,0,600.00000000,1.2121
1622897301692000,0,636.17941000,1.2121
1622897305629000,0,600.00000000,1.2120
1622897305650000,0,636.21003000,1.2121
1622897331494000,0,34.92695000,1.2120
1622897427312000,0,128.58020000,1.2120
1622897760628000,0,463.74000000,1.2120
1622897760921000,0,229.30328000,1.2120
1622899148001000,0,205.91094000,1.2125
1622899148001000,0,13.16996000,1.2125
1622899238553000,1,17.44534000,1.2121
1622899238553000,1,17.44563000,1.2121
1622899238553000,1,82.23145000,1.2121
1622899238703000,1,80.30515000,1.2121
1622899272513000,1,17.44215000,1.2125
1622899272513000,1,82.55785000,1.2124
1622899516737000,1,17.44273000,1.2124
1622899516737000,1,17.44302000,1.2124
1622899516737000,1,17.44360000,1.2123
1622899516737000,1,17.44389000,1.2123
1622899516737000,1,17.44447000,1.2122
1622899516737000,1,17.44476000,1.2122
1622899516737000,1,101.68752000,1.2121
1622900176960000,1,205.72999000,1.2121
1622900790980000,1,17.44621000,1.2121
1622900790980000,1,17.44650000,1.2120
1622900790980000,1,17.44708000,1.2120
1622900790980000,1,12.48563000,1.2119
1622901548193000,1,95.00000000,1.2120
1622901750752000,0,22.93250000,1.2125
1622901760103000,1,8237.44268000,1.2127
1622901760665000,1,8237.44268000,1.2127
1622901762498000,1,3165.89052000,1.2127
1622901762498000,1,1140.00000000,1.2127
1622901763066000,1,1140.00000000,1.2127
1622901854149000,1,17.44128000,1.2126
1622901855504000,1,17.44099000,1.2126
1622901861696000,1,17.44041000,1.2127
1622901928124000,1,17.44186000,1.2125
1622901928124000,1,280.55813000,1.2124
1622902020933000,1,1140.00000000,1.2121
1622903039199000,1,4.96174000,1.2119
1622903039199000,1,17.44795000,1.2119
1622903039199000,1,17.44824000,1.2118
1622903039199000,1,17.44882000,1.2118
1622903039199000,1,1082.69325000,1.2118
1622903039208000,1,1140.00000000,1.2118
1622903474224000,1,17.44911000,1.2118
1622903621799000,0,449.65000000,1.2121
1622904023406000,0,600.00000000,1.2125
1622904034223000,0,119.16353000,1.2120
1622904217425000,0,107.70733000,1.2120
1622904243827000,0,108.13948000,1.2120
1622904245009000,0,108.13948000,1.2120
1622904246615000,0,108.13948000,1.2120
1622904247838000,0,108.13948000,1.2120
1622904308785000,0,100.08103000,1.2120
1622904325572000,0,101.90977000,1.2120
1622904326743000,0,101.90977000,1.2120
1622904328257000,0,35.55253000,1.2120
1622904378141000,1,108.49039000,1.2120
1622904386457000,1,1690.24000000,1.2120
1622904387569000,1,515.52999000,1.2120
1622905049797000,0,215.92866000,1.2123
1622905280626000,1,935.10999000,1.2119
1622905280639000,1,204.89001000,1.2119
1622905280639000,1,935.10999000,1.2119
1622905280658000,1,948.77609000,1.2119
1622905280658000,1,837.75390000,1.2118
1622905280675000,1,308.00000000,1.2118
1622906859980000,1,813.44199000,1.2117
1622906860022000,1,326.55801000,1.2117
1622906860153000,1,1140.00000000,1.2117
1622906860153000,1,17.44969000,1.2117
1622907469034000,0,218.62134000,1.2122
1622908217523000,0,600.00000000,1.2123
1622908245646000,0,136.63338000,1.2127
1622908250712000,0,600.00000000,1.2120
1622908250712000,0,1304.14266000,1.2120
1622908261743000,0,80.06690000,1.2126
1622908319412000,0,2999.99000000,1.2124
1622908357898000,0,26.37589000,1.2127
1622908809291000,0,561.43649000,1.2124
1622909782913000,0,219.58719000,1.2127
1622909822357000,0,111.25216000,1.2120
1622909832034000,1,675.46796000,1.2117
1622909907082000,0,17.44012000,1.2123
1622911342321000,0,111.29806000,1.2124
1622911521154000,0,219.24750000,1.2123
1622911523743000,0,600.00000000,1.2127
1622911523758000,0,1599.46235000,1.2127
1622911523840000,0,964.75209000,1.2127
1622911525762000,0,295.20556000,1.2127
1622911525762000,0,449.33305000,1.2127
1622911598745000,0,150.66694000,1.2127
1622911598876000,0,0.00001000,1.2127
1622911598892000,0,1236.02638000,1.2128
1622911599050000,0,600.00000000,1.2127
1622911599050000,0,635.93901000,1.2128
1622911599097000,1,132.39498000,1.2127
1622911599099000,1,18.27196000,1.2127
1622911881513000,0,17.44969000,1.2128
1622911881513000,0,17.44911000,1.2128
1622911881513000,0,17.44882000,1.2129
1622911881513000,0,17.44824000,1.2129
1622911881513000,0,17.44795000,1.2130
1622911881513000,0,12.48563000,1.2130
1622911881513000,0,4.96174000,1.2130
1622911881513000,0,775.47452000,1.2130
1622911882154000,1,881.24914000,1.2119
1622911937628000,1,1139.99836000,1.2123
1622911937759000,1,0.00164000,1.2123
1622911937759000,1,635.88582000,1.2123
1622912681774000,1,1060.22999000,1.2120
1622913199197000,0,220.18339000,1.2126
1622913201606000,1,204.88999000,1.2120
1622913204652000,0,34.45967000,1.2126
1622913751282000,0,204.89000000,1.2126
1622913751282000,0,140.46694000,1.2126
1622913751380000,0,204.89000000,1.2126
1622913751380000,0,890.97510000,1.2128
1622913751546000,1,115.08252000,1.2126
1622913752651000,1,89.80748000,1.2126
1622913755808000,1,125.10652000,1.2126
1622913756929000,1,95.38200000,1.2126
1622914042254000,1,274.64998000,1.2121
1622914300870000,0,22.53761000,1.2129
1622914394536000,1,17.43954000,1.2127
1622914399290000,1,17.43925000,1.2128
1622914405487000,1,17.43867000,1.2128
1622914410108000,1,17.43838000,1.2129
1622916227986000,0,221.42631000,1.2128
1622916261742000,0,30.68369000,1.2128
1622916261742000,0,600.00000000,1.2128
1622916261742000,0,1236.08397000,1.2129
1622916261742000,0,663.08338000,1.2130
1622916575096000,0,17.43781000,1.2127
1622917970259000,0,417.34766000,1.2125
1622917970285000,0,182.65234000,1.2125
1622917970285000,0,33.30456000,1.2126
1622917970332000,0,1202.86906000,1.2126
1622917970417000,1,33.30455000,1.2126
1622917970417000,1,566.69545000,1.2125
1622917970504000,1,33.30454000,1.2125
1622917970507000,0,1236.17362000,1.2126
1622917970559000,1,100.00000000,1.2126
1622918009756000,1,1140.00000000,1.2120
1622918009777000,1,1140.00000000,1.2120
1622918118617000,1,17.44737000,1.2119
1622918118617000,1,17.44795000,1.2119
1622918118617000,1,297.83404000,1.2119
1622918123859000,0,400.90683000,1.2125
1622918148569000,1,357.47669000,1.2120
1622918148674000,1,782.52331000,1.2120
1622918148700000,1,1140.00000000,1.2120
1622918148808000,1,375.23209000,1.2120
1622918148808000,1,764.76791000,1.2120
1622918148808000,1,1860.00000000,1.2120
1622918154068000,1,357.17983000,1.2120
1622919073207000,0,220.27396000,1.2125
1622919571880000,0,220.20606000,1.2122
1622919612713000,0,358.26475000,1.2122
1622922327528000,0,600.00000000,1.2128
1622922327528000,0,859.75918000,1.2129
1622922337827000,0,219.31319000,1.2129
1622922933223000,1,940.48058000,1.2123
1622922937726000,1,940.51279000,1.2123
1622923109287000,0,600.00000000,1.2127
1622923162720000,0,217.41513000,1.2127
1622923522526000,1,120.17460000,1.2124
1622923536920000,0,17.06666000,1.2127
1622923536920000,0,201.23133000,1.2127
1622923995533000,0,291.69706000,1.2127
1622924345632000,0,219.01664000,1.2129
1622925060035000,0,17.44795000,1.2130
1622925060035000,0,17.44737000,1.2130
1622925060035000,0,17.44708000,1.2130
1622925060035000,0,17.44650000,1.2131
1622925060035000,0,17.44621000,1.2131
1622925060035000,0,531.31738000,1.2132
1622925060348000,0,18.55249000,1.2132
1622925060348000,0,17.44563000,1.2132
1622925060348000,0,17.44534000,1.2132
1622925060348000,0,600.00000000,1.2133
1622925060348000,0,17.44476000,1.2133
1622925060348000,0,17.44447000,1.2133
1622925060348000,0,966.91731000,1.2134
1622925060374000,0,299.00000000,1.2134
1622925060586000,1,122.85103000,1.2133
1622925060635000,0,600.00000000,1.2133
1622925060647000,0,299.00000000,1.2134
1622925060683000,0,90.33269000,1.2134
1622925060683000,0,600.00000000,1.2134
1622925060683000,0,17.44389000,1.2134
1622925060683000,0,299.00000000,1.2134
1622925060683000,0,17.44360000,1.2134
1622925060683000,0,17.44302000,1.2135
1622925060683000,0,211.53268000,1.2135
1622925060690000,0,369.11629000,1.2135
1622925061034000,1,1955.63547000,1.2133
1622925151378000,1,228.31232000,1.2133
1622925152541000,1,187.04532000,1.2133
1622925153668000,1,153.23725000,1.2133
1622925154790000,1,125.53992000,1.2133
1622925155911000,1,102.84883000,1.2133
1622925188250000,1,102.29644000,1.2133
1622925189531000,1,110.49012000,1.2133
1622925190620000,1,110.49012000,1.2133
1622925220829000,1,101.79349000,1.2134
1622925232379000,1,239.71038000,1.2134
1622925233791000,1,247.90406000,1.2134
1622925235072000,1,203.09213000,1.2134
1622925236149000,1,203.09213000,1.2134
1622925237232000,1,1.01557000,1.2134
1622925237232000,1,202.07656000,1.2134
1622925238333000,1,166.38055000,1.2134
1622925239427000,1,166.38055000,1.2134
1622925240533000,1,136.30507000,1.2134
1622925312013000,1,215.92133000,1.2134
1622925313136000,1,176.88754000,1.2134
1622925314392000,1,176.88754000,1.2134
1622925315513000,1,176.88754000,1.2134
1622925316616000,1,144.91019000,1.2134
1622925317730000,1,118.71364000,1.2134
1622925327820000,1,183.96632000,1.2134
1622925329344000,1,183.96632000,1.2134
1622925330517000,1,183.96632000,1.2134
1622925357054000,1,1000.60000000,1.2134
1622925384758000,0,206.34599000,1.2134
1622925960426000,1,833.00799000,1.2127
1622926139879000,1,2702.51998000,1.2127
1622926240507000,1,111.71315000,1.2130
1622926281479000,1,94.65488000,1.2130
1622927406581000,0,20.00000000,1.2130
1622927406581000,0,169.50337000,1.2131
1622927642991000,0,600.00000000,1.2132
1622927643007000,1,37.50000000,1.2132
1622927643010000,0,165.58882000,1.2132
1622927643209000,1,37.50000000,1.2132
1622927904279000,0,216.63121000,1.2134
1622928184649000,1,899.86630000,1.2126
1622928184649000,1,1159.61369000,1.2126
1622928239578000,1,226.93199000,1.2128
1622928243860000,1,787.18711000,1.2128
1622928541022000,1,714.67710000,1.2126
1622928553937000,1,833.84605000,1.2125
1622928554620000,1,920.21548000,1.2124
1622928555737000,1,434.23244000,1.2124
1622928555751000,1,372.34917000,1.2124
1622928561244000,0,145.26364000,1.2123
1622928570593000,1,152.44209000,1.2120
1622928588875000,0,213.33711000,1.2123
1622928591809000,0,33.43552000,1.2123
1622928648083000,1,17.44824000,1.2118
1622928648083000,1,17.44882000,1.2118
1622928648083000,1,17.44911000,1.2118
1622928648083000,1,17.44969000,1.2117
1622928648083000,1,17.44998000,1.2117
1622928648083000,1,202.37620000,1.2116
1622928800521000,1,279.89456000,1.2119
1622928800673000,1,38.10240000,1.2119
1622928861642000,1,500.33831000,1.2119
1622928871581000,0,600.00000000,1.2122
1622928871581000,0,17.67999000,1.2122
1622928880140000,1,446.81647000,1.2121
1622928880348000,1,788.65640000,1.2121
1622928880549000,1,0.39453000,1.2121
1622928880549000,1,1235.27591000,1.2119
1622928880760000,1,0.61816000,1.2119
1622928880760000,1,836.55191000,1.2119
1622928880959000,1,52.74495000,1.2117
1622928881050000,1,700.57057000,1.2117
1622928881050000,1,17.45056000,1.2116
1622928881050000,1,753.31552000,1.2116
1622928881050000,1,17.45085000,1.2116
1622928881050000,1,17.45114000,1.2115
1622928881050000,1,17.45143000,1.2115
1622928881050000,1,17.45172000,1.2115
1622928881050000,1,17.45201000,1.2114
1622928881104000,0,1898.94788000,1.2114
1622928881104000,0,789.05093000,1.2119
1622928881104000,0,575.60999000,1.2119
1622928881104000,0,282.58969000,1.2119
1622928881104000,0,1235.86740000,1.2121
1622928881671000,0,447.04000000,1.2121
1622928883497000,1,261.36072000,1.2119
1622928887100000,1,1235.80257000,1.2121
1622928887100000,1,974.53335000,1.2119
1622928887100000,1,7697.71238000,1.2114
1622928922076000,0,41.58982000,1.2123
1622928925831000,1,1000.00000000,1.2119
1622928986641000,1,110.78281000,1.2117
1622929154386000,0,41.56145000,1.2123
1622929353644000,1,5571.44997000,1.2118
1622929452197000,0,210.79622000,1.2122
1622929492508000,0,428.68814000,1.2122
1622929492651000,0,171.31186000,1.2122
1622929492651000,0,44.45621000,1.2122
1622929509557000,0,210.15351000,1.2121
1622929515086000,1,461.47428000,1.2115
1622929539292000,0,346.14125000,1.2121
1622929739549000,0,175.54694000,1.2121
1622929739566000,0,78.31181000,1.2121
1622929739566000,0,23.01000000,1.2121
1622929739566000,0,74.63605000,1.2126
1622929739647000,1,176.05536000,1.2121
1622929942104000,0,286.15452000,1.2126
1622930153999000,0,17.45172000,1.2126
1622930153999000,0,17.45143000,1.2126
1622930153999000,0,496.15583000,1.2126
1622930186989000,1,206.71999000,1.2124
1622931148226000,0,175.88567000,1.2126
1622931278964000,0,16.48483000,1.2126
1622931508335000,0,206.56835000,1.2125
1622931510261000,0,211.70562000,1.2125
1622931748481000,0,205.85469000,1.2124
1622932316136000,0,211.86980000,1.2124
1622932610829000,0,182.09219000,1.2124
1622932728892000,0,600.00000000,1.2125
1622932728892000,0,1189.37873000,1.2126
1622932729336000,0,600.00000000,1.2126
1622932729487000,1,282.96376000,1.2126
1622932729658000,0,589.37213000,1.2126
1622932729662000,0,1210.62127000,1.2126
1622932729816000,0,10.62787000,1.2126
1622932729816000,0,600.00000000,1.2126
1622932731157000,1,248.26418000,1.2127
1622932732266000,1,203.44528000,1.2127
1622932733373000,1,166.71749000,1.2127
1622932734497000,1,136.60355000,1.2127
1622932812923000,1,213.62900000,1.2127
1622932813824000,1,213.62900000,1.2127
1622932918440000,0,17.45085000,1.2127
1622932918440000,0,17.45056000,1.2127
1622932918556000,0,17.44998000,1.2127
1622932918556000,0,17.44969000,1.2128
1622932918556000,0,17.44911000,1.2128
1622932918556000,0,17.44882000,1.2129
1622932918556000,0,17.44824000,1.2129
1622932918556000,0,200.27022000,1.2131
1622932919781000,0,399.72978000,1.2131
1622932976951000,1,281.24992000,1.2126
1622932978039000,1,281.24992000,1.2126
1622932979128000,1,37.68817000,1.2126
1622932979128000,1,62.31183000,1.2126
1622932980258000,1,254.72441000,1.2126
1622932980258000,1,28.31148000,1.2126
1622933017544000,1,113.48492000,1.2125
1622933541035000,0,312.48394000,1.2129
1622933843311000,0,353.98753000,1.2131
1622934360509000,1,276.54487000,1.2129
1622934362037000,1,284.73668000,1.2129
1622934363163000,1,233.30941000,1.2129
1622934364258000,1,233.30941000,1.2129
1622934365358000,1,191.17061000,1.2129
1622934366463000,1,191.17061000,1.2129
1622934368004000,1,164.83443000,1.2129
1622934369126000,1,164.83443000,1.2129
1622935421986000,0,212.11944000,1.2131
1622935591556000,0,274.82258000,1.2131
1622935658981000,1,108.95334000,1.2130
1622935662971000,1,105.65885000,1.2130
1622935803260000,0,113.05798000,1.2131
1622938091018000,1,440.42340000,1.2131
1622939311704000,0,17.44273000,1.2135
1622939311704000,0,17.44215000,1.2136
1622939311704000,0,17.44186000,1.2136
1622939311704000,0,153.65375000,1.2136
1622939694753000,1,158.71999000,1.2136
1622939838256000,0,17.44128000,1.2136
1622939838256000,0,17.44099000,1.2137
1622939838256000,0,17.44041000,1.2137
1622939838256000,0,17.44012000,1.2138
1622939838256000,0,17.43954000,1.2138
1622939838256000,0,17.43925000,1.2139
1622939838256000,0,178.42718000,1.2139
1622940115429000,0,204.07113000,1.2137
1622940449130000,1,113.50681000,1.2134
1622940450317000,1,113.50681000,1.2134
1622940451412000,1,113.50681000,1.2134
1622941352344000,0,205.82126000,1.2135
1622941447885000,0,214.40076000,1.2136
1622941832513000,0,204.84670000,1.2136
1622941952638000,0,206.30128000,1.2136
1622942072580000,0,206.22684000,1.2136
1622942192632000,0,205.86201000,1.2136
1622942254167000,1,109.60903000,1.2133
1622942257869000,1,95.99279000,1.2133
1622942261291000,0,600.00000000,1.2136
1622942261291000,0,3000.00000000,1.2136
1622942261291000,0,17.43867000,1.2139
1622942261291000,0,17.43838000,1.2140
1622942261291000,0,17.43781000,1.2140
1622942261291000,0,1235.00250000,1.2143
1622942334981000,0,1235.14548000,1.2139
1622942334981000,0,302.85000000,1.2140
1622942334981000,0,1235.06594000,1.2140
1622942334981000,0,2649.28237000,1.2143
1622942443260000,0,622.28316000,1.2140
1622942501316000,0,498.13677000,1.2140
1622942509765000,0,114.64601000,1.2140
1622942509765000,0,38.77357000,1.2140
1622942509765000,0,265.56056000,1.2142
1622942598216000,1,227.82363000,1.2139
1622942607807000,0,600.00000000,1.2141
1622942607807000,0,1235.11503000,1.2143
1622942617554000,0,600.00000000,1.2143
1622942617554000,0,1235.11503000,1.2143
1622942617554000,0,494.19981000,1.2143
1622942617554000,0,1003.03248000,1.2143
1622942629145000,0,600.00000000,1.2141
1622942629145000,0,1235.09500000,1.2141
1622942629145000,0,140.68548000,1.2143
1622942636773000,0,600.00000000,1.2141
1622942636773000,0,276.58114000,1.2141
1622942693030000,0,600.00000000,1.2142
1622942693030000,0,18.31696000,1.2143
1622942696068000,1,241.55040000,1.2138
1622942700725000,0,250.12019000,1.2143
1622942708401000,0,156.68736000,1.2143
1622942716828000,0,58.75409000,1.2143
1622942814946000,0,31.08863000,1.2143
1622943036224000,0,204.88796000,1.2143
1622943085846000,0,56.10722000,1.2143
1622943153302000,0,205.88785000,1.2143
1622943171823000,1,121.48999000,1.2141
1622943320782000,1,8233.23474000,1.2142
1622943321344000,1,8233.23474000,1.2142
1622943321930000,1,2942.66650000,1.2142
1622943321930000,1,1140.00000000,1.2142
1622943322526000,1,1140.00000000,1.2142
1622943513459000,0,189.22600000,1.2142
1622943756622000,0,205.17228000,1.2142
1622944236885000,0,205.35233000,1.2142
1622944353755000,0,206.20817000,1.2142
1622944837073000,0,187.61976000,1.2145
1622944954158000,0,205.15375000,1.2145
1622945914419000,0,120.76681000,1.2145
1622945987583000,1,17.42276000,1.2145
1622945987583000,1,17.42305000,1.2145
1622945987583000,1,17.42334000,1.2144
1622947109377000,1,617.65385000,1.2139
1622952046457000,1,2060.03212000,1.2144
1622952046785000,1,1193.43999000,1.2144
1622952221049000,1,205.68999000,1.2144
1622953758262000,1,17.42912000,1.2138
1622953758262000,1,17.42999000,1.2137
1622953951380000,1,17.43057000,1.2137
1622953951380000,1,17.43086000,1.2136
1622953951380000,1,17.43144000,1.2136
1622954070694000,1,17.43173000,1.2135
1622954070694000,1,17.43230000,1.2135
1622954070694000,1,17.43259000,1.2135
1622954278209000,1,17.43288000,1.2134
1622954278209000,1,17.43317000,1.2134
1622954278209000,1,17.43346000,1.2134
1622954838633000,1,17.43404000,1.2133
1622954838633000,1,218.03010000,1.2133
1622954839747000,1,175.87940000,1.2133
1622954840854000,1,175.87940000,1.2133
1622954841951000,1,175.87940000,1.2133
1622954843751000,1,17.43433000,1.2133
1622954843751000,1,109.19304000,1.2133
1622955314763000,0,449.83638000,1.2133
1622955323001000,1,17.43462000,1.2132
1622955324587000,1,17.43491000,1.2132
1622955324886000,0,2530.38420000,1.2132
1622955603842000,1,17.43520000,1.2132
1622955603842000,1,17.43549000,1.2132
1622955603842000,1,17.43578000,1.2131
1622955603842000,1,17.43607000,1.2131
1622956321495000,1,17.43636000,1.2131
1622956321495000,1,17.43665000,1.2130
1622956321495000,1,17.43694000,1.2130
1622956321495000,1,461.58004000,1.2130
1622957057974000,1,1857.29712000,1.2131
1622957058183000,1,2062.47999000,1.2131
1622959185083000,1,904.03162000,1.2132
1622959203999000,1,3070.57670000,1.2133
1622959211066000,0,600.00000000,1.2137
1622959211066000,0,600.00000000,1.2137
1622959211066000,0,17.43694000,1.2141
1622959211066000,0,17.43665000,1.2141
1622959211066000,0,17.43607000,1.2142
1622959211066000,0,17.43578000,1.2142
1622959218996000,1,186.26061000,1.2134
1622959220154000,1,142.69897000,1.2134
1622959221318000,1,142.69897000,1.2134
1622959222759000,1,142.69897000,1.2134
1622959223602000,1,184.74563000,1.2134
1622959224724000,1,141.31159000,1.2134
1622959226599000,1,122.18403000,1.2134
1622959227682000,1,111.85282000,1.2134
1622959230430000,0,471.66000000,1.2143
1622959238168000,0,376.73000000,1.2143
1622959247928000,0,600.00000000,1.2141
1622959247928000,0,1185.65789000,1.2141
1622959258328000,0,600.00000000,1.2141
1622959258328000,0,167.75068000,1.2141
1622959260781000,1,3000.00000000,1.2132
1622959260803000,1,492.28220000,1.2132
1622959360202000,0,600.00000000,1.2138
1622959360202000,0,223.46331000,1.2138
1622959463440000,1,773.65998000,1.2132
1622959464694000,0,600.00000000,1.2136
1622959464694000,0,93.78306000,1.2137
1622959569208000,0,583.96272000,1.2136
1622959629182000,0,494.19625000,1.2136
1622959639433000,0,420.76791000,1.2136
1622959685188000,0,320.53231000,1.2136
1622959685188000,0,35.66567000,1.2136
1622959693604000,0,195.78679000,1.2136
1622959791751000,0,299.19842000,1.2135
1622959802049000,0,390.10819000,1.2135
1622959851608000,0,40.14925000,1.2135
1622959857498000,0,130.97285000,1.2135
1622959915497000,0,110.50041000,1.2135
1622959976187000,0,99.76856000,1.2136
1622959976187000,0,7.34237000,1.2136
1622960072252000,0,31.46326000,1.2136
1622960140640000,0,41.97594000,1.2137
1622960918373000,1,410.77999000,1.2131
1622961268545000,1,489.92999000,1.2133
1622961276755000,1,1126.33999000,1.2133
1622961404252000,1,206.19999000,1.2133
1622961524371000,1,206.00999000,1.2133
1622961764562000,1,206.30999000,1.2132
1622961884656000,1,205.98999000,1.2132
1622962965469000,0,205.84769000,1.2133
1622963205567000,1,206.05999000,1.2133
1622963445994000,1,205.85999000,1.2134
1622963565803000,1,205.95999000,1.2133
1622963801785000,1,8236.73211000,1.2133
1622963802350000,1,7088.33800000,1.2133
1622964342257000,0,218.64051000,1.2133
1622966358080000,1,17.43752000,1.2129
1622966358080000,1,17.43781000,1.2129
1622966358080000,1,322.95109000,1.2129
1622967281632000,1,1045.68695000,1.2131
1622967281752000,1,1045.68695000,1.2129
1622967281752000,1,1954.31305000,1.2129
1622968309306000,1,206.86448000,1.2131
1622968429415000,1,205.48553000,1.2130
1622969030433000,1,205.48291000,1.2130
1622969123512000,0,237.55398000,1.2135
1622969123518000,0,220.00723000,1.2135
1622969150418000,0,181.87882000,1.2137
1622969439402000,1,205.99486000,1.2134
1622969442936000,1,1036.25524000,1.2133
1622976048063000,0,17.43781000,1.2140
1622976048063000,0,17.43752000,1.2140
1622976048063000,0,442.82689000,1.2142
1622976347237000,0,17.43520000,1.2143
1622976347237000,0,17.43491000,1.2143
1622976347237000,0,539.99786000,1.2143
1622977245821000,1,17.42565000,1.2142
1622977245821000,1,17.42710000,1.2140
1622977245821000,1,17.42739000,1.2140
1622977245821000,1,17.42768000,1.2140
1622977245821000,1,17.42825000,1.2139
1622977410658000,1,17.42883000,1.2139
1622977410658000,1,17.42970000,1.2138
1622977616102000,0,600.00000000,1.2139
1622977616102000,0,2347.04553000,1.2144
1622977647913000,0,17.42420000,1.2142
1622980715431000,0,2053.24000000,1.2143
1622980715489000,0,600.00000000,1.2143
1622981674403000,1,754.53720000,1.2136
1622981674426000,1,754.53720000,1.2136
1622981674438000,1,3000.00000000,1.2136
1622982895411000,0,205.77933000,1.2139
1622983800510000,0,16.47378000,1.2140
1622983830795000,0,188.94814000,1.2141
1622983830795000,0,600.00000000,1.2141
1622983830795000,0,2794.22000000,1.2142
1622983830795000,0,1234.92007000,1.2142
1622983830795000,0,1234.83827000,1.2144
1622983830795000,0,17.43433000,1.2144
1622983830795000,0,17.43404000,1.2144
1622983830795000,0,17.43346000,1.2145
1622983830795000,0,17.43317000,1.2145
1622983830795000,0,17.43259000,1.2146
1622983830795000,0,17.43230000,1.2146
1622983830795000,0,142.70320000,1.2146
1622983830795000,0,17.43173000,1.2146
1622983830795000,0,17.43144000,1.2147
1622983830795000,0,2058.18013000,1.2147
1622983830795000,0,17.43086000,1.2147
1622983830795000,0,977.27835000,1.2147
1622983830795000,0,17.43057000,1.2148
1622983830795000,0,977.27835000,1.2148
1622983830795000,0,17.42999000,1.2148
1622983830795000,0,17.42970000,1.2148
1622983830795000,0,977.27835000,1.2148
1622983830795000,0,1000.00000000,1.2149
1622983830795000,0,977.27835000,1.2149
1622983830795000,0,17.42912000,1.2149
1622983830795000,0,17.42883000,1.2149
1622983830795000,0,977.27835000,1.2149
1622983830795000,0,17.42825000,1.2150
1622983830795000,0,977.27835000,1.2150
1622983830795000,0,17.42796000,1.2150
1622983830795000,0,2058.52287000,1.2150
1622983830795000,0,977.27835000,1.2150
1622983830795000,0,17.42739000,1.2151
1622983830795000,0,977.27835000,1.2151
1622983830795000,0,17.42710000,1.2151
1622983830795000,0,977.27835000,1.2151
1622983830795000,0,17.42652000,1.2152
1622983830795000,0,977.27835000,1.2152
1622983830795000,0,17.42623000,1.2152
1622983830795000,0,977.27835000,1.2152
1622983830795000,0,17.42565000,1.2153
1622983830795000,0,17.42536000,1.2153
1622983830795000,0,977.27835000,1.2153
1622983830795000,0,977.27835000,1.2153
1622983830795000,0,17.42478000,1.2154
1622983830795000,0,17.42449000,1.2154
1622983830795000,0,977.27835000,1.2154
1622983830795000,0,17.45201000,1.2154
1622983830795000,0,977.27835000,1.2154
1622983830795000,0,977.27835000,1.2155
1622983830795000,0,17.45114000,1.2155
1622983830795000,0,17.42305000,1.2155
1622983830795000,0,977.27835000,1.2155
1622983830795000,0,17.42276000,1.2156
1622983830795000,0,115.17165000,1.2156
1622983830795000,0,901.26525000,1.2156
1622983852216000,0,17.41756000,1.2142
1622983856913000,0,17.41727000,1.2142
1622983861614000,0,17.41698000,1.2142
1622983866319000,0,17.41669000,1.2142
1622983872538000,0,17.41611000,1.2142
1622983877275000,0,17.41582000,1.2142
1622983968498000,1,17.42652000,1.2141
1622983973300000,1,17.42623000,1.2141
1622983974023000,1,17.42710000,1.2140
1622983974023000,1,17.42739000,1.2140
1622983976546000,1,17.42796000,1.2139
1622983976546000,1,17.42825000,1.2139
1622983976546000,1,170.89378000,1.2139
1622983979360000,0,17.42565000,1.2141
1622983984078000,0,17.42536000,1.2141
1622983986447000,1,17.42883000,1.2139
1622983986447000,1,872.64517000,1.2138
1622984096696000,1,17.42912000,1.2138
1622984096696000,1,17.42970000,1.2138
1622984096696000,1,17.42999000,1.2137
1622984096696000,1,17.43057000,1.2137
1622984096696000,1,17.43086000,1.2136
1622984096696000,1,118.67975000,1.2136
1622984216765000,1,17.43144000,1.2136
1622984216765000,1,188.69142000,1.2136
1622985120704000,1,17.43173000,1.2135
1622985120704000,1,17.43230000,1.2135
1622985120704000,1,17.43259000,1.2135
1622985120704000,1,47.70338000,1.2134
1622987190592000,1,17.43317000,1.2134
1622987190592000,1,17.43346000,1.2134
1622987190592000,1,201.63704000,1.2134
1622987603125000,1,6575.96484000,1.2134
1622988216390000,1,17.43404000,1.2133
1622988216390000,1,423.38595000,1.2133
1622988327227000,1,574.10000000,1.2133
1622988327326000,1,282.04505000,1.2133
1622988958267000,1,205.62252000,1.2133
1622989198499000,1,206.16211000,1.2133
1622989318550000,1,206.22803000,1.2133
1622989438599000,1,206.05990000,1.2135
1622989558530000,1,206.10851000,1.2133
1622989678712000,1,206.07287000,1.2133
1622989703875000,1,8427.65659000,1.2133
1622989918638000,1,205.72298000,1.2134
1622990038846000,1,205.69555000,1.2135
1622990158983000,1,206.45276000,1.2134
1622990399053000,1,205.72146000,1.2134
1622990538921000,0,92.46000000,1.2135
1622990538921000,0,600.00000000,1.2137
1622990538921000,0,790.89187000,1.2138
1622990639141000,1,206.30294000,1.2133
1622990834484000,1,206.21039000,1.2133
1622990879281000,1,205.98847000,1.2133
1622991094136000,1,17.43433000,1.2133
1622991094136000,1,17.43491000,1.2132
1622991094136000,1,273.09075000,1.2132
1622991111665000,1,3000.00000000,1.2132
1622991111673000,1,703.94004000,1.2132
1622991111833000,1,17.43520000,1.2132
1622991111833000,1,17.43578000,1.2131
1622991111833000,1,17.43607000,1.2131
1622991111833000,1,862.92289000,1.2131
1622991121978000,1,114.10790000,1.2131
1622991121994000,1,17.43665000,1.2130
1622991121994000,1,2982.56335000,1.2130
1622991122014000,1,17.43665000,1.2130
1622991122014000,1,17.43694000,1.2130
1622991122014000,1,942.15720000,1.2130
1622991122022000,1,34.87359000,1.2130
1622991122022000,1,565.12641000,1.2130
1622991135219000,1,17.43752000,1.2129
1622991135219000,1,17.43781000,1.2129
1622991135219000,1,378.72612000,1.2129
1622991135219000,1,238.71082000,1.2129
1622991832467000,1,792.13834000,1.2135
1622991832577000,1,1234.78397000,1.2133
1622991832577000,1,0.13687000,1.2132
1622991832592000,1,1234.78397000,1.2132
1622991832592000,1,1800.20423000,1.2129
1622991832595000,1,257.64959000,1.2129
1622991832595000,1,719.48479000,1.2129
1622991832616000,0,792.13834000,1.2133
1622991832679000,0,442.64563000,1.2133
1622991844039000,1,1234.92084000,1.2132
1622991844063000,1,600.00000000,1.2131
1622991844079000,1,1234.78397000,1.2131
1622991844151000,1,2057.85382000,1.2129
1622991844167000,0,442.64561000,1.2129
1622991844168000,1,792.27523000,1.2132
1622991844168000,1,17.43838000,1.2129
1622991844168000,1,17.43867000,1.2128
1622991844168000,1,149.98210000,1.2128
1622991844201000,1,600.00000000,1.2131
1622991844201000,1,377.13438000,1.2128
1622995648937000,0,17.43867000,1.2139
1622995648937000,0,17.43838000,1.2140
1622995648937000,0,17.43781000,1.2140
1622995648937000,0,1997.92312000,1.2140
1622995740326000,0,205.91746000,1.2139
1622995798965000,0,26.00705000,1.2139
1622995860465000,0,205.93127000,1.2139
1622995905342000,0,29.06248000,1.2139
1622999596481000,0,56.94000000,1.2136
1622999727561000,0,17.43752000,1.2140
1622999727561000,0,17.43694000,1.2141
1622999727561000,0,17.43665000,1.2141
1622999773148000,0,17.43607000,1.2142
1622999773148000,0,17.43578000,1.2142
1622999773148000,0,17.43520000,1.2143
1622999804820000,0,17.43491000,1.2143
1622999804820000,0,17.43433000,1.2144
1622999804820000,0,17.43404000,1.2144
1622999935148000,0,17.43346000,1.2145
1622999935148000,0,17.43317000,1.2145
1622999935148000,0,17.43259000,1.2146
1622999939897000,1,824.46941000,1.2145
1622999941156000,1,824.46941000,1.2144
1622999942105000,1,824.46941000,1.2145
1622999958356000,1,17.42363000,1.2144
1622999963529000,1,17.42392000,1.2144
1622999990530000,0,17.42305000,1.2143
1623000458441000,0,17.43230000,1.2146
1623000458441000,0,17.43173000,1.2146
1623000458441000,0,17.43144000,1.2147
1623000504481000,1,821.51166000,1.2146
1623000667514000,1,17.42102000,1.2147
1623000668147000,1,17.42160000,1.2146
1623000746949000,1,17.42218000,1.2145
1623000843151000,1,17.42247000,1.2145
1623000843151000,1,17.42276000,1.2145
1623001299263000,1,17.42449000,1.2143
1623001299263000,1,394.61871000,1.2143
1623001895425000,0,33.63886000,1.2147
1623002104757000,1,17.42478000,1.2143
1623002104757000,1,279.57521000,1.2142
1623002603681000,0,17.43086000,1.2147
1623002603681000,0,17.43057000,1.2148
1623002603681000,0,527.99827000,1.2148
1623002607125000,0,236.48383000,1.2148
1623002689418000,1,17.42016000,1.2147
1623002948494000,1,17.42045000,1.2147
1623002948494000,1,17.42074000,1.2147
1623002948494000,1,208.12879000,1.2145
1623005179085000,0,542.37717000,1.2144
1623005179500000,0,190.00762000,1.2144
1623005417579000,0,101.33518000,1.2144
1623005417579000,0,171.86261000,1.2147
1623005417707000,0,600.00000000,1.2147
1623005417707000,0,546.84345000,1.2147
1623005636794000,1,1029.35998000,1.2139
1623006991277000,0,599.99999000,1.2144
1623006992024000,0,1234.45474000,1.2144
1623006992035000,0,0.00001000,1.2144
1623006992035000,0,500.52973000,1.2145
1623007019388000,1,8230.50369000,1.2142
1623007019929000,1,8230.50369000,1.2142
1623007034498000,1,1069.65622000,1.2143
1623007034498000,1,1069.65622000,1.2143
1623007035894000,1,1069.65622000,1.2143
1623007130963000,0,599.99998000,1.2142
1623007131273000,0,428.79984000,1.2143
1623007208793000,0,2782.36091000,1.2144
1623007374136000,0,217.63907000,1.2144
1623007374155000,0,0.00002000,1.2144
1623007374155000,0,599.99996000,1.2144
1623007374167000,0,0.00004000,1.2144
1623007374167000,0,1234.40162000,1.2145
1623007374320000,0,600.00000000,1.2144
1623007374320000,0,308.04083000,1.2145
1623007379291000,1,256.09241000,1.2144
1623007379826000,1,1019.83427000,1.2143
1623007518750000,1,216.50249000,1.2139
1623007518904000,1,255.62320000,1.2139
1623007774437000,0,221.97676000,1.2144
1623007975339000,0,289.92087000,1.2144
1623008514978000,1,17.43057000,1.2137
1623008514978000,1,81.95504000,1.2136
1623009225070000,1,17.43086000,1.2136
1623009225070000,1,970.30524000,1.2136
1623009301754000,1,1192.37782000,1.2136
1623009419064000,0,261.04998000,1.2142
1623009419229000,0,0.00002000,1.2142
1623009419229000,0,496.68705000,1.2143
1623009904363000,0,17.43086000,1.2147
1623009946642000,0,17.43057000,1.2148
1623009946642000,0,17.42999000,1.2148
1623009946642000,0,17.42970000,1.2148
1623009946642000,0,17.42912000,1.2149
1623009946642000,0,17.42883000,1.2149
1623009946642000,0,457.37515000,1.2150
1623009946981000,0,17.42825000,1.2150
1623009946981000,0,17.42796000,1.2150
1623009946981000,0,17.42739000,1.2151
1623009946981000,0,215.02233000,1.2151
1623009954219000,0,17.42710000,1.2151
1623009954219000,0,599.99999000,1.2151
1623009976436000,0,281.93799000,1.2151
1623009984336000,0,17.42652000,1.2152
1623009984336000,0,17.42623000,1.2152
1623009984336000,0,17.42565000,1.2153
1623009984336000,0,17.42536000,1.2153
1623009984336000,0,17.42478000,1.2154
1623009984336000,0,189.72321000,1.2154
1623010296059000,0,115.07511000,1.2154
1623010460493000,1,17.41785000,1.2150
1623010460493000,1,17.41842000,1.2149
1623010460493000,1,17.41871000,1.2149
1623010962014000,1,17.41929000,1.2148
1623010962014000,1,89.04193000,1.2148
1623010962185000,1,57.52864000,1.2148
1623010963592000,1,175.56340000,1.2148
1623010965564000,1,17.41958000,1.2148
1623010965564000,1,140.37193000,1.2148
1623010966812000,1,157.79151000,1.2148
1623010968177000,1,157.79151000,1.2148
1623010970948000,1,17.41987000,1.2148
1623011029870000,0,250.86626000,1.2153
1623011032573000,0,249.06776000,1.2152
1623012749639000,0,68.01234000,1.2149
1623013500175000,0,600.00000000,1.2148
1623013500546000,1,442.37466000,1.2152
1623013501682000,1,391.69981000,1.2152
1623013502746000,1,345.55503000,1.2152
1623013503863000,1,250.93364000,1.2152
1623013504977000,1,213.66572000,1.2152
1623013551034000,1,977.20582000,1.2153
1623013573316000,0,977.19812000,1.2153
1623013573316000,0,17.42449000,1.2154
1623013573316000,0,328.07102000,1.2154
1623013575967000,0,649.10189000,1.2154
1623013576231000,0,0.00002000,1.2154
1623013576231000,0,17.42392000,1.2154
1623013576231000,0,977.17289000,1.2154
1623013576250000,0,0.00004000,1.2154
1623013576250000,0,17.42363000,1.2155
1623013576250000,0,959.74924000,1.2155
1623013576265000,0,17.42369000,1.2155
1623013576265000,0,17.42305000,1.2155
1623013576265000,0,877.92410000,1.2155
1623013577209000,0,399.59200000,1.2154
1623013577228000,0,402.11935000,1.2154
1623013577438000,0,175.47387000,1.2154
1623013577438000,0,29.59246000,1.2155
1623013577481000,0,205.06633000,1.2155
1623013625010000,0,17.42276000,1.2156
1623013631474000,0,188.22052000,1.2156
1623013640954000,1,977.14920000,1.2156
1623013691376000,1,977.14589000,1.2156
1623013725303000,1,977.14061000,1.2156
1623013745083000,0,17.45027000,1.2156
1623013764485000,1,188.12492000,1.2156
1623013764485000,1,788.99291000,1.2156
1623013985170000,0,205.65174000,1.2155
1623014018289000,1,205.64328000,1.2155
1623014018289000,1,8016.68857000,1.2155
1623014041172000,1,977.13608000,1.2155
1623015005585000,0,136.30000000,1.2155
1623015330036000,0,1492.19993000,1.2149
1623015735067000,1,355.92227000,1.2148
1623015966431000,1,205.24436000,1.2153
1623015969969000,0,205.60471000,1.2153
1623016206379000,0,205.58730000,1.2153
1623016326461000,0,205.60868000,1.2153
1623016834608000,1,630.44280000,1.2150
1623016946242000,0,17.34571000,1.2153
1623016946242000,0,188.83443000,1.2154
1623016987046000,0,64.35110000,1.2155
1623017019970000,0,277.40240000,1.2155
1623017538195000,1,28.17799000,1.2152
1623017706269000,1,1794.02571000,1.2151
1623017813359000,1,859.04078000,1.2146
1623017815183000,0,546.06582000,1.2151
1623018576311000,1,784.69805000,1.2148
1623018576321000,1,2057.25998000,1.2146
1623019200310000,0,280.53698000,1.2149
1623019611300000,1,106.25753000,1.2147
1623020098864000,0,453.09611000,1.2149
1623021994441000,0,573.30207000,1.2156
1623022989626000,1,130.49999000,1.2149
1623023305250000,0,205.64802000,1.2153
