timestamp ms,type,amount,price
1623283266862000,1,299.35655000,1.2179
1623283281187000,0,345.91294000,1.2182
1623283290343000,0,45.80195000,1.2182
1623283290343000,0,299.20796000,1.2182
1623283487445000,1,192.87616000,1.2181
1623283489010000,1,563.55225000,1.2181
1623283518539000,1,600.00000000,1.2180
1623283518539000,1,190.51816000,1.2179
1623283519589000,1,600.00000000,1.2180
1623283519589000,1,335.59939000,1.2179
1623283549122000,1,68.52887000,1.2180
1623283552546000,1,531.47113000,1.2180
1623283552546000,1,68.52723000,1.2179
1623283641598000,1,600.00000000,1.2180
1623283650235000,1,600.00000000,1.2180
1623283777252000,1,205.47217000,1.2180
1623283778561000,1,394.52783000,1.2180
1623283778728000,1,600.00000000,1.2180
1623283778728000,1,672.59606000,1.2180
1623283791457000,1,79.43444000,1.2184
1623283844624000,1,29.48030000,1.2184
1623283891896000,1,600.00000000,1.2180
1623283896021000,1,600.00000000,1.2180
1623283896044000,1,335.68057000,1.2180
1623283897020000,1,204.59627000,1.2180
1623283923505000,1,359.00721000,1.2179
1623283926149000,1,600.00000000,1.2178
1623284015700000,1,345.68738000,1.2178
1623284017422000,1,204.20923000,1.2178
1623284026627000,1,935.82738000,1.2177
1623284029786000,1,600.00000000,1.2178
1623284029786000,1,834.75084000,1.2177
1623284062723000,1,774.70205000,1.2178
1623284137315000,1,205.24939000,1.2178
1623284257481000,1,205.14593000,1.2178
1623284344911000,1,600.00000000,1.2178
1623284617585000,1,205.24157000,1.2178
1623284738483000,1,325.78819000,1.2178
1623284816824000,1,977.28172000,1.2178
1623284816842000,1,418.96057000,1.2178
1623284819673000,1,738.79749000,1.2177
1623284876539000,1,600.00000000,1.2177
1623284944878000,1,935.85892000,1.2177
1623285570804000,0,347.66000000,1.2179
1623285616626000,1,500.00000000,1.2175
1623285616649000,1,600.00000000,1.2174
1623285616753000,1,600.00000000,1.2174
1623285616753000,1,377.34108000,1.2174
1623285616756000,1,600.00972000,1.2174
1623285616756000,1,377.33136000,1.2173
1623285616773000,1,241.15939000,1.2173
1623285616773000,1,559.82009000,1.2173
1623285760385000,1,164.84801000,1.2172
1623286358351000,1,172.37999000,1.2170
1623286725009000,1,17.39851000,1.2170
1623286725009000,1,348.18200000,1.2170
1623286898467000,1,17.39880000,1.2170
1623286898467000,1,17.39937000,1.2169
1623286898467000,1,17.39966000,1.2169
1623286898467000,1,17.40024000,1.2168
1623286898467000,1,17.40053000,1.2168
1623286898467000,1,17.40110000,1.2167
1623286898467000,1,101.02683000,1.2167
1623287019511000,1,17.40139000,1.2167
1623287019511000,1,17.40197000,1.2166
1623287019511000,1,17.40226000,1.2166
1623287019511000,1,47.79438000,1.2166
1623287024679000,1,103.97885000,1.2167
1623287025836000,1,103.97885000,1.2167
1623287438730000,1,205.45692000,1.2168
1623287666252000,1,116.50066000,1.2168
1623287667386000,1,127.29675000,1.2168
1623287713816000,1,410.54182000,1.2167
1623287823688000,1,411.29605000,1.2167
1623288999089000,1,205.47213000,1.2168
1623289479465000,1,205.46031000,1.2167
1623289599648000,1,205.47213000,1.2167
1623289681617000,0,205.18396000,1.2172
1623289681769000,1,887.28202000,1.2172
1623289681784000,1,134.55271000,1.2172
1623289683089000,1,72.98131000,1.2172
1623289695310000,1,2931.27210000,1.2174
1623290320190000,1,205.41999000,1.2166
1623290800757000,1,206.23999000,1.2166
1623290920634000,1,17.40255000,1.2166
1623290920634000,1,17.40283000,1.2166
1623290920634000,1,170.88461000,1.2165
1623291160742000,1,17.40312000,1.2165
1623291160742000,1,17.40341000,1.2165
1623291160742000,1,170.64346000,1.2165
1623291509070000,1,17.40370000,1.2165
1623291509070000,1,17.40399000,1.2164
1623291509070000,1,17.40428000,1.2164
1623291509070000,1,17.40456000,1.2164
1623291509070000,1,17.40485000,1.2163
1623292294216000,1,600.00000000,1.2164
1623292294226000,1,419.69289000,1.2164
1623293983559000,0,1139.99997000,1.2164
1623294369550000,1,17.40514000,1.2163
1623294369550000,1,17.40543000,1.2163
1623294369550000,1,17.40572000,1.2163
1623294369550000,1,17.40601000,1.2162
1623294491720000,1,17.40630000,1.2162
1623294491720000,1,17.40658000,1.2162
1623294491720000,1,258.22912000,1.2162
1623294505243000,1,200.62520000,1.2162
1623294822283000,0,205.16577000,1.2167
1623294942339000,0,205.43768000,1.2167
1623295062494000,0,205.40034000,1.2167
1623295152389000,1,260.25273000,1.2167
1623295153538000,1,129.89649000,1.2167
1623295182449000,0,205.04037000,1.2167
1623295302789000,0,205.03591000,1.2167
1623295446760000,0,410.67644000,1.2167
1623295512150000,0,479.00299000,1.2167
1623295605287000,0,631.34242000,1.2167
1623295619816000,0,8217.73716000,1.2167
1623295620365000,0,882.46542000,1.2167
1623295825321000,0,64.95790000,1.2170
1623295902965000,1,205.77068000,1.2168
1623295903747000,0,135.55104000,1.2171
1623295907626000,1,1643.57445000,1.2169
1623295923335000,1,915.35359000,1.2169
1623295997563000,0,410.53327000,1.2171
1623296035699000,0,205.33873000,1.2171
1623296132828000,0,393.50365000,1.2171
1623296491398000,0,977.70813000,1.2172
1623296491398000,0,17.40658000,1.2172
1623296494655000,1,206.07188000,1.2170
1623296496347000,1,241.93259000,1.2170
1623296496708000,0,1136.45708000,1.2172
1623296496708000,0,1136.45708000,1.2172
1623296497270000,0,1136.45708000,1.2172
1623296497366000,1,209.75358000,1.2170
1623296497868000,0,1136.45708000,1.2172
1623296511673000,0,19.60600000,1.2173
1623296511673000,0,17.40630000,1.2173
1623296520688000,0,977.70813000,1.2173
1623296533379000,0,17.40572000,1.2173
1623296533379000,0,17.40543000,1.2174
1623296533379000,0,444.16042000,1.2174
1623296566810000,0,17.40485000,1.2174
1623296573381000,0,17.40456000,1.2175
1623296580067000,0,786.77886000,1.2175
1623296597171000,1,212.87249000,1.2175
1623296619301000,1,580.53569000,1.2175
1623296621180000,1,336.07621000,1.2173
1623296621488000,1,336.07621000,1.2173
1623296622619000,1,275.07751000,1.2173
1623296623735000,1,275.07751000,1.2173
1623296625840000,1,275.07751000,1.2173
1623296626944000,1,275.07751000,1.2173
1623296628146000,1,275.07751000,1.2173
1623296743836000,1,205.83655000,1.2173
1623296816700000,1,103.60968000,1.2173
1623296817810000,1,114.04830000,1.2173
1623296818307000,1,103.60968000,1.2173
1623296984032000,1,205.04999000,1.2174
1623297344131000,1,205.13645000,1.2174
1623297431363000,1,569.90486000,1.2174
1623297464336000,1,205.00737000,1.2174
1623297662040000,1,301.84065000,1.2169
1623297663224000,1,146.38628000,1.2167
1623297664278000,1,119.80575000,1.2167
1623297667827000,1,107.93733000,1.2167
1623297668947000,1,107.93733000,1.2167
1623297710140000,1,106.37552000,1.2167
1623297726520000,1,107.53085000,1.2167
1623297727606000,1,107.53085000,1.2167
1623297728711000,1,107.53085000,1.2167
1623297729880000,1,107.53085000,1.2167
1623297731012000,1,107.53085000,1.2167
1623297732134000,1,117.58163000,1.2167
1623297822587000,1,106.15521000,1.2167
1623297835478000,1,107.18057000,1.2167
1623297944426000,1,205.09823000,1.2165
1623297972287000,1,104.74545000,1.2166
1623297978622000,1,112.31422000,1.2166
1623297985002000,1,100.11835000,1.2166
1623297998133000,1,104.88631000,1.2167
1623297999289000,1,113.06812000,1.2167
1623298006522000,1,867.32640000,1.2167
1623298011354000,1,106.24959000,1.2167
1623298012469000,1,106.24959000,1.2167
1623298013567000,1,243.70644000,1.2167
1623298014680000,1,243.70644000,1.2167
1623298015796000,1,199.48890000,1.2167
1623298017498000,1,181.57366000,1.2167
1623298018621000,1,156.81182000,1.2167
1623298019749000,1,128.36081000,1.2167
1623298020850000,1,105.07179000,1.2167
1623298021977000,1,105.07179000,1.2167
1623298039295000,1,102.82674000,1.2168
1623298040416000,1,102.82674000,1.2168
1623298043148000,1,234.92758000,1.2165
1623298043148000,1,234.93580000,1.2165
1623298050055000,1,107.64570000,1.2168
1623298052169000,1,378.15575000,1.2168
1623298053361000,1,309.54382000,1.2168
1623298054521000,1,253.38684000,1.2168
1623298056574000,1,215.59938000,1.2168
1623298057685000,1,184.66729000,1.2168
1623298058786000,1,184.66729000,1.2168
1623298059916000,1,184.66729000,1.2168
1623298061049000,1,195.65210000,1.2168
1623298063001000,1,203.83391000,1.2168
1623298064395000,1,205.01947000,1.2168
1623298088908000,1,105.48432000,1.2169
1623298095563000,1,113.31754000,1.2169
1623298095701000,1,1281.40030000,1.2169
1623298115622000,1,354.07815000,1.2169
1623298115622000,1,213.04404000,1.2169
1623298173014000,1,1025.78604000,1.2166
1623298173171000,1,670.25361000,1.2165
1623298184638000,1,205.55298000,1.2164
1623298289123000,1,977.75733000,1.2165
1623298424834000,1,17.40456000,1.2164
1623298424834000,1,17.40485000,1.2163
1623298424834000,1,171.07068000,1.2163
1623298428763000,1,415.27449000,1.2163
1623298503952000,1,17.40543000,1.2163
1623298503952000,1,2636.93657000,1.2163
1623298545644000,1,204.96813000,1.2163
1623298665595000,1,17.40572000,1.2163
1623298665595000,1,188.00077000,1.2162
1623298753901000,1,908.66794000,1.2164
1623298761993000,1,227.95999000,1.2163
1623298879702000,1,1140.00000000,1.2163
1623298881107000,1,1140.00000000,1.2163
1623298905640000,1,17.40630000,1.2162
1623298905640000,1,17.40658000,1.2162
1623298905640000,1,17.40687000,1.2161
1623298905640000,1,17.40716000,1.2161
1623298905640000,1,135.09903000,1.2161
1623299104866000,1,404.10099000,1.2161
1623299251336000,1,1140.00000000,1.2162
1623299251336000,1,1140.00000000,1.2162
1623299274626000,1,101.47468000,1.2161
1623299275752000,1,101.47468000,1.2161
1623299276858000,1,101.47468000,1.2161
1623299277960000,1,101.47468000,1.2161
1623299279040000,1,101.47468000,1.2161
1623299280150000,1,104.61757000,1.2161
1623299296762000,1,109.46002000,1.2161
1623299306486000,1,109.70301000,1.2161
1623299346539000,1,119.77956000,1.2161
1623299360093000,1,108.24493000,1.2161
1623299389638000,1,108.44560000,1.2161
1623299390712000,1,108.44560000,1.2161
1623299393831000,1,205.71311000,1.2161
1623299540899000,1,17.40745000,1.2161
1623299540899000,1,82.59255000,1.2161
1623299583350000,1,100.77452000,1.2161
1623299610682000,1,102.62851000,1.2161
1623299651511000,1,104.22208000,1.2161
1623299652903000,1,104.22208000,1.2161
1623299660154000,1,1168.10987000,1.2161
1623299786983000,1,17.40774000,1.2160
1623299786983000,1,17.40803000,1.2160
1623299786983000,1,291.62070000,1.2160
1623299788930000,1,4649.91527000,1.2160
1623299880192000,1,17.40832000,1.2160
1623299880192000,1,17.40860000,1.2160
1623299880192000,1,17.40889000,1.2159
1623299880192000,1,17.40918000,1.2159
1623299903848000,1,17.40947000,1.2159
1623299903848000,1,17.40976000,1.2158
1623299903848000,1,17.41005000,1.2158
1623299903848000,1,379.87856000,1.2158
1623299938768000,1,101.12983000,1.2158
1623299939866000,1,101.12983000,1.2158
1623299949317000,1,17.41034000,1.2158
1623299949317000,1,17.41063000,1.2157
1623299949317000,1,17.41091000,1.2157
1623299949317000,1,47.76812000,1.2157
1623299950446000,1,175.43261000,1.2157
1623299951546000,1,155.18149000,1.2157
1623299952656000,1,127.05752000,1.2157
1623299953779000,1,114.18940000,1.2157
1623299954890000,1,114.18940000,1.2157
1623299955979000,1,114.18940000,1.2157
1623299978298000,1,104.27046000,1.2157
1623299985922000,1,17.41120000,1.2157
1623299985922000,1,17.41149000,1.2156
1623299985922000,1,17.41178000,1.2156
1623299985922000,1,151.71194000,1.2156
1623300021696000,1,105.27207000,1.2157
1623300043446000,1,168.01379000,1.2158
1623300044549000,1,137.57353000,1.2158
1623300045656000,1,112.66905000,1.2158
1623300106070000,1,205.39091000,1.2156
1623300197697000,1,768.37035000,1.2157
1623300209823000,1,112.66806000,1.2156
1623301462282000,1,103.44484000,1.2156
1623301463599000,1,103.44484000,1.2156
1623302219429000,1,143.29891000,1.2159
1623302243176000,1,8219.62847000,1.2160
1623302243752000,1,8219.62847000,1.2160
1623302244344000,1,1079.18624000,1.2160
1623302524904000,1,977.83230000,1.2158
1623302528230000,1,0.00002000,1.2158
1623302528230000,1,99.99998000,1.2157
1623302551316000,1,230.98337000,1.2157
1623302622084000,1,108.00509000,1.2157
1623302623171000,1,108.00509000,1.2157
1623302646659000,0,110.34940000,1.2158
1623302648331000,1,109.09412000,1.2157
1623302649428000,1,109.09412000,1.2157
1623302688588000,1,205.68999000,1.2156
1623302879381000,1,977.83811000,1.2156
1623302879397000,1,0.00733000,1.2156
1623302879397000,1,17.41207000,1.2156
1623302879397000,1,17.41236000,1.2156
1623302879397000,1,924.84872000,1.2155
1623302879406000,1,34.83852000,1.2155
1623302879406000,1,17.41265000,1.2155
1623302879406000,1,17.41294000,1.2155
1623302879406000,1,925.58888000,1.2155
1623302879681000,1,52.25656000,1.2155
1623302879681000,1,17.41322000,1.2155
1623302879681000,1,17.41351000,1.2154
1623302879681000,1,17.41380000,1.2154
1623302879681000,1,873.34560000,1.2154
1623302928839000,1,17.41409000,1.2154
1623302928839000,1,188.25590000,1.2154
1623302938543000,0,167.60831000,1.2161
1623302943549000,0,124.80262000,1.2161
1623303148805000,0,114.78480000,1.2159
1623303148973000,0,114.80141000,1.2159
1623303559970000,1,17.41438000,1.2153
1623303559970000,1,17.41467000,1.2153
1623303559970000,1,17.41496000,1.2153
1623303559970000,1,17.41525000,1.2153
1623303559970000,1,17.41553000,1.2152
1623303559970000,1,17.41582000,1.2152
1623303559970000,1,890.78590000,1.2152
1623303649332000,1,17.41611000,1.2152
1623303649332000,1,17.41640000,1.2151
1623303649332000,1,17.41669000,1.2151
1623303649332000,1,17.41698000,1.2151
1623303649332000,1,17.41727000,1.2150
1623303649549000,0,118.64400000,1.2150
1623303769340000,1,17.41756000,1.2150
1623303769340000,1,188.33867000,1.2150
1623303889565000,1,205.75623000,1.2150
1623304414909000,1,118.61067000,1.2153
1623304427296000,1,201.00898000,1.2155
1623304444288000,1,25.09999000,1.2152
1623304444655000,1,989.99999000,1.2152
1623304522427000,1,176.98660000,1.2153
1623304522550000,1,28.73700000,1.2153
1623304523728000,1,0.00046000,1.2153
1623304602647000,0,46.65087000,1.2154
1623304610282000,1,205.70883000,1.2152
1623304730248000,1,205.70883000,1.2151
1623304943252000,0,218.07648000,1.2156
1623304970412000,1,205.74268000,1.2153
1623305330574000,1,205.70713000,1.2152
1623305381423000,0,279.61000000,1.2158
1623305445464000,0,84.78026000,1.2158
1623305450614000,1,205.62761000,1.2153
1623305699503000,0,338.70257000,1.2157
1623306051142000,0,186.02445000,1.2160
1623306051160000,0,149.84671000,1.2160
1623306244027000,0,134.49000000,1.2160
1623306314457000,0,8217.39952000,1.2160
1623306315054000,0,8217.39952000,1.2160
1623306416985000,0,8216.96062000,1.2160
1623306417559000,0,8216.96062000,1.2160
1623306518966000,0,8216.52178000,1.2160
1623306519563000,0,5311.07794000,1.2160
1623306678137000,0,17.41756000,1.2161
1623306678137000,0,17.41698000,1.2162
1623306678137000,0,17.41669000,1.2162
1623306718248000,0,17.41611000,1.2163
1623306718248000,0,17.41582000,1.2163
1623306718248000,0,17.41525000,1.2164
1623306718248000,0,17.41496000,1.2164
1623306718248000,0,302.46806000,1.2164
1623307191130000,0,17.41438000,1.2164
1623307191130000,0,17.41409000,1.2165
1623307191130000,0,170.63667000,1.2165
1623307311168000,0,205.49452000,1.2165
1623307573037000,0,17.41351000,1.2165
1623307573037000,0,17.41322000,1.2166
1623307573037000,0,17.41265000,1.2166
1623307573037000,0,17.41236000,1.2167
1623307573037000,0,117.72431000,1.2167
1623308303646000,0,412.18369000,1.2165
1623308996300000,0,133.38025000,1.2166
1623309860450000,1,190.14103000,1.2160
1623310158175000,0,347.34965000,1.2164
1623310323267000,1,262.10604000,1.2154
1623310855323000,1,10129.89376000,1.2158
1623310857041000,1,60.78310000,1.2158
1623310897502000,1,978.10532000,1.2158
1623310930166000,1,978.09515000,1.2159
1623310973774000,1,978.08959000,1.2160
1623311292261000,1,978.13434000,1.2159
1623312260174000,1,292.20498000,1.2156
1623312264064000,1,292.20498000,1.2156
1623312275146000,1,766.26773000,1.2156
1623312472431000,0,205.56126000,1.2160
1623312599595000,1,1229.47999000,1.2156
1623313192626000,0,205.55539000,1.2158
1623313200704000,0,394.44461000,1.2158
1623314242890000,0,600.00000000,1.2165
1623314243009000,0,600.00000000,1.2165
1623314243009000,0,2400.00000000,1.2165
1623314243040000,0,600.00000000,1.2165
1623314243040000,0,377.94317000,1.2166
1623314243069000,0,600.00000000,1.2166
1623314243069000,0,377.94317000,1.2166
1623314243162000,0,600.00000000,1.2166
1623314243162000,0,377.94317000,1.2167
1623314243162000,1,600.00000000,1.2166
1623314243174000,1,600.00000000,1.2166
1623314243194000,1,33.12672000,1.2166
1623314284169000,0,17.41178000,1.2167
1623314284169000,0,0.66972000,1.2167
1623314295296000,1,22.00000000,1.2162
1623314307538000,0,22.00000000,1.2167
1623314319594000,1,384.59703000,1.2163
1623314319910000,1,256.95812000,1.2163
1623314333174000,0,22.00000000,1.2166
1623314336676000,1,498.44485000,1.2163
1623314343984000,1,246.53399000,1.2158
1623314346516000,1,22.00000000,1.2158
1623314351533000,1,858.76998000,1.2158
1623314385539000,0,18.08344000,1.2166
1623314392277000,1,22.00000000,1.2157
1623314400244000,0,22.00000000,1.2167
1623314408020000,1,22.00000000,1.2158
1623314416883000,0,22.00000000,1.2167
1623314425711000,1,22.00000000,1.2158
1623314751431000,0,333.79834000,1.2167
1623314811368000,1,2772.29506000,1.2158
1623314811374000,1,1886.26635000,1.2158
1623314873528000,0,298.45042000,1.2161
1623314949162000,0,17.41149000,1.2167
1623314968470000,0,17.41091000,1.2168
1623314968470000,0,17.41063000,1.2168
1623314968470000,0,169.20842000,1.2169
1623315828939000,0,330.64611000,1.2166
1623315829092000,0,252.01032000,1.2166
1623315832817000,0,17.34357000,1.2166
1623315832817000,0,950.54513000,1.2166
1623315832820000,0,358.32839000,1.2166
1623315891553000,1,482.65324000,1.2162
1623316212063000,1,937.02946000,1.2164
1623316215892000,1,937.06998000,1.2164
1623316226459000,0,205.87943000,1.2166
1623316226459000,0,124.64855000,1.2166
1623316315082000,0,17.41005000,1.2169
1623316315082000,0,17.40976000,1.2169
1623316315082000,0,7.53166000,1.2170
1623316378764000,0,17.40918000,1.2170
1623316658064000,0,17.40889000,1.2170
1623316658064000,0,0.66816000,1.2170
1623316669193000,1,22.00000000,1.2168
1623316681493000,0,22.00000000,1.2170
1623316688403000,1,126.32999000,1.2168
1623316693844000,1,22.00000000,1.2168
1623316707206000,0,22.00000000,1.2170
1623316720480000,1,22.00000000,1.2168
1623316759330000,0,18.07750000,1.2170
1623316766041000,1,22.00000000,1.2168
1623316773839000,0,22.00000000,1.2170
1623316781626000,1,22.00000000,1.2168
1623316790470000,0,22.00000000,1.2170
1623316793986000,1,205.42654000,1.2168
1623316799316000,1,22.00000000,1.2168
1623316914203000,1,205.46369000,1.2168
1623317034258000,1,205.46369000,1.2167
1623317037554000,0,82.13155000,1.2169
1623317140608000,0,98.55948000,1.2169
1623317154341000,1,205.43836000,1.2168
1623317274410000,1,205.44511000,1.2170
1623317394467000,1,205.42992000,1.2170
1623317456843000,1,287.68176000,1.2167
1623317457996000,1,287.68176000,1.2167
1623317459128000,1,254.05633000,1.2167
1623317460232000,1,254.05633000,1.2167
1623317461347000,1,148.98184000,1.2167
1623317482994000,0,8215.94797000,1.2170
1623317483575000,0,8215.94797000,1.2170
1623317484077000,0,8215.94797000,1.2170
1623317484493000,1,1232.39220000,1.2168
1623317484548000,1,1140.00000000,1.2167
1623317484574000,1,1140.00000000,1.2167
1623317484634000,1,1232.39220000,1.2168
1623317484634000,1,0.06582000,1.2167
1623317484676000,0,8215.50923000,1.2170
1623317485254000,0,8215.50923000,1.2170
1623317485878000,0,8215.50923000,1.2170
1623317486418000,0,8215.50923000,1.2170
1623317486912000,0,8215.50923000,1.2170
1623317487524000,0,8215.50923000,1.2170
1623317493586000,0,467.41496000,1.2170
1623317493634000,0,771.07898000,1.2170
1623317529591000,1,1232.39219000,1.2168
1623317529609000,1,0.00001000,1.2168
1623317529719000,0,1139.99999000,1.2168
1623317529732000,1,1232.39219000,1.2167
1623317553849000,1,1140.00000000,1.2168
1623317553849000,1,717.37308000,1.2167
1623317553863000,1,422.62692000,1.2167
1623317553863000,1,0.00001000,1.2167
1623317553863000,1,809.83110000,1.2167
1623317553977000,1,422.62692000,1.2167
1623317553977000,1,10018.98540000,1.2166
1623317553996000,1,1140.00000000,1.2167
1623317553996000,1,422.62692000,1.2166
1623317553996000,1,170.14266000,1.2165
1623317553996000,1,321.32712000,1.2165
1623317553997000,1,910.99927000,1.2165
1623317553997000,1,66.74239000,1.2164
1623317553998000,1,977.73194000,1.2164
1623317554110000,0,1140.00000000,1.2167
1623317554110000,0,1140.00000000,1.2168
1623317554119000,1,170.14266000,1.2166
1623317554132000,1,196.61392000,1.2166
1623317554145000,1,773.24342000,1.2166
1623317554655000,0,459.08297000,1.2165
1623317561293000,1,1232.32639000,1.2167
1623317561306000,1,1232.32639000,1.2165
1623317561319000,1,1140.00000000,1.2165
1623317561334000,1,1009.51267000,1.2164
1623317561350000,1,977.73194000,1.2161
1623317561428000,1,977.74166000,1.2160
1623317561462000,0,977.74166000,1.2160
1623317561470000,1,64.57831000,1.2165
1623317561470000,1,913.16335000,1.2159
1623317561512000,0,4993.30183000,1.2165
1623317561962000,1,977.74166000,1.2159
1623317561963000,1,64.57831000,1.2159
1623317561963000,1,913.16335000,1.2159
1623317561963000,1,129.15662000,1.2159
1623317561963000,1,64.57831000,1.2159
1623317561963000,1,784.00673000,1.2159
1623317565594000,1,234.69777000,1.2166
1623317566722000,1,234.69777000,1.2166
1623317567975000,1,234.69777000,1.2166
1623317569089000,1,234.69777000,1.2166
1623317570267000,1,234.69777000,1.2166
1623317571389000,1,58.83754000,1.2166
1623317572707000,1,244.94254000,1.2166
1623317573110000,0,761.60572000,1.2168
1623317573110000,0,1140.00000000,1.2168
1623317573110000,0,378.39429000,1.2168
1623317573736000,0,600.00000000,1.2168
1623317573831000,1,244.94254000,1.2166
1623317574752000,1,3833.54482000,1.2166
1623317574884000,1,253.12681000,1.2166
1623317575398000,1,4363.64441000,1.2166
1623317577976000,0,475.60362000,1.2168
1623317583639000,0,1232.39219000,1.2168
1623317583639000,0,139.97897000,1.2168
1623317601159000,1,10734.20064000,1.2169
1623317704783000,0,1140.00000000,1.2170
1623317704783000,0,1232.32639000,1.2170
1623317704783000,0,506.44541000,1.2170
1623317704783000,0,5337.20992000,1.2170
1623317705359000,0,8215.98172000,1.2170
1623317705861000,0,8215.98172000,1.2170
1623317706463000,0,8215.98172000,1.2170
1623317707016000,0,8215.98172000,1.2170
1623317707394000,0,1232.39726000,1.2170
1623317707522000,0,8215.98172000,1.2170
1623317708086000,0,8215.98172000,1.2170
1623317708711000,0,8215.98172000,1.2170
1623317709281000,0,8215.98172000,1.2170
1623317709890000,0,3912.40583000,1.2170
1623317727519000,1,113.85470000,1.2168
1623317741461000,0,48.62838000,1.2171
1623317754760000,0,206.38695000,1.2171
1623318273763000,0,977.77717000,1.2169
1623318273860000,0,600.00000000,1.2169
1623318273875000,0,977.77835000,1.2169
1623318273880000,0,1521.01030000,1.2169
1623318304437000,0,170.20000000,1.2169
1623318414947000,0,205.47403000,1.2167
1623318534951000,0,205.48079000,1.2166
1623318655108000,0,205.48417000,1.2166
1623318775215000,0,205.48924000,1.2166
1623318989488000,1,586.68073000,1.2160
1623319012902000,0,600.00000000,1.2165
1623319013519000,0,404.01739000,1.2165
1623319097319000,1,317.18401000,1.2164
1623319295215000,0,645.35038000,1.2165
1623319296467000,0,645.35038000,1.2165
1623319297152000,0,977.92107000,1.2166
1623319297152000,0,3000.00000000,1.2166
1623319297152000,0,4242.85612000,1.2166
1623319297724000,0,2062.04612000,1.2166
1623319297724000,0,977.88993000,1.2166
1623319297724000,0,977.88993000,1.2167
1623319297724000,0,977.88993000,1.2167
1623319297724000,0,977.88993000,1.2167
1623319298287000,0,977.88993000,1.2168
1623319298909000,0,977.88993000,1.2168
1623319300829000,1,202.77443000,1.2167
1623319301149000,1,645.35038000,1.2167
1623319301639000,1,384.99177000,1.2167
1623319302638000,1,335.88096000,1.2167
1623319303794000,1,259.01779000,1.2167
1623319304903000,1,248.90843000,1.2167
1623319306046000,1,203.71006000,1.2167
1623319306501000,1,185.59934000,1.2167
1623319306722000,0,203.71006000,1.2167
1623319307746000,1,193.53620000,1.2167
1623319308697000,1,183.73613000,1.2167
1623319309839000,1,183.73613000,1.2167
1623319317309000,0,599.99972000,1.2168
1623319317374000,0,0.00028000,1.2168
1623319317552000,0,1289.22000000,1.2169
1623319318276000,0,3405.73641000,1.2168
1623319318326000,0,486.32908000,1.2168
1623319318326000,0,2120.15999000,1.2169
1623319318326000,0,338.51999000,1.2169
1623319318326000,0,54.99094000,1.2169
1623319318340000,0,922.89899000,1.2169
1623319318372000,0,600.00000000,1.2170
1623319318372000,0,377.88993000,1.2170
1623319318430000,0,995.29796000,1.2170
1623319378087000,1,1089.31961000,1.2169
1623319378087000,1,1089.31961000,1.2169
1623319378087000,1,54.98101000,1.2169
1623319386908000,1,313.00000000,1.2164
1623319386914000,1,558.45561000,1.2164
1623319386914000,1,674.45826000,1.2164
1623319386947000,1,2325.54174000,1.2164
1623319386960000,1,1232.91387000,1.2164
1623319386960000,1,0.27368000,1.2162
1623319387041000,1,312.72632000,1.2162
1623319387041000,1,594.27368000,1.2162
1623319387043000,1,638.91387000,1.2162
1623319387043000,1,338.99672000,1.2161
1623319387092000,1,568.00328000,1.2161
1623319387092000,1,409.90731000,1.2161
1623319387105000,1,1232.91387000,1.2164
1623319387105000,1,568.00328000,1.2161
1623319387105000,1,977.91059000,1.2160
1623319387105000,1,254.29382000,1.2159
1623319387111000,0,674.45826000,1.2164
1623319387111000,0,871.45561000,1.2164
1623319390288000,0,599.98972000,1.2165
1623319392175000,0,977.91000000,1.2168
1623319392191000,0,613.33000000,1.2168
1623319400033000,1,1232.98481000,1.2164
1623319400113000,1,1233.18755000,1.2162
1623319400123000,0,1703.47057000,1.2163
1623319400123000,0,1232.98481000,1.2164
1623319401891000,0,57.35462000,1.2168
1623319411515000,0,73.64018000,1.2168
1623319412518000,0,35.49445000,1.2168
1623319412518000,0,341.14587000,1.2168
1623319415415000,0,377.07662000,1.2169
1623319415743000,0,600.84720000,1.2169
1623319415743000,0,377.06280000,1.2170
1623319415750000,0,995.29000000,1.2170
1623319415813000,0,377.07662000,1.2170
1623319416259000,0,1250.57058000,1.2170
1623319418098000,0,977.91495000,1.2170
1623319418806000,1,157.81942000,1.2170
1623319419440000,0,0.00032000,1.2170
1623319419440000,0,17.40832000,1.2171
1623319419440000,0,17.40803000,1.2171
1623319419440000,0,279.42165000,1.2171
1623319458153000,0,3000.00000000,1.2166
1623319487113000,1,1049.36998000,1.2167
1623319487153000,1,90.63002000,1.2167
1623319487153000,1,1003.78496000,1.2167
1623319487308000,0,1140.00000000,1.2167
1623319500562000,1,1233.05070000,1.2167
1623319500583000,1,3000.00000000,1.2164
1623319500640000,1,977.91537000,1.2164
1623319500647000,1,255.06944000,1.2164
1623319500661000,1,977.91492000,1.2163
1623319500716000,1,0.00045000,1.2163
1623319500716000,1,977.90939000,1.2162
1623319500746000,1,0.00553000,1.2162
1623319500746000,1,977.90362000,1.2161
1623319500796000,1,0.00622000,1.2161
1623319500796000,1,977.90915000,1.2160
1623319500796000,1,1800.91237000,1.2159
1623319500799000,1,8995.92140000,1.2159
1623319500900000,1,977.92726000,1.2159
1623319500910000,0,1800.91237000,1.2159
1623319500910000,0,977.91537000,1.2164
1623319501406000,0,1051.31838000,1.2160
1623319510543000,1,1232.98481000,1.2165
1623319510666000,1,1232.98481000,1.2165
1623319510683000,1,3000.00000000,1.2163
1623319510812000,1,1003.65631000,1.2163
1623319510841000,1,229.32850000,1.2163
1623319510841000,1,990.85430000,1.2160
1623319510846000,1,12.80201000,1.2160
1623319510846000,1,965.12525000,1.2158
1623319510883000,1,12.80201000,1.2158
1623319510883000,1,965.12525000,1.2157
1623319510935000,1,12.80201000,1.2157
1623319510935000,1,965.12525000,1.2157
1623319510970000,1,977.92726000,1.2158
1623319510983000,1,851.13705000,1.2158
1623319510983000,1,126.79021000,1.2157
1623319609420000,1,817.72853000,1.2161
1623319637106000,0,1481.44857000,1.2166
1623319637135000,0,177.11363000,1.2166
1623319711005000,1,338.76380000,1.2160
1623319883935000,0,326.93000000,1.2164
1623319945598000,1,342.64037000,1.2163
1623319975846000,0,205.52955000,1.2158
1623320201364000,0,410.54647000,1.2163
1623320335773000,1,205.53025000,1.2162
1623320455925000,1,205.54875000,1.2158
1623320668531000,0,132.44010000,1.2165
1623320669822000,0,132.44010000,1.2165
1623320671316000,0,132.44010000,1.2165
1623320672444000,0,132.44010000,1.2165
1623320673560000,0,132.44010000,1.2165
1623320674693000,0,132.44010000,1.2165
1623320676319000,0,132.44010000,1.2165
1623320677450000,0,100.00000000,1.2165
1623320987533000,1,345.08266000,1.2163
1623320987533000,1,14.91734000,1.2163
1623321061475000,1,140.00000000,1.2163
1623321213886000,0,600.00000000,1.2170
1623321213886000,0,888.54808000,1.2171
1623321476147000,0,17.40745000,1.2172
1623321476147000,0,17.40716000,1.2172
1623321476147000,0,17.40658000,1.2172
1623321476147000,0,17.40630000,1.2173
1623321476147000,0,135.73251000,1.2173
1623322000963000,0,222.46746000,1.2170
1623322010168000,0,595.80935000,1.2170
1623322012507000,1,1247.44052000,1.2161
1623322012521000,1,1885.00340000,1.2161
1623322012539000,1,227.70822000,1.2161
1623322014084000,0,983.46000000,1.2170
1623322089051000,0,225.77000000,1.2169
1623322199436000,0,154.21355000,1.2169
1623322638572000,1,38.13223000,1.2167
1623322694853000,1,200.00000000,1.2167
1623322759710000,1,326.21999000,1.2167
1623322762260000,0,32.84992000,1.2170
1623322976936000,0,466.40000000,1.2173
1623322976961000,0,466.40000000,1.2173
1623323250578000,1,977.76022000,1.2173
1623323255965000,1,977.76211000,1.2173
1623323369655000,0,17.40572000,1.2173
1623323526697000,0,17.40543000,1.2174
1623323526697000,0,17.40485000,1.2174
1623323526697000,0,17.40456000,1.2175
1623323526697000,0,17.40399000,1.2175
1623323526697000,0,218.81867000,1.2175
1623324007012000,0,17.40370000,1.2175
1623324557390000,0,17.40312000,1.2176
1623324557390000,0,17.40283000,1.2176
1623324557390000,0,17.40226000,1.2177
1623324557390000,0,17.40197000,1.2177
1623324557390000,0,17.40139000,1.2178
1623324557390000,0,17.40110000,1.2178
1623324557390000,0,17.40053000,1.2179
1623324557390000,0,17.40024000,1.2179
1623324557390000,0,17.39966000,1.2180
1623324557390000,0,17.39937000,1.2180
1623324557390000,0,386.55531000,1.2180
1623324557911000,0,255.62610000,1.2180
1623324590604000,0,17.39880000,1.2181
1623324590604000,0,17.39851000,1.2181
1623324590604000,0,23.79204000,1.2182
1623324837196000,1,202.06630000,1.2178
1623324856262000,1,235.00999000,1.2180
1623324950891000,0,295.48619000,1.2181
1623324951163000,0,295.48471000,1.2181
1623325126979000,1,103.05688000,1.2179
1623325199533000,1,215.05931000,1.2179
1623325264441000,0,204.96081000,1.2180
1623325264441000,0,136.54218000,1.2180
1623325301615000,0,22.16474000,1.2180
1623325303322000,1,9684.36308000,1.2180
1623325321731000,1,58.09930000,1.2180
1623325377016000,1,977.53095000,1.2181
1623325377095000,1,977.53095000,1.2181
1623325439669000,1,5226.35275000,1.2182
1623325481671000,1,1120.89661000,1.2182
1623325573777000,1,485.59428000,1.2173
1623325631043000,0,387.00000000,1.2177
1623325933770000,0,1011.18622000,1.2174
1623326109641000,0,600.00000000,1.2172
1623326709362000,0,211.10862000,1.2170
1623327120702000,0,139.24476000,1.2174
1623328032109000,1,205.11455000,1.2168
1623328033309000,1,205.11455000,1.2168
1623328034405000,1,205.11455000,1.2168
1623328035522000,1,205.11455000,1.2168
1623328036653000,1,157.28679000,1.2168
1623328036653000,1,47.82776000,1.2168
1623328162486000,1,171.00979000,1.2167
1623328163611000,1,160.80020000,1.2167
1623328164740000,1,131.58973000,1.2167
1623328165872000,1,107.68555000,1.2167
1623328201253000,1,8221.99383000,1.2167
1623328201582000,1,154.87254000,1.2167
1623328201758000,1,1898.07024000,1.2167
1623328201758000,1,977.77493000,1.2167
1623328201758000,1,2523.88172000,1.2166
1623328201758000,1,977.79134000,1.2166
1623328201758000,1,977.75686000,1.2165
1623328201758000,1,870.70914000,1.2164
1623328201768000,1,107.04772000,1.2164
1623328201768000,1,977.75686000,1.2163
1623328201768000,1,149.15904000,1.2163
1623328202306000,1,450.84096000,1.2163
1623328202306000,1,600.00000000,1.2163
1623328202306000,1,600.00000000,1.2162
1623328202306000,1,977.75686000,1.2162
1623328202306000,1,977.75686000,1.2161
1623328202306000,1,977.75686000,1.2160
1623328202306000,1,977.75686000,1.2159
1623328202306000,1,977.75686000,1.2158
1623328202306000,1,977.75686000,1.2157
1623328202824000,1,600.00000000,1.2162
1623328202824000,1,600.00000000,1.2162
1623328202824000,1,600.00000000,1.2159
1623328212369000,0,1140.00000000,1.2161
1623328212369000,0,1140.00000000,1.2161
1623328225639000,1,702.23111000,1.2164
1623328225820000,1,530.06490000,1.2164
1623328225878000,1,597.41179000,1.2163
1623328232644000,0,600.00000000,1.2168
1623328233161000,0,600.00000000,1.2170
1623328233161000,0,3000.00000000,1.2170
1623328233161000,0,978.10912000,1.2170
1623328455451000,1,25.19439000,1.2161
1623328741945000,1,600.00000000,1.2164
1623328741967000,1,1232.27070000,1.2164
1623328741976000,1,0.00001000,1.2164
1623328741976000,1,64.98366000,1.2164
1623328741976000,1,1570.55988000,1.2162
1623329038410000,0,205.18229000,1.2184
1623329145281000,0,977.53256000,1.2180
1623329145394000,0,977.51193000,1.2181
1623329145423000,0,0.02063000,1.2181
1623329145423000,0,977.49130000,1.2181
1623329145445000,0,0.04126000,1.2181
1623329145445000,0,827.23085000,1.2181
1623329145494000,0,977.51193000,1.2182
1623329145494000,0,977.51193000,1.2182
1623329145530000,0,977.51193000,1.2183
1623329145610000,1,134.72706000,1.2182
1623329145675000,1,910.24908000,1.2182
1623329145675000,1,977.49130000,1.2181
1623329145675000,1,977.53256000,1.2180
1623329155570000,0,759.82853000,1.2182
1623329155720000,0,217.73160000,1.2182
1623329155720000,0,977.56013000,1.2182
1623329155720000,0,1804.70827000,1.2182
1623329155735000,0,164.65173000,1.2182
1623329155735000,0,812.86020000,1.2183
1623329185682000,1,600.00000000,1.2178
1623329295596000,0,599.99999000,1.2179
1623329309281000,1,139.85422000,1.2174
1623329490262000,1,697.91118000,1.2181
1623329818551000,0,17.39159000,1.2188
1623329818551000,0,17.39102000,1.2189
1623329818551000,0,170.31719000,1.2189
1623330321451000,0,238.60239000,1.2185
1623330336195000,1,122.21489000,1.2184
1623330340396000,1,26.96511000,1.2184
1623330418857000,0,107.63916000,1.2187
1623330659739000,1,139.64405000,1.2181
1623330829772000,1,310.54999000,1.2176
1623330938690000,1,316.95999000,1.2171
1623331203257000,0,292.32919000,1.2174
1623331225959000,0,1001.66778000,1.2174
1623331328697000,1,600.00000000,1.2170
1623331490230000,1,599.69999000,1.2163
1623331490395000,1,0.30001000,1.2163
1623331490417000,1,1287.92703000,1.2161
1623331490417000,1,742.41729000,1.2160
1623331490502000,0,599.69999000,1.2163
1623331490503000,1,2400.30001000,1.2163
1623331490549000,1,235.57902000,1.2160
1623331490563000,0,600.00000000,1.2160
1623331490586000,0,142.41729000,1.2160
1623331490657000,0,191.18040000,1.2161
1623331490657000,1,457.58271000,1.2160
1623331490657000,1,520.41360000,1.2159
1623331490669000,1,457.58271000,1.2159
1623331490683000,1,977.99631000,1.2158
1623331490684000,1,977.99631000,1.2157
1623331490684000,1,254.89223000,1.2157
1623331490787000,1,977.99631000,1.2157
1623331490914000,1,977.99631000,1.2157
1623331491990000,0,520.41360000,1.2159
1623331510938000,1,154.97999000,1.2157
1623331510938000,1,445.02001000,1.2157
1623331510938000,1,532.97078000,1.2157
1623331510940000,1,1233.10709000,1.2157
1623331510962000,1,977.99260000,1.2157
1623331511010000,1,255.92953000,1.2157
1623331511073000,1,254.89223000,1.2157
1623331511099000,1,345.10777000,1.2157
1623331511099000,1,292.08855000,1.2157
1623331511154000,1,307.91145000,1.2157
1623331511154000,1,254.89223000,1.2157
1623331511154000,1,600.00000000,1.2157
1623331511154000,1,892.12878000,1.2156
1623331511217000,1,85.90890000,1.2156
1623331511248000,1,977.99631000,1.2155
1623331511248000,1,12363.87258000,1.2155
1623331511254000,1,977.99631000,1.2154
1623331511303000,0,600.00000000,1.2156
1623331511347000,1,600.00000000,1.2155
1623331511350000,1,340.79999000,1.2154
1623331511352000,1,637.19632000,1.2154
1623331511352000,1,340.79999000,1.2153
1623331511376000,0,600.00000000,1.2154
1623331511456000,0,33.11152000,1.2154
1623331511456000,0,292.12878000,1.2156
1623331532746000,1,852.44236000,1.2156
1623331748458000,1,17.41785000,1.2150
1623331748458000,1,17.41813000,1.2150
1623331748458000,1,17.41842000,1.2149
1623331748458000,1,17.41871000,1.2149
1623331885859000,1,609.29224000,1.2149
1623331993010000,0,8229.06423000,1.2150
1623331993629000,0,8228.62409000,1.2150
1623331994154000,0,8228.18399000,1.2150
1623331994758000,0,7166.18769000,1.2150
1623332363246000,1,600.00000000,1.2158
1623332363246000,1,481.07730000,1.2156
1623332363246000,1,1233.07097000,1.2156
1623332363246000,1,1232.90374000,1.2154
1623332363246000,1,952.94799000,1.2150
1623332414876000,0,17.41871000,1.2160
1623332414876000,0,17.41842000,1.2160
1623332414876000,0,17.41785000,1.2161
1623332636205000,1,599.69999000,1.2158
1623332636811000,1,0.30001000,1.2158
1623332636811000,1,851.48748000,1.2156
1623332639478000,0,27.07381000,1.2162
1623332703383000,0,1069.67282000,1.2162
1623332725848000,0,64.19880000,1.2168
1623332726735000,0,63.91649000,1.2168
1623332727299000,0,38.39031000,1.2172
1623333351153000,0,1642.08000000,1.2180
1623333419234000,0,205.26565000,1.2181
1623333703532000,0,335.58157000,1.2180
1623333808504000,0,100.84286000,1.2176
1623333809693000,0,43.50943000,1.2176
1623333809693000,0,56.49057000,1.2176
1623333899526000,0,204.51354000,1.2181
1623334194531000,1,600.00000000,1.2176
1623334194540000,1,1042.29264000,1.2176
1623334203157000,0,3091.99998000,1.2179
1623334203565000,0,0.00002000,1.2179
1623334203565000,0,1231.53718000,1.2179
1623334210751000,0,2999.99998000,1.2179
1623334210879000,0,0.00002000,1.2179
1623334210879000,0,2758.16775000,1.2179
1623334531357000,0,0.00003000,1.2179
1623334723045000,1,354.30916000,1.2180
1623334946205000,0,394.41802000,1.2186
1623335327041000,1,273.53833000,1.2180
1623335327617000,0,216.12012000,1.2185
1623335330054000,0,99.56594000,1.2185
1623335978579000,1,216.12011000,1.2180
1623336005280000,1,268.91890000,1.2179
1623336013322000,1,8211.93358000,1.2179
1623336013928000,1,8211.93358000,1.2179
1623336515310000,1,642.41549000,1.2171
1623336515310000,1,19.27400000,1.2171
1623336515429000,1,1801.80999000,1.2171
1623336515663000,1,777.25590000,1.2171
1623336516245000,1,420.93411000,1.2171
1623336516245000,1,1231.88109000,1.2169
1623336516245000,1,810.94698000,1.2166
1623336516259000,1,420.93411000,1.2166
1623336516259000,1,1632.09144000,1.2166
1623336516515000,0,1231.88109000,1.2169
1623336520761000,0,99.91944000,1.2175
1623336522280000,1,100.11848000,1.2165
1623336646456000,1,102.20867000,1.2165
1623336646456000,1,937.02894000,1.2165
1623336646456000,1,977.75046000,1.2164
1623336646456000,1,977.71910000,1.2163
1623336646456000,1,1231.95697000,1.2163
1623336646456000,1,977.71910000,1.2162
1623336646456000,1,1231.95191000,1.2162
1623336646456000,1,977.71910000,1.2161
1623336646456000,1,977.71910000,1.2160
1623336646456000,1,977.71910000,1.2159
1623336646456000,1,313.00000000,1.2158
1623336646456000,1,977.71910000,1.2158
1623336646456000,1,2053.13514000,1.2158
1623336646456000,1,977.71910000,1.2157
1623336646456000,1,977.71910000,1.2156
1623336646456000,1,331.21511000,1.2155
1623336903082000,0,366.49153000,1.2169
1623337139930000,0,3000.00000000,1.2170
1623337139930000,0,977.95950000,1.2170
1623337139930000,0,765.57226000,1.2170
1623337139930000,0,977.95750000,1.2170
1623337139930000,0,977.95750000,1.2171
1623337139930000,0,977.95750000,1.2171
1623337139930000,0,977.95750000,1.2172
1623337139930000,0,977.95750000,1.2172
1623337139930000,0,977.95750000,1.2173
1623337139930000,0,977.95750000,1.2173
1623337139930000,0,977.95750000,1.2174
1623337139930000,0,3532.36148000,1.2174
1623340383086000,0,204.53075000,1.2167
1623340623298000,0,206.50968000,1.2168
1623341209410000,0,701.70099000,1.2170
1623341209410000,0,557.87438000,1.2170
1623341316867000,0,17.39880000,1.2170
1623341345233000,0,999.30975000,1.2170
1623341392243000,1,17.39937000,1.2169
1623341392243000,1,17.39966000,1.2169
1623341392243000,1,17.40024000,1.2168
1623341463810000,0,205.25931000,1.2169
1623341583753000,0,165.11613000,1.2170
1623341926246000,1,978.08932000,1.2169
1623341930260000,1,6153.95340000,1.2169
1623341942581000,1,978.08837000,1.2170
1623341966651000,1,8218.88535000,1.2170
1623341967258000,1,837.28300000,1.2170
1623342064242000,0,150.05479000,1.2169
1623342104288000,1,17.40053000,1.2168
1623342127229000,1,17.40110000,1.2167
1623342127229000,1,17.40139000,1.2167
1623342127229000,1,17.40197000,1.2166
1623342127229000,1,17.40226000,1.2166
1623342127229000,1,17.40283000,1.2166
1623342127229000,1,17.40312000,1.2165
1623342127229000,1,17.40370000,1.2165
1623342127229000,1,649.14233000,1.2165
1623342127247000,1,104.41267000,1.2165
1623342127247000,1,17.40399000,1.2164
1623342127247000,1,2878.18334000,1.2164
1623342426808000,1,17.40456000,1.2164
1623342426808000,1,17.40485000,1.2163
1623342426808000,1,17.40543000,1.2163
1623342426808000,1,678.19900000,1.2163
1623342426808000,1,17.40572000,1.2163
1623342426808000,1,17.40630000,1.2162
1623342426808000,1,489.91956000,1.2162
1623342426808000,1,17.40658000,1.2162
1623342426808000,1,17.40716000,1.2161
1623342426808000,1,10819.35890000,1.2161
1623342426808000,1,17.40745000,1.2161
1623342426808000,1,17.40803000,1.2160
1623342426808000,1,17.40832000,1.2160
1623342426808000,1,17.40889000,1.2159
1623342426808000,1,17.40918000,1.2159
1623342426808000,1,1232.84801000,1.2159
1623342426808000,1,17.40976000,1.2158
1623342426808000,1,17.41005000,1.2158
1623342426808000,1,978.14087000,1.2158
1623342426808000,1,17.41063000,1.2157
1623342426808000,1,1232.98481000,1.2157
1623342426808000,1,17.41091000,1.2157
1623342426808000,1,978.15945000,1.2157
1623342426808000,1,17.41149000,1.2156
1623342426808000,1,17.41178000,1.2156
1623342426808000,1,978.17181000,1.2156
1623342426808000,1,17.41236000,1.2156
1623342426808000,1,17.41265000,1.2155
1623342426808000,1,978.12961000,1.2155
1623342426808000,1,17.41322000,1.2155
1623342426808000,1,17.41351000,1.2154
1623342426808000,1,978.12961000,1.2154
1623342426808000,1,17.41409000,1.2154
1623342426808000,1,17.41438000,1.2153
1623342426808000,1,978.12961000,1.2153
1623342426808000,1,17.41496000,1.2153
1623342426808000,1,17.41525000,1.2153
1623342426808000,1,17.41582000,1.2152
1623342426808000,1,978.12961000,1.2152
1623342426808000,1,17.41611000,1.2152
1623342426808000,1,2055.08449000,1.2152
1623342426808000,1,17.41669000,1.2151
1623342426808000,1,978.12961000,1.2151
1623342426808000,1,17.41698000,1.2151
1623342426808000,1,17.41756000,1.2150
1623342426808000,1,978.12961000,1.2150
1623342426808000,1,17.41785000,1.2150
1623342426808000,1,17.41842000,1.2149
1623342426808000,1,978.12961000,1.2149
1623342426808000,1,17.41871000,1.2149
1623342426808000,1,17.41900000,1.2149
1623342426808000,1,17.41929000,1.2148
1623342426808000,1,17.41958000,1.2148
1623342426808000,1,978.12961000,1.2148
1623342426808000,1,17.41987000,1.2148
1623342426808000,1,17.42016000,1.2147
1623342426808000,1,2236.98105000,1.2147
1623342426808000,1,17.42045000,1.2147
1623342426808000,1,978.12961000,1.2147
1623342426808000,1,17.42074000,1.2147
1623342426808000,1,17.42102000,1.2147
1623342426808000,1,17.42131000,1.2146
1623342426808000,1,978.12961000,1.2146
1623342426808000,1,17.42160000,1.2146
1623342426808000,1,2465.74667000,1.2146
1623342426808000,1,17.42189000,1.2146
1623342426808000,1,1876.65872000,1.2146
1623342430703000,0,17.41871000,1.2160
1623342430703000,0,17.41842000,1.2160
1623342430802000,1,17.41958000,1.2159
1623342431156000,1,17.42016000,1.2159
1623342431266000,1,17.42045000,1.2159
1623342431297000,0,17.41929000,1.2159
1623342431490000,1,17.42102000,1.2159
1623342431583000,1,17.42131000,1.2159
1623342431805000,1,17.42189000,1.2159
1623342525967000,0,17.41785000,1.2161
1623342525967000,0,17.41756000,1.2161
1623342542486000,0,17.41698000,1.2162
1623342543094000,0,17.41669000,1.2162
1623342633535000,0,17.41611000,1.2163
1623342633535000,0,17.41582000,1.2163
1623342648074000,1,42.22000000,1.2163
1623342667072000,0,17.41525000,1.2164
1623342691379000,0,17.41496000,1.2164
1623342919777000,0,17.41438000,1.2164
1623342931305000,0,17.41409000,1.2165
1623342947862000,0,17.41351000,1.2165
1623342984672000,0,17.41322000,1.2166
1623342984672000,0,17.41264000,1.2166
1623343084473000,0,0.00001000,1.2166
1623343084473000,0,17.41236000,1.2167
1623343084473000,0,17.41178000,1.2167
1623343084473000,0,17.41149000,1.2167
1623343084473000,0,17.41091000,1.2168
1623343084473000,0,135.80216000,1.2168
1623343204555000,0,17.41063000,1.2168
1623343204555000,0,17.41005000,1.2169
1623343204555000,0,17.40976000,1.2169
1623343204555000,0,17.40918000,1.2170
1623343204555000,0,17.40889000,1.2170
1623343204555000,0,17.40832000,1.2171
1623343204555000,0,17.40803000,1.2171
1623343204555000,0,83.53321000,1.2171
1623343324634000,0,205.43183000,1.2169
1623343444594000,0,205.43183000,1.2169
1623343564678000,0,205.42339000,1.2169
1623343587091000,0,472.42083000,1.2169
1623343685665000,0,392.20374000,1.2170
1623343804887000,0,17.40745000,1.2172
1623343804887000,0,17.40716000,1.2172
1623343804887000,0,170.56658000,1.2172
1623343924961000,0,205.38120000,1.2172
1623344045137000,0,205.38963000,1.2171
1623344165077000,0,205.38963000,1.2171
1623344285172000,0,205.38963000,1.2171
1623344481285000,1,833.46288000,1.2172
1623344483231000,0,144.60241000,1.2171
1623344525233000,0,17.40658000,1.2172
1623344525233000,0,17.40630000,1.2173
1623344525233000,0,17.40572000,1.2173
1623344525233000,0,17.40543000,1.2174
1623344525233000,0,135.72343000,1.2174
1623344529467000,1,712.57959000,1.2173
1623344529631000,1,712.57959000,1.2172
1623344529631000,1,265.51801000,1.2172
1623344772447000,1,17.39764000,1.2171
1623344772447000,1,17.39793000,1.2171
1623344772447000,1,17.39851000,1.2170
1623344901201000,1,600.00000000,1.2168
1623344901201000,1,152.67029000,1.2167
1623344901203000,1,12.46999000,1.2167
1623344901203000,1,392.30896000,1.2164
1623344901203000,1,280.67998000,1.2164
1623345032036000,1,500.00000000,1.2167
1623345424606000,0,743.78881000,1.2173
1623345538470000,0,669.74829000,1.2173
1623345928423000,0,652.67700000,1.2173
1623346025466000,0,978.07249000,1.2173
1623346025564000,0,0.00001000,1.2173
1623346186691000,0,206.50203000,1.2173
1623346189076000,1,599.69976000,1.2171
1623346244605000,0,362.86920000,1.2172
1623346244609000,0,635.89860000,1.2172
1623346244798000,0,32.51004000,1.2172
1623346483345000,1,17.39700000,1.2171
1623346518751000,1,0.00007000,1.2171
1623346518751000,1,382.62843000,1.2168
1623346577381000,0,17.39678000,1.2172
1623347039834000,0,720.15485000,1.2169
1623347041404000,0,183.04352000,1.2169
1623347419869000,0,1230.08000000,1.2172
1623347577645000,1,100.00000000,1.2169
1623347683628000,1,100.00000000,1.2169
1623347941329000,0,388.01596000,1.2172
1623348116708000,0,386.04093000,1.2172
1623348196026000,0,592.06144000,1.2172
1623348196189000,0,886.23183000,1.2172
1623348196221000,1,417.56900000,1.2171
1623348196325000,0,91.87054000,1.2172
1623348196325000,0,1138.75092000,1.2172
1623348355550000,0,17.39620000,1.2172
1623348407539000,0,329.16076000,1.2173
1623348426397000,0,205.35272000,1.2173
1623348546457000,0,205.35609000,1.2173
1623348617654000,0,319.89436000,1.2173
1623348680025000,1,17.39591000,1.2173
1623348824153000,0,978.10864000,1.2172
1623348825614000,1,205.36025000,1.2173
1623348856685000,0,2999.99983000,1.2173
1623348881830000,1,834.23168000,1.2173
1623348881830000,1,5023.21152000,1.2173
1623348906829000,0,205.34766000,1.2173
1623348920344000,1,771.34968000,1.2173
1623348920344000,1,206.75870000,1.2173
1623348991675000,1,4518.72483000,1.2173
1623349026771000,0,205.33923000,1.2174
1623349266950000,0,17.40485000,1.2174
1623349266950000,0,187.92594000,1.2174
1623349387066000,0,17.40456000,1.2175
1623349387066000,0,187.91780000,1.2175
1623349444559000,0,205.33079000,1.2174
1623349496256000,1,978.10088000,1.2175
1623349496330000,1,978.10088000,1.2175
1623349627285000,0,17.40399000,1.2175
1623349627285000,0,17.40370000,1.2175
1623349627285000,0,170.50624000,1.2175
1623349715331000,1,176.89532000,1.2175
1623349716331000,1,28.41861000,1.2175
1623349716331000,1,17.39419000,1.2174
1623349716331000,1,17.39447000,1.2174
1623349716331000,1,17.39505000,1.2174
1623349716331000,1,17.39534000,1.2173
1623349763520000,0,17.39361000,1.2174
1623349768235000,0,17.39332000,1.2174
1623349867620000,0,205.28694000,1.2174
1623349882238000,1,131.12414000,1.2169
1623349882297000,0,205.29900000,1.2169
1623350107838000,0,205.01491000,1.2173
1623350468148000,0,137.09404000,1.2176
1623350588293000,0,17.40312000,1.2176
1623350588293000,0,188.40691000,1.2176
1623350708530000,0,17.40283000,1.2176
1623350708530000,0,112.01775000,1.2176
1623350766595000,1,17.39274000,1.2176
1623350809503000,0,17.39246000,1.2176
1623351308945000,0,205.30530000,1.2176
1623351581271000,1,137.24709000,1.2174
1623352028156000,1,205.41845000,1.2169
1623352028287000,1,677.91779000,1.2169
1623352028287000,1,472.49934000,1.2169
1623352028301000,0,1101.29791000,1.2169
1623352031279000,0,600.00000000,1.2173
1623352031374000,1,600.00000000,1.2174
1623352031476000,1,232.47940000,1.2174
1623352031506000,0,600.00000000,1.2174
1623352037724000,1,936.44299000,1.2174
1623352269503000,0,137.26400000,1.2175
1623352667537000,0,17.40226000,1.2177
1623352667537000,0,17.40197000,1.2177
1623352667537000,0,325.28994000,1.2178
1623352667565000,0,34.80422000,1.2178
1623352672146000,1,304.72999000,1.2174
1623352681125000,0,978.08296000,1.2177
1623352847048000,0,205.27000000,1.2178
1623352873698000,1,8213.48489000,1.2178
1623352950765000,1,17.39188000,1.2177
1623352950765000,1,263.97811000,1.2175
1623352990208000,1,17.39159000,1.2177
1623352990208000,1,398.32840000,1.2175
1623353131802000,0,17.40139000,1.2178
1623353131802000,0,341.99303000,1.2178
1623353131809000,0,205.27514000,1.2178
1623353230009000,0,17.40110000,1.2178
1623353230009000,0,17.40053000,1.2179
1623353230009000,0,170.45498000,1.2179
1623353349977000,0,205.25493000,1.2179
1623353414080000,1,17.39102000,1.2178
1623353414080000,1,104.67499000,1.2178
1623353420863000,1,303.80070000,1.2174
1623353470168000,0,205.27009000,1.2178
1623353590241000,0,205.26504000,1.2178
1623353710194000,0,205.26335000,1.2179
1623353830543000,0,205.28189000,1.2177
1623354070598000,0,205.22608000,1.2176
1623354190617000,0,205.28864000,1.2177
1623354310834000,0,205.29201000,1.2177
1623354430768000,0,205.29201000,1.2177
1623354550867000,0,205.29707000,1.2176
1623354791028000,0,205.30044000,1.2176
1623354911104000,0,205.30044000,1.2176
1623355031172000,0,123.72379000,1.2175
1623355271255000,0,205.30887000,1.2176
1623355339022000,1,935.30468000,1.2170
1623355339022000,1,935.30468000,1.2170
1623355339022000,1,1129.39064000,1.2170
1623355339079000,1,1870.60936000,1.2170
1623355339079000,1,17.40053000,1.2168
1623355339079000,1,2200.35010000,1.2168
1623355478165000,1,179.54871000,1.2170
1623355479262000,1,155.70596000,1.2170
1623355479262000,1,23.84275000,1.2170
1623355480914000,1,138.62738000,1.2170
1623355482028000,1,120.00677000,1.2170
1623355483110000,1,140.50566000,1.2170
1623355484217000,1,41.05493000,1.2170
1623355484217000,1,58.94507000,1.2170
1623355485350000,1,132.32140000,1.2170
1623355486502000,1,132.32140000,1.2170
1623355487639000,1,108.27285000,1.2170
1623355561282000,0,1870.60936000,1.2170
1623355561501000,1,8215.20552000,1.2175
1623355561589000,1,5562.78787000,1.2175
1623355562105000,1,8215.20552000,1.2175
1623355562707000,1,8215.20552000,1.2175
1623355563321000,1,6609.85684000,1.2175
1623355589765000,1,600.00000000,1.2173
1623355631607000,0,205.31730000,1.2175
1623355751615000,0,205.28864000,1.2177
1623355847205000,0,17.40053000,1.2179
1623355847205000,0,17.40024000,1.2179
1623355847205000,0,2938.89185000,1.2179
1623355849217000,1,647.26970000,1.2173
1623355879046000,1,568.50745000,1.2172
1623355880492000,1,639.48144000,1.2173
1623355880492000,1,104.69181000,1.2172
1623355882683000,1,403.40058000,1.2173
1623355882834000,1,225.61168000,1.2173
1623355882834000,1,403.40053000,1.2173
1623355882990000,1,601.40596000,1.2172
1623355891521000,1,7948.89238000,1.2172
1623355891675000,1,0.00001000,1.2172
1623355891675000,1,2749.88631000,1.2170
1623355891835000,1,250.11369000,1.2170
1623355891917000,1,156.12131000,1.2169
1623355897291000,1,600.00000000,1.2169
1623355897303000,1,978.07544000,1.2169
1623355897322000,1,0.01410000,1.2169
1623355897322000,1,978.12529000,1.2168
1623355899121000,0,296.31119000,1.2177
1623355899516000,1,316.67636000,1.2169
1623355907770000,1,110.25999000,1.2167
1623355907836000,1,200.47030000,1.2167
1623355911284000,1,225.74613000,1.2167
1623355961083000,1,583.26896000,1.2168
1623355961176000,1,16.73104000,1.2168
1623355961176000,1,17.40110000,1.2167
1623355961176000,1,17.40139000,1.2167
1623355961176000,1,17.40197000,1.2166
1623355961176000,1,17.40226000,1.2166
1623355961274000,0,182.89500000,1.2166
1623355961290000,0,0.00046000,1.2166
1623355961448000,1,844.39818000,1.2166
1623355963850000,1,387.57903000,1.2168
1623355968116000,0,47.65697000,1.2168
1623356000033000,1,1563.84062000,1.2171
1623356111795000,0,205.17855000,1.2175
1623356124202000,0,368.84423000,1.2175
1623356189209000,0,17.40226000,1.2177
1623356189209000,0,17.40197000,1.2177
1623356189209000,0,293.79862000,1.2178
1623356194351000,0,938.17859000,1.2178
1623356194351000,0,1132.05669000,1.2178
1623356197040000,0,402.30737000,1.2178
1623356202079000,1,1551.41477000,1.2172
1623356202198000,1,0.00376000,1.2172
1623356202198000,1,600.00000000,1.2171
1623356202198000,1,17.40024000,1.2168
1623356202198000,1,17.40053000,1.2168
1623356202198000,1,17944.65773000,1.2167
1623356222732000,0,131.66033000,1.2171
1623356225636000,1,600.00000000,1.2168
1623356225674000,1,978.05797000,1.2167
1623356225729000,0,173.63500000,1.2167
1623356225775000,0,96.08808000,1.2167
1623356267160000,0,968.60905000,1.2177
1623356289246000,0,327.89487000,1.2178
1623356422884000,1,657.77796000,1.2168
1623356422884000,1,11.82344000,1.2168
1623356496525000,0,217.60000000,1.2178
1623356497630000,0,760.45596000,1.2178
1623356497630000,0,317.06404000,1.2178
1623356527011000,1,600.00000000,1.2171
1623356527011000,1,53.53694000,1.2171
1623356528688000,1,550.36276000,1.2171
1623356528717000,1,49.63724000,1.2171
1623356632583000,0,730.96882000,1.2177
1623356632600000,0,66.80293000,1.2177
1623356632600000,0,1802.85443000,1.2178
1623356696472000,0,1197.14556000,1.2178
1623356696585000,0,0.00001000,1.2178
1623356696585000,0,407.70711000,1.2178
1623356702105000,0,824.27515000,1.2178
1623356702105000,0,153.76906000,1.2178
1623356702124000,0,2103.10094000,1.2178
1623356702243000,1,978.03420000,1.2178
1623356752999000,1,423.01453000,1.2171
1623356753110000,1,176.98547000,1.2171
1623356753110000,1,1075.01452000,1.2171
1623356774812000,0,667.28175000,1.2177
1623356774823000,0,662.29254000,1.2178
1623356775195000,0,239.60582000,1.2178
1623356785493000,0,412.71000000,1.2178
1623356785514000,0,0.00746000,1.2178
1623356785514000,0,561.43254000,1.2178
1623356932378000,0,306.36224000,1.2176
1623356933488000,0,241.46120000,1.2176
1623356953949000,1,287.54567000,1.2176
1623356955389000,1,1184.62000000,1.2175
1623356955517000,0,47.49382000,1.2175
1623356955517000,0,665.37675000,1.2177
1623356955517000,0,665.37675000,1.2177
1623356955517000,0,665.37675000,1.2177
1623356955517000,0,118.15593000,1.2177
1623357016844000,1,315.31952000,1.2172
1623357017254000,1,107.69501000,1.2172
1623357017314000,1,176.98547000,1.2172
1623357017314000,1,45.25822000,1.2170
1623357017418000,1,755.38842000,1.2170
1623357022737000,1,691.93477000,1.2171
1623357022847000,1,691.93477000,1.2171
1623357032593000,1,0.00001000,1.2171
1623357032593000,1,117.80114000,1.2170
1623357032593000,1,2716.57314000,1.2168
1623357032635000,1,283.42686000,1.2168
1623357032635000,1,694.61736000,1.2168
1623357032665000,1,283.42686000,1.2168
1623357032716000,0,600.00000000,1.2168
1623357032720000,0,94.61736000,1.2168
1623357032789000,1,112.22521000,1.2168
1623357032791000,1,393.15743000,1.2168
1623357032791000,1,584.88679000,1.2168
1623357032803000,1,15.11321000,1.2168
1623357032803000,1,878.63114000,1.2167
1623357047487000,1,600.00000000,1.2168
1623357047487000,1,668.80564000,1.2168
1623357047617000,1,1424.86532000,1.2168
1623357047628000,1,599.99179000,1.2168
1623357047628000,1,99.41308000,1.2167
1623357047628000,1,17.40197000,1.2166
1623357047628000,1,17.40226000,1.2166
1623357047628000,1,243.83512000,1.2166
1623357047682000,1,552.43999000,1.2166
1623357047936000,1,600.00000000,1.2168
1623357047950000,1,523.66999000,1.2166
1623357048062000,1,76.33001000,1.2166
1623357048062000,1,181.76911000,1.2166
1623357048062000,1,17.40283000,1.2166
1623357048062000,1,17.40312000,1.2165
1623357048062000,1,349.27422000,1.2165
1623357192779000,1,204.85141000,1.2166
1623357219684000,1,394.95097000,1.2166
1623357238790000,1,781.16224000,1.2167
1623357238790000,1,219.71775000,1.2166
1623357248539000,0,107.12172000,1.2174
1623357248641000,0,620.79020000,1.2174
1623357248677000,0,53.67357000,1.2174
1623357248677000,0,524.07280000,1.2174
1623357248705000,0,1198.52637000,1.2174
1623357248811000,0,1277.40083000,1.2174
1623357248926000,0,17.40312000,1.2176
1623357248926000,0,17.40283000,1.2176
1623357248926000,0,17.40226000,1.2177
1623357248926000,0,17.40197000,1.2177
1623357248926000,0,17.40139000,1.2178
1623357248926000,0,978.04422000,1.2178
1623357248926000,0,20.40978000,1.2178
1623357249027000,1,322.76425000,1.2174
1623357250254000,1,355.50131000,1.2175
1623357251674000,1,321.19577000,1.2175
1623357252849000,1,232.16855000,1.2175
1623357254072000,1,232.16855000,1.2175
1623357254225000,1,107.13025000,1.2175
1623357292266000,0,322.79631000,1.2177
1623357292379000,0,310.56834000,1.2178
1623357298312000,1,82.14000000,1.2178
1623357300795000,1,82.14000000,1.2178
1623357302943000,1,82.14000000,1.2178
1623357304597000,1,82.14000000,1.2178
1623357304875000,1,82.14000000,1.2178
1623357307056000,1,82.14000000,1.2178
1623357307659000,1,82.14000000,1.2178
1623357308005000,1,82.14000000,1.2178
1623357308035000,1,647.45000000,1.2178
1623357308979000,1,82.14000000,1.2178
1623357309561000,1,82.14000000,1.2178
1623357309700000,1,998.97999000,1.2178
1623357311311000,1,82.14000000,1.2178
1623357311479000,1,82.14000000,1.2178
1623357311856000,1,978.08529000,1.2178
1623357312597000,1,205.32614000,1.2178
1623357313605000,1,82.14000000,1.2178
1623357313784000,1,82.14000000,1.2178
1623357315188000,1,82.14000000,1.2178
1623357315556000,1,82.14000000,1.2178
1623357317345000,1,82.14000000,1.2178
1623357317502000,1,82.14000000,1.2178
1623357317785000,1,978.16851000,1.2178
1623357317864000,1,978.16851000,1.2178
1623357317941000,1,978.16851000,1.2178
1623357318011000,1,978.16851000,1.2178
1623357318085000,1,978.16851000,1.2178
1623357319405000,1,82.14000000,1.2178
1623357319562000,1,77.14000000,1.2178
1623357320763000,1,110.41458000,1.2178
1623357321036000,1,82.14000000,1.2178
1623357322092000,1,110.41458000,1.2178
1623357333147000,1,102.73023000,1.2178
1623357334351000,1,102.73023000,1.2178
1623357335990000,1,225.92863000,1.2178
1623357337698000,1,225.92863000,1.2178
1623357339665000,1,194.76463000,1.2178
1623357341586000,1,159.37036000,1.2178
1623357342572000,1,130.40824000,1.2178
1623357343693000,1,130.40824000,1.2178
1623357344957000,1,116.90285000,1.2178
1623357399713000,1,136.71862000,1.2178
1623357401502000,1,136.71862000,1.2178
1623357403361000,1,111.87649000,1.2178
1623357404582000,1,101.74400000,1.2178
1623357423950000,1,1673.23999000,1.2178
1623357426526000,0,123.14417000,1.2178
1623357428096000,1,821.16768000,1.2178
1623357432796000,1,204.90837000,1.2178
1623357437548000,1,126.85210000,1.2178
1623357490849000,0,1232.25553000,1.2174
1623357496102000,1,100.65737000,1.2174
1623357507425000,1,4174.73966000,1.2174
1623357507425000,1,825.26034000,1.2174
1623357552936000,1,205.26019000,1.2170
1623357583678000,1,329.91108000,1.2170
1623357583678000,1,648.24486000,1.2170
1623357583698000,1,329.91108000,1.2170
1623357583698000,1,276.99170000,1.2170
1623357584020000,1,316.57314000,1.2169
1623357584088000,1,283.42686000,1.2169
1623357584088000,1,1310.98313000,1.2169
1623357651303000,1,410.71238000,1.2169
1623357654756000,1,746.06788000,1.2169
1623357673027000,1,205.68581000,1.2169
1623357793613000,1,205.27136000,1.2169
1623357865737000,0,330.61245000,1.2174
1623357866278000,1,189.04282000,1.2169
1623357866298000,1,0.00001000,1.2169
1623357866298000,1,974.80396000,1.2168
1623357871629000,0,599.99999000,1.2174
1623357871664000,0,0.00001000,1.2174
1623357871664000,0,332.30449000,1.2174
1623357921568000,0,2999.99999000,1.2173
1623358027923000,0,619.08721000,1.2173
1623358027976000,0,2780.10000000,1.2177
1623358028193000,1,205.53057000,1.2173
1623358028193000,1,98.27751000,1.2169
1623358040789000,1,237.83183000,1.2170
1623358042520000,1,227.59216000,1.2170
1623358043643000,1,227.59216000,1.2170
1623358044754000,1,107.25305000,1.2170
1623358044754000,1,103.12545000,1.2170
1623358045901000,1,160.21261000,1.2170
1623358047129000,1,150.20856000,1.2170
1623358048240000,1,114.41837000,1.2170
1623358223734000,0,30.36847000,1.2178
1623358274059000,1,206.30946000,1.2172
1623358394428000,1,205.25082000,1.2172
1623358514646000,1,205.45999000,1.2171
1623358543112000,1,394.54001000,1.2171
1623358546500000,0,284.84169000,1.2171
1623358634735000,1,205.28999000,1.2170
1623359169884000,0,362.65980000,1.2171
1623359174800000,0,124.00850000,1.2171
1623359174800000,0,133.69579000,1.2174
1623359341972000,0,18.06696000,1.2177
1623359353229000,1,22.00000000,1.2171
1623359365648000,0,22.00000000,1.2177
1623359378042000,1,22.00000000,1.2171
1623359391497000,0,22.00000000,1.2177
1623359404980000,1,22.00000000,1.2171
1623359441860000,0,18.06651000,1.2177
1623359448658000,1,22.00000000,1.2171
1623359456481000,0,22.00000000,1.2177
1623359464275000,1,22.00000000,1.2171
1623359473137000,0,22.00000000,1.2178
1623359481971000,1,22.00000000,1.2172
1623359642660000,1,107.52494000,1.2172
1623359915738000,0,205.90443000,1.2176
1623359915788000,0,818.17233000,1.2178
1623360563597000,1,19975.92996000,1.2178
1623360563718000,1,600.00000000,1.2178
1623360563718000,1,223.95998000,1.2171
1623360563815000,0,600.00000000,1.2178
1623360724410000,0,17.40110000,1.2178
1623360724410000,0,1215.54377000,1.2179
1623360724519000,0,208.68000000,1.2179
1623360724578000,0,167.83859000,1.2179
1623360724730000,0,1065.19415000,1.2179
1623360724865000,0,424.11777000,1.2179
1623360725012000,0,809.67205000,1.2179
1623360725152000,0,2128.86535000,1.2179
1623360725968000,0,459.93060000,1.2179
1623360726117000,0,1233.97035000,1.2179
1623360726282000,0,3141.98939000,1.2179
1623360726282000,0,171.09256000,1.2179
1623360916547000,0,65.13682000,1.2179
1623360916547000,0,17.40053000,1.2179
1623360916547000,0,17.40024000,1.2179
1623360916547000,0,5.97761000,1.2180
1623361007304000,0,879.09267000,1.2179
1623361018455000,0,277.95998000,1.2179
1623361036762000,0,11.42205000,1.2180
1623361036762000,0,17.39937000,1.2180
1623361036762000,0,76.69206000,1.2180
1623361276963000,0,205.25473000,1.2180
1623361517111000,0,205.27494000,1.2178
1623361637222000,0,205.26483000,1.2179
1623361757531000,0,205.26315000,1.2179
1623361877667000,0,205.27664000,1.2178
1623361997832000,0,205.27831000,1.2178
1623362237860000,0,205.27832000,1.2178
1623362357945000,0,205.26821000,1.2179
1623362478100000,0,205.26315000,1.2179
1623362587565000,0,730.54842000,1.2179
1623362978393000,0,40.96033000,1.2179
1623363198454000,0,205.28169000,1.2178
1623363438591000,0,205.28001000,1.2178
1623363558632000,0,205.28001000,1.2178
1623363658397000,0,338.02100000,1.2178
1623363678728000,0,205.26315000,1.2179
1623363798804000,0,205.26315000,1.2179
1623363918806000,0,205.28001000,1.2178
1623364159001000,0,205.28001000,1.2178
1623364278996000,0,205.28001000,1.2178
1623364399038000,0,205.24630000,1.2180
1623364519103000,0,205.24630000,1.2180
1623364639181000,0,28.44000000,1.2180
1623364639181000,0,176.80630000,1.2180
1623364759295000,1,205.24627000,1.2175
1623364774710000,1,269.26669000,1.2175
1623364775143000,1,53.38417000,1.2175
1623364782167000,1,51.24880000,1.2175
1623365050904000,0,187.43000000,1.2176
1623365050914000,0,137.63767000,1.2179
1623365599560000,0,205.26315000,1.2179
1623366436661000,0,17.39880000,1.2181
1623366436661000,0,15.42351000,1.2181
1623366619129000,0,1.97500000,1.2181
1623366619129000,0,14.43522000,1.2182
1623366699775000,1,183.86407000,1.2173
1623367231378000,0,2.96271000,1.2182
1623367231378000,0,17.39764000,1.2182
1623367231378000,0,894.19387000,1.2182
1623368402729000,1,129.13140000,1.2179
