timestamp ms,type,amount,price
1623888329559000,1,987.17728000,1.1991
1623888329559000,1,0.03814000,1.1991
1623888329653000,1,987.13914000,1.1991
1623888329653000,1,0.10135000,1.1990
1623888329699000,1,987.07593000,1.1990
1623888329712000,1,987.17728000,1.1990
1623888329719000,1,987.17728000,1.1989
1623888329742000,1,600.00000000,1.1989
1623888329742000,1,17.57499000,1.1988
1623888329742000,1,369.66225000,1.1988
1623888333853000,0,0.06321000,1.1989
1623889027682000,1,17.57528000,1.1988
1623889027682000,1,34.00000000,1.1988
1623889027682000,1,17.57557000,1.1988
1623889027682000,1,17.57587000,1.1987
1623889027682000,1,13.27328000,1.1987
1623889029107000,1,110.84260000,1.1988
1623889030224000,1,110.84260000,1.1988
1623889031340000,1,110.84260000,1.1988
1623889032465000,1,110.84260000,1.1988
1623889034243000,1,110.84260000,1.1988
1623889035345000,1,110.84260000,1.1988
1623889036438000,1,110.84260000,1.1988
1623889037532000,1,110.84260000,1.1988
1623889038648000,1,110.84260000,1.1988
1623889039745000,1,2.41660000,1.1988
1623889039745000,1,4.30288000,1.1987
1623889039745000,1,17.57646000,1.1987
1623890406154000,0,567.37593000,1.1995
1623890409247000,0,2999.99999000,1.1995
1623890409385000,0,0.00001000,1.1995
1623890409385000,0,1071.53665000,1.1996
1623890409492000,0,13.27328000,1.1998
1623890409492000,0,4.30288000,1.1998
1623890409492000,0,969.63865000,1.1998
1623890409495000,0,17.54564000,1.1998
1623890409495000,0,17.57587000,1.1998
1623890409495000,0,17.57528000,1.1999
1623890409495000,0,1197.90766000,1.1999
1623890409536000,1,964.38301000,1.1998
1623890409617000,1,22.80100000,1.1998
1623890409814000,0,52.69680000,1.1999
1623890409814000,0,934.51801000,1.1999
1623890410061000,0,1004.78891000,1.1999
1623890410065000,0,245.81555000,1.1999
1623890410065000,0,52.69682000,1.1999
1623890410065000,0,17.57499000,1.1999
1623890410065000,0,17.57440000,1.2000
1623890410065000,0,17.57410000,1.2000
1623890410065000,0,987.21483000,1.2000
1623890410065000,0,867.94471000,1.2000
1623890410065000,0,17.57352000,1.2001
1623890410065000,0,17.57322000,1.2001
1623890410065000,0,3904.22036000,1.2001
1623890410186000,0,867.94471000,1.2000
1623890410186000,0,1004.36532000,1.2001
1623890410190000,0,1003.88862000,1.2001
1623890413342000,1,0.00027000,1.1998
1623890413342000,1,599.99973000,1.1998
1623890800703000,1,17.56969000,1.1994
1623890800703000,1,17.56999000,1.1993
1623890890495000,0,1088.71059000,1.1993
1623890890587000,0,0.00001000,1.1993
1623890890587000,0,360.90726000,1.1994
1623890895137000,0,1000.44037000,1.1994
1623890951209000,0,250.65956000,1.1994
1623890951209000,0,499.16241000,1.1995
1623890953558000,0,1000.49315000,1.1994
1623890960097000,0,250.60678000,1.1994
1623890960151000,0,749.77841000,1.1995
1623890962859000,0,1000.49315000,1.1994
1623890971075000,0,250.60678000,1.1994
1623890971156000,0,749.79917000,1.1995
1623891011521000,0,1000.32689000,1.1994
1623891016058000,0,1000.51558000,1.1992
1623891018608000,0,250.71480000,1.1992
1623891018608000,0,499.01191000,1.1994
1623891018696000,1,250.71480000,1.1992
1623891030652000,0,1000.51558000,1.1992
1623891034948000,0,1000.52998000,1.1992
1623891051405000,0,250.70038000,1.1992
1623891051521000,0,0.00002000,1.1992
1623891051521000,0,749.86022000,1.1994
1623891059027000,0,1000.74070000,1.1992
1623891065830000,0,250.48968000,1.1992
1623891065830000,0,1593.89659000,1.1994
1623891065906000,0,250.48970000,1.1994
1623891065906000,0,0.28332000,1.1994
1623891065924000,0,250.48972000,1.1994
1623891065924000,0,2749.51027000,1.1994
1623891065936000,0,250.48973000,1.1994
1623891065936000,0,693.25885000,1.1995
1623891065962000,0,250.48975000,1.1995
1623891065962000,0,736.89426000,1.1997
1623891066006000,0,250.48977000,1.1997
1623891066006000,0,411.73428000,1.1998
1623891066148000,0,675.92558000,1.1994
1623891066150000,0,267.82302000,1.1994
1623891066150000,0,57.26366000,1.1995
1623891066426000,0,938.02224000,1.1994
1623891066426000,0,5.72635000,1.1995
1623891066427000,0,938.02225000,1.1995
1623891066427000,0,49.28882000,1.1995
1623891066427000,0,837.19612000,1.1995
1623891066427000,0,150.11494000,1.1997
1623891066508000,1,1409.24097000,1.1994
1623891066508000,1,250.48966000,1.1992
1623894507840000,1,100.77681000,1.1993
1623894508952000,1,28.69446000,1.1993
1623894508952000,1,71.30554000,1.1993
1623894513571000,1,102.86840000,1.1993
1623894514834000,1,102.86840000,1.1993
1623894516185000,1,102.86840000,1.1993
1623894517752000,1,102.86840000,1.1993
1623894519193000,1,112.65399000,1.1993
1623894520653000,1,112.65399000,1.1993
1623894548802000,1,108.18016000,1.1993
1623894549902000,1,108.18016000,1.1993
1623894551026000,1,108.18016000,1.1993
1623894581221000,1,104.26664000,1.1993
1623894603820000,1,110.42024000,1.1993
1623894618812000,1,115.49240000,1.1993
1623894619863000,1,115.49240000,1.1993
1623894704083000,1,139.79819000,1.1994
1623894705105000,1,129.96000000,1.1994
1623894707204000,1,129.96000000,1.1994
1623894708225000,1,129.96000000,1.1994
1623894709710000,1,129.96000000,1.1994
1623894710802000,1,129.96000000,1.1994
1623894711931000,1,129.96000000,1.1994
1623894713029000,1,118.13839000,1.1994
1623894714109000,1,118.13839000,1.1994
1623894878929000,1,110.89180000,1.1994
1623894880033000,1,110.89180000,1.1994
1623894881486000,1,110.89180000,1.1994
1623894951376000,1,104.95210000,1.1994
1623895022027000,1,100.93131000,1.1995
1623895054699000,1,102.18150000,1.1995
1623895133863000,1,101.20178000,1.1996
1623895345632000,1,108.30575000,1.1996
1623895364820000,1,107.24718000,1.1996
1623895365917000,1,107.24718000,1.1996
1623895367131000,1,107.24718000,1.1996
1623895513694000,1,101.90518000,1.1996
1623895530401000,1,103.92193000,1.1996
1623895531809000,1,103.92193000,1.1996
1623895532931000,1,103.92193000,1.1996
1623895534013000,1,103.92193000,1.1996
1623895543144000,1,103.13817000,1.1996
1623895564095000,1,104.72749000,1.1996
1623895600831000,1,105.99711000,1.1996
1623895602088000,1,47.20073000,1.1996
1623895602088000,1,52.79927000,1.1995
1623895603540000,1,105.99711000,1.1996
1623895624703000,1,180.95186000,1.1995
1623895625802000,1,180.95186000,1.1995
1623895626902000,1,148.97541000,1.1995
1623895628010000,1,148.97541000,1.1995
1623895629125000,1,122.64959000,1.1995
1623895630206000,1,122.64959000,1.1995
1623895631297000,1,29.02179000,1.1995
1623895631297000,1,70.97821000,1.1995
1623895632352000,1,130.84515000,1.1996
1623895634286000,1,130.84515000,1.1996
1623896147072000,1,201.00338000,1.1997
1623896149335000,1,219.31602000,1.1997
1623896151740000,1,164.15733000,1.1997
1623896151897000,0,3039.39474000,1.1998
1623896152890000,0,6583.55943000,1.1997
1623896152981000,1,180.54845000,1.1997
1623896154510000,1,148.63366000,1.1997
1623896155309000,1,132.24253000,1.1997
1623896266611000,1,648.43865000,1.1998
1623896307919000,1,1554.46007000,1.1998
1623896323624000,1,507.95206000,1.1998
1623896757106000,1,124.37773000,1.1999
1623896758202000,1,102.38269000,1.1999
1623896872946000,1,103.69101000,1.1999
1623896959086000,1,371.79066000,1.1999
1623896960161000,1,306.04674000,1.1999
1623896961279000,1,251.92835000,1.1999
1623896962384000,1,57.05272000,1.1999
1623896962384000,1,42.94728000,1.1998
1623896963463000,1,139.88955000,1.1998
1623896964536000,1,115.15231000,1.1998
1623898085736000,0,249.24627000,1.2001
1623898794854000,1,118.66254000,1.1998
1623898801996000,1,179.26075000,1.1998
1623898803115000,1,170.58461000,1.1998
1623898804251000,1,170.58461000,1.1998
1623898805417000,1,140.40968000,1.1998
1623898805487000,1,63.22896000,1.1998
1623898806660000,1,140.40968000,1.1998
1623898807737000,1,115.57244000,1.1998
1623898810547000,1,105.22197000,1.1998
1623898811668000,1,105.22197000,1.1998
1623899021507000,1,106.67668000,1.1998
1623900212461000,1,101.99087000,1.1998
1623903430202000,0,833.16436000,1.1996
1623904278924000,1,159.64066000,1.1996
1623904278985000,1,24.64900000,1.1996
1623904280077000,1,159.64066000,1.1996
1623904281193000,1,35.21692000,1.1996
1623908360514000,0,352.15472000,1.1999
1623909012432000,0,347.91107000,1.1999
1623909032619000,0,133.93421000,1.1999
1623909033744000,0,17.57263000,1.2002
1623909033744000,0,17.57234000,1.2002
1623909033744000,0,17.57175000,1.2002
1623909033744000,0,17.57146000,1.2003
1623909033744000,0,122.50592000,1.2003
1623909602757000,1,5822.18602000,1.2003
1623909726070000,1,17.56205000,1.2001
1623909799181000,1,1823.23000000,1.1998
1623909801583000,1,7836.95999000,1.1998
1623909808771000,1,4517.62399000,1.1998
1623909808771000,1,495.00000000,1.1998
1623909886242000,1,17.57146000,1.1992
1623909886242000,1,17.57175000,1.1991
1623909886242000,1,17.57234000,1.1991
1623910139151000,1,17.57263000,1.1991
1623910150484000,1,17.57322000,1.1990
1623910150484000,1,17.57352000,1.1990
1623910183673000,1,17.57410000,1.1989
1623910183673000,1,17.57440000,1.1989
1623910183673000,1,17.57499000,1.1988
1623910285777000,1,17.57528000,1.1988
1623910285777000,1,17.57587000,1.1987
1623910285777000,1,17.57616000,1.1987
1623910314177000,1,17.57675000,1.1986
1623910314177000,1,17.57705000,1.1986
1623910314177000,1,17.57734000,1.1986
1623910314177000,1,17.57763000,1.1986
1623910314177000,1,17.57793000,1.1985
1623910314688000,1,17.57822000,1.1985
1623910314688000,1,17.57852000,1.1985
1623910317479000,1,17.57881000,1.1984
1623910319984000,1,17.57911000,1.1984
1623910319984000,1,17.57940000,1.1984
1623910320779000,1,17.57969000,1.1983
1623910320779000,1,17.57999000,1.1983
1623910320779000,1,600.00000000,1.1983
1623910320779000,1,17.58028000,1.1983
1623910626496000,0,203.00000000,1.1990
1623912075380000,0,815.85744000,1.1991
1623912387357000,1,17.58058000,1.1983
1623912387357000,1,17.58087000,1.1982
1623912387357000,1,17.58117000,1.1982
1623912387357000,1,17.58146000,1.1982
1623913262564000,1,333.00000000,1.1982
1623913268157000,1,333.00000000,1.1982
1623913418087000,0,312.22946000,1.1988
1623913615906000,1,17.58176000,1.1981
1623913615906000,1,17.58205000,1.1981
1623913615906000,1,17.58234000,1.1981
1623913615906000,1,17.58264000,1.1980
1623913651596000,1,17.58293000,1.1980
1623913651596000,1,82.41707000,1.1980
1623913653026000,1,110.56260000,1.1980
1623913654116000,1,94.43740000,1.1980
1623913654116000,1,5.56260000,1.1980
1623913656262000,1,104.35438000,1.1980
1623913658351000,1,114.14067000,1.1980
1623913659785000,1,114.14067000,1.1980
1623913661586000,1,124.21779000,1.1980
1623913663509000,1,124.21779000,1.1980
1623913665237000,1,125.78311000,1.1980
1623913666967000,1,103.59894000,1.1980
1623913685577000,1,801.56698000,1.1980
1623913685577000,1,17.58323000,1.1980
1623913685577000,1,250.00000000,1.1980
1623913686370000,1,17.58352000,1.1980
1623913686370000,1,7500.00000000,1.1979
1623913686370000,1,17.58382000,1.1979
1623913686370000,1,17.58411000,1.1979
1623913698850000,1,17.58441000,1.1979
1623913698850000,1,17.58470000,1.1978
1623913698850000,1,17.58499000,1.1978
1623913698850000,1,17.58529000,1.1978
1623913698850000,1,29.66061000,1.1978
1623913701262000,1,2089.73418000,1.1978
1623913721971000,1,107.63181000,1.1978
1623913723095000,1,107.63181000,1.1978
1623913725675000,1,108.66952000,1.1978
1623913726784000,1,108.66952000,1.1978
1623913735263000,1,101.09819000,1.1978
1623913737571000,1,101.09819000,1.1978
1623913758999000,1,104.86646000,1.1978
1623913760758000,1,115.75752000,1.1978
1623913761884000,1,115.75752000,1.1978
1623913764305000,1,105.47691000,1.1978
1623913765441000,1,115.38263000,1.1978
1623913785074000,1,208.23999000,1.1978
1623913789429000,1,105.59348000,1.1978
1623913790547000,1,115.42020000,1.1978
1623913791725000,1,115.42020000,1.1978
1623913794154000,1,104.67059000,1.1978
1623913795242000,1,104.67059000,1.1978
1623913796362000,1,104.67059000,1.1978
1623913809080000,1,2086.82999000,1.1978
1623913809116000,1,1243.04950000,1.1978
1623913810125000,1,17.58558000,1.1977
1623913810125000,1,17.58588000,1.1977
1623913810125000,1,17.58617000,1.1977
1623913810125000,1,17.58647000,1.1977
1623913810125000,1,17.58676000,1.1976
1623913810125000,1,17.58706000,1.1976
1623913810125000,1,17.58735000,1.1976
1623913810125000,1,17.58765000,1.1975
1623913810495000,1,17.58794000,1.1975
1623913810505000,1,17.58823000,1.1975
1623913810505000,1,17.58853000,1.1974
1623913810505000,1,17.58882000,1.1974
1623913810505000,1,17.58912000,1.1974
1623913810505000,1,2229.46529000,1.1974
1623913867213000,1,17.58941000,1.1973
1623913885007000,1,17.58971000,1.1973
1623913885007000,1,17.59000000,1.1973
1623913885007000,1,17.59030000,1.1973
1623913885007000,1,17.59059000,1.1972
1623913908936000,1,17.59089000,1.1972
1623913908936000,1,17.59118000,1.1972
1623913908936000,1,17.59148000,1.1971
1623913908936000,1,17.59177000,1.1971
1623913910601000,1,17.59207000,1.1971
1623913911365000,1,17.59236000,1.1970
1623913911365000,1,17.59265000,1.1970
1623913939640000,1,17.59295000,1.1970
1623913939640000,1,17.59324000,1.1970
1623913945420000,1,17.59354000,1.1969
1623913945420000,1,17.59383000,1.1969
1623913945420000,1,17.59413000,1.1969
1623913967448000,1,17.59442000,1.1968
1623914021623000,1,17.59472000,1.1968
1623914021623000,1,17.59501000,1.1968
1623914021623000,1,17.59531000,1.1967
1623914021623000,1,17.59560000,1.1967
1623914025123000,1,17.59590000,1.1967
1623914025123000,1,17.59619000,1.1967
1623914025123000,1,17.59649000,1.1966
1623914025123000,1,17.59678000,1.1966
1623914025123000,1,17.59708000,1.1966
1623914025123000,1,17.59737000,1.1965
1623914025123000,1,17.59767000,1.1965
1623914025123000,1,17.59796000,1.1965
1623914025123000,1,17.59826000,1.1965
1623914025123000,1,15.24629000,1.1964
1623914102477000,1,109.32794000,1.1967
1623914106476000,1,57.78406000,1.1967
1623914145496000,1,17.59855000,1.1964
1623914145496000,1,17.59885000,1.1964
1623914145496000,1,17.59914000,1.1964
1623914145496000,1,17.59944000,1.1963
1623914145496000,1,17.59973000,1.1963
1623914145496000,1,17.60003000,1.1963
1623914145496000,1,17.60032000,1.1962
1623914145496000,1,17.60062000,1.1962
1623914145496000,1,68.21331000,1.1962
1623914201389000,1,17.60091000,1.1962
1623914201389000,1,17.60121000,1.1962
1623914201389000,1,17.60150000,1.1961
1623914201389000,1,17.60180000,1.1961
1623914260741000,1,17.60209000,1.1961
1623914260741000,1,17.60239000,1.1960
1623914260741000,1,17.60268000,1.1960
1623914260741000,1,17.60298000,1.1960
1623914270525000,1,159.16556000,1.1957
1623914325217000,1,17.60563000,1.1957
1623914325217000,1,17.60593000,1.1957
1623914325217000,1,17.60622000,1.1956
1623914325217000,1,41.90000000,1.1956
1623914325217000,1,17.60652000,1.1956
1623914325217000,1,17.60681000,1.1956
1623914325217000,1,44.80041000,1.1956
1623914357965000,0,17.60416000,1.1958
1623914361479000,1,17.60475000,1.1958
1623914361479000,1,17.60504000,1.1958
1623914361479000,1,17.60534000,1.1957
1623914362662000,0,17.60386000,1.1958
1623914725227000,1,17.60711000,1.1955
1623914876219000,1,139.30229000,1.1952
1623914878767000,1,333.00000000,1.1952
1623914891781000,1,315.38846000,1.1951
1623914985538000,1,208.92445000,1.1951
1623915105684000,1,17.61065000,1.1952
1623915105684000,1,17.61095000,1.1952
1623915105684000,1,17.61124000,1.1951
1623915105684000,1,17.61184000,1.1951
1623915105684000,1,17.61213000,1.1950
1623915105684000,1,17.61243000,1.1950
1623915105684000,1,103.30774000,1.1950
1623915109145000,1,417.43387000,1.1950
1623915225792000,1,209.00949000,1.1950
1623915324972000,1,104.51256000,1.1950
1623915335729000,1,125.39134000,1.1950
1623915337049000,1,135.28928000,1.1950
1623915338532000,1,111.55376000,1.1950
1623915345861000,1,209.04701000,1.1950
1623915387277000,1,109.25083000,1.1950
1623915392377000,1,100.10803000,1.1950
1623915393454000,1,100.10803000,1.1950
1623915419251000,1,274.98806000,1.1950
1623915419251000,1,58.01194000,1.1950
1623915424596000,1,333.00000000,1.1950
1623915431963000,1,333.00000000,1.1950
1623915432134000,1,105.26895000,1.1950
1623915465928000,1,209.21881000,1.1950
1623915634602000,1,631.50030000,1.1950
1623915724630000,1,17.61272000,1.1950
1623915735749000,1,17.61302000,1.1949
1623915735749000,1,17.61331000,1.1949
1623915735749000,1,17.61361000,1.1949
1623915735749000,1,17.61390000,1.1949
1623915826411000,1,17.61420000,1.1948
1623915826411000,1,17.61449000,1.1948
1623915826411000,1,17.61479000,1.1948
1623915826411000,1,17.61509000,1.1947
1623915826411000,1,17.61538000,1.1947
1623915826411000,1,17.61568000,1.1947
1623915826411000,1,17.61597000,1.1946
1623915826411000,1,17.61627000,1.1946
1623915826411000,1,17.61656000,1.1946
1623915826411000,1,50.48857000,1.1946
1623915935372000,1,17.61686000,1.1946
1623915935372000,1,599.99999000,1.1946
1623915946586000,1,17.61715000,1.1945
1623915946586000,1,17.61745000,1.1945
1623915946586000,1,173.77990000,1.1945
1623916186950000,1,208.96656000,1.1947
1623916474627000,1,306.31121000,1.1947
1623916481686000,1,491.20854000,1.1946
1623916547389000,1,208.98157000,1.1945
1623916667411000,1,208.96406000,1.1945
1623916793794000,0,208.95155000,1.1948
1623916797472000,0,1140.00000000,1.1949
1623917054913000,0,339.90495000,1.1955
1623917057353000,0,542.48794000,1.1955
1623917059157000,0,17.61745000,1.1956
1623917109488000,0,17.61686000,1.1957
1623917112119000,0,17.61656000,1.1957
1623917124228000,0,17.61597000,1.1957
1623917267777000,1,208.78438000,1.1957
1623917508459000,1,208.74186000,1.1958
1623917748215000,1,208.82690000,1.1958
1623917868124000,1,208.93195000,1.1957
1623917878540000,0,17.61568000,1.1958
1623917878540000,0,0.78243000,1.1958
1623917889648000,1,22.00000000,1.1956
1623917901961000,0,16.83266000,1.1958
1623917901961000,0,5.16734000,1.1959
1623917914196000,1,17.60741000,1.1955
1623917914196000,1,4.39259000,1.1955
1623917927702000,0,12.44745000,1.1959
1623917927702000,0,9.55255000,1.1959
1623917941121000,1,22.00000000,1.1955
1623917978520000,0,18.39830000,1.1958
1623917985170000,1,20.94154000,1.1955
1623917985170000,1,1.05846000,1.1955
1623917992930000,0,22.00000000,1.1958
1623918000699000,1,16.54924000,1.1955
1623918000699000,1,5.45076000,1.1955
1623918009532000,0,22.00000000,1.1958
1623918018313000,1,12.15724000,1.1955
1623918018313000,1,9.84276000,1.1954
1623918108304000,1,7.76553000,1.1954
1623918108304000,1,17.60859000,1.1954
1623918108304000,1,183.72400000,1.1954
1623918126973000,1,8370.68752000,1.1954
1623918127532000,1,8370.68752000,1.1954
1623918228358000,1,17.60888000,1.1954
1623918228358000,1,17.60918000,1.1953
1623918228358000,1,17.60947000,1.1953
1623918228358000,1,17.60977000,1.1953
1623918228358000,1,17.61006000,1.1952
1623918228358000,1,17.61036000,1.1952
1623918228358000,1,103.44040000,1.1952
1623918297669000,0,186.91445000,1.1956
1623918297758000,1,609.12596000,1.1956
1623918367996000,1,600.00000000,1.1951
1623918368108000,1,600.00000000,1.1951
1623918368108000,1,54.53674000,1.1951
1623918468438000,1,208.96197000,1.1951
1623918531066000,1,333.00000000,1.1952
1623918701244000,0,1140.00000000,1.1957
1623918701244000,0,3000.00000000,1.1959
1623918701244000,0,17.61420000,1.1959
1623918701244000,0,17.61390000,1.1960
1623918701244000,0,17.61331000,1.1960
1623918701244000,0,17.61302000,1.1960
1623918701244000,0,17.61243000,1.1961
1623918701244000,0,988.90351000,1.1961
1623918701244000,0,17.61213000,1.1961
1623918701244000,0,268.92670000,1.1961
1623918701244000,0,1163.49080000,1.1962
1623918828755000,1,17.60445000,1.1958
1623918828755000,1,191.25205000,1.1957
1623918830997000,0,17.60357000,1.1959
1623918835699000,0,17.60327000,1.1959
1623918880975000,1,599.69999000,1.1954
1623918882700000,1,0.30001000,1.1954
1623918882815000,1,1134.80999000,1.1952
1623918948735000,1,208.90653000,1.1952
1623919068929000,1,208.89402000,1.1952
1623919276634000,1,391.10598000,1.1952
1623919308932000,1,17.61154000,1.1951
1623919308932000,1,191.57339000,1.1951
1623919314787000,1,17.61213000,1.1950
1623919314787000,1,17.61243000,1.1950
1623919314787000,1,319.10742000,1.1950
1623919429061000,1,17.61302000,1.1949
1623919429061000,1,17.61331000,1.1949
1623919429061000,1,17.61390000,1.1949
1623919429061000,1,17.61420000,1.1948
1623919429061000,1,17.61479000,1.1948
1623919429061000,1,17.61509000,1.1947
1623919429061000,1,63.02229000,1.1947
1623919506356000,1,357.15243000,1.1947
1623919506385000,1,357.15243000,1.1947
1623919666957000,0,351.40868000,1.1948
1623919672542000,1,17.61568000,1.1947
1623919672542000,1,17.61597000,1.1946
1623919672542000,1,17.61656000,1.1946
1623919672542000,1,17.61686000,1.1946
1623919672542000,1,17.61745000,1.1945
1623919672542000,1,11.91748000,1.1945
1623919684307000,1,5.70027000,1.1945
1623919684307000,1,17.61804000,1.1944
1623919684307000,1,17.61834000,1.1944
1623919684307000,1,17.61863000,1.1944
1623919684307000,1,17.61893000,1.1944
1623919895647000,1,17.61922000,1.1943
1623919895647000,1,17.61952000,1.1943
1623919895647000,1,17.61981000,1.1943
1623919895647000,1,17.62011000,1.1942
1623919909838000,1,17.62041000,1.1942
1623919909838000,1,17.62070000,1.1942
1623919909838000,1,17.62100000,1.1941
1623919909838000,1,153.50785000,1.1941
1623920069657000,1,17.62129000,1.1941
1623920069657000,1,17.62159000,1.1941
1623920069657000,1,17.62188000,1.1941
1623920069657000,1,17.62218000,1.1940
1623920095804000,1,17.62248000,1.1940
1623920095804000,1,17.62277000,1.1940
1623920095804000,1,17.62307000,1.1939
1623920095804000,1,17.62336000,1.1939
1623920405142000,1,219.81999000,1.1943
1623920849885000,1,4050.94999000,1.1946
1623921134368000,0,1128.48667000,1.1949
1623921135164000,0,11.51333000,1.1949
1623921370441000,1,44.00000000,1.1949
1623921513945000,0,17.62307000,1.1950
1623922144849000,0,17.62277000,1.1950
1623922144849000,0,17.62218000,1.1951
1623922144849000,0,2.36969000,1.1951
1623922730645000,0,17.62188000,1.1951
1623922730645000,0,17.62129000,1.1952
1623922730645000,0,17.62100000,1.1952
1623922730645000,0,156.33111000,1.1953
1623922852021000,1,276.13698000,1.1950
1623922852043000,1,323.86302000,1.1950
1623922852043000,1,59.94601000,1.1948
1623922933409000,1,345.80462000,1.1949
1623922966888000,1,354.53924000,1.1948
1623922970967000,1,208.97064000,1.1952
1623922972693000,0,185.37010000,1.1952
1623923239120000,1,355.42121000,1.1948
1623923252333000,1,351.67244000,1.1948
1623923331053000,0,208.92674000,1.1951
1623923673135000,1,17.62100000,1.1941
1623923673135000,1,17.62129000,1.1941
1623923673135000,1,17.62188000,1.1941
1623923673135000,1,17.62218000,1.1940
1623923673135000,1,883.84364000,1.1940
1623923878693000,0,28.52164000,1.1949
1623924531981000,0,1105.15000000,1.1946
1623924691463000,1,63.24188000,1.1942
1623924702749000,0,1058.31235000,1.1947
1623924702749000,0,8072.22523000,1.1950
1623924702749000,0,72.86007000,1.1950
1623924766378000,1,40.19715000,1.1943
1623924922114000,1,356.21968000,1.1941
1623924943739000,1,67.03000000,1.1941
1623924988516000,1,53.38447000,1.1941
1623925046269000,0,125.51910000,1.1944
1623925211873000,1,17.62277000,1.1940
1623925211873000,1,17.62307000,1.1939
1623925211873000,1,17.62366000,1.1939
1623925301285000,1,17.62396000,1.1938
1623925301285000,1,17.62425000,1.1938
1623925301285000,1,17.62455000,1.1938
1623925301285000,1,17.62484000,1.1938
1623925437618000,1,17.62514000,1.1937
1623925447575000,1,17.62543000,1.1937
1623925448581000,1,17.62573000,1.1937
1623925454816000,1,17.62603000,1.1936
1623925456363000,1,17.62632000,1.1936
1623925457354000,1,502.50400000,1.1936
1623925458355000,1,17.62662000,1.1936
1623925459358000,1,17.62691000,1.1935
1623925464860000,1,17.62721000,1.1935
1623925466633000,1,17.62751000,1.1935
1623925466633000,1,600.00000000,1.1935
1623925474918000,1,17.62780000,1.1934
1623925485131000,1,17.62810000,1.1934
1623925637587000,1,733.20321000,1.1935
1623925639680000,1,78.23999000,1.1936
1623925842006000,1,17.62839000,1.1934
1623925842006000,1,17.62869000,1.1934
1623925842006000,1,17.62899000,1.1933
1623925842006000,1,17.62928000,1.1933
1623925976220000,1,17.62958000,1.1933
1623925976220000,1,17.62987000,1.1932
1623925976220000,1,17.63017000,1.1932
1623925976220000,1,17.63047000,1.1932
1623927142863000,1,17.63076000,1.1931
1623927142863000,1,17.63106000,1.1931
1623927142863000,1,17.63135000,1.1931
1623927142863000,1,17.63165000,1.1931
1623927219021000,1,17.63195000,1.1930
1623927219021000,1,17.63224000,1.1930
1623927219021000,1,17.63254000,1.1930
1623927219021000,1,17.63283000,1.1929
1623927219021000,1,29.47044000,1.1929
1623927923490000,1,129.13000000,1.1932
1623927923490000,1,203.87000000,1.1932
1623927934973000,1,333.00000000,1.1932
1623928124173000,0,2456.56000000,1.1936
1623928124340000,0,989.69799000,1.1937
1623928124379000,0,987.77698000,1.1937
1623928124379000,0,269.29405000,1.1938
1623928124435000,0,720.40394000,1.1938
1623928124435000,0,269.29405000,1.1938
1623928124476000,1,739.58542000,1.1938
1623928124491000,0,248.19156000,1.1938
1623928124491000,0,987.77698000,1.1938
1623928124497000,0,989.69799000,1.1939
1623928124532000,1,21.10249000,1.1938
1623928131469000,0,620.40719000,1.1938
1623928145233000,1,305.41617000,1.1937
1623928500470000,1,258.76774000,1.1935
1623928500561000,1,753.04093000,1.1935
1623928501716000,1,258.76774000,1.1935
1623928503000000,1,213.48523000,1.1935
1623928504191000,1,130.83716000,1.1935
1623928506146000,1,18.41354000,1.1935
1623928506146000,1,81.58646000,1.1935
1623928641695000,1,354.84798000,1.1935
1623928689456000,1,139.38263000,1.1937
1623928690558000,1,114.98577000,1.1937
1623928696784000,1,553.39258000,1.1937
1623929200810000,1,382.96916000,1.1937
1623929523627000,1,100.00000000,1.1937
1623929963436000,1,228.56162000,1.1937
1623929968013000,1,228.56162000,1.1937
1623930053486000,1,209.61131000,1.1937
1623930506490000,0,1083.48526000,1.1940
1623930506490000,0,1846.33308000,1.1940
1623931554349000,0,209.12926000,1.1940
1623931572657000,0,400.73094000,1.1940
1623931673962000,0,145.69181000,1.1940
1623931741553000,0,10967.11809000,1.1940
1623931742057000,0,110.65311000,1.1940
1623932049577000,1,600.00000000,1.1938
1623932059668000,0,166.11948000,1.1940
1623932059686000,1,100.96999000,1.1940
1623932062784000,1,30.25449000,1.1940
1623932063989000,1,352.56831000,1.1937
1623932407820000,0,836.42191000,1.1940
1623932823506000,0,2901.64483000,1.1940
1623932823509000,0,10940.89877000,1.1940
1623932827834000,0,6457.75870000,1.1940
1623933029131000,0,0.00002000,1.1940
1623933029131000,0,17.63283000,1.1940
1623933029131000,0,17.63253000,1.1941
1623933378937000,1,129.83985000,1.1939
1623933378937000,1,600.00000000,1.1939
1623933378937000,1,3000.00000000,1.1937
1623933378937000,1,49946.75531000,1.1937
1623933378937000,1,989.36845000,1.1937
1623933378937000,1,989.25491000,1.1936
1623933378937000,1,8027.55878000,1.1935
1623933378937000,1,989.25491000,1.1935
1623933378937000,1,989.25491000,1.1934
1623933378937000,1,989.25491000,1.1933
1623933378937000,1,1256.41295000,1.1932
1623933378937000,1,989.25491000,1.1932
1623933378937000,1,1256.27615000,1.1931
1623933378937000,1,989.25491000,1.1931
1623933378937000,1,989.25491000,1.1930
1623933378937000,1,2093.60947000,1.1930
1623933378937000,1,17.63283000,1.1929
1623933378937000,1,7470.52956000,1.1929
1623933378937000,1,17.63313000,1.1929
1623933378937000,1,989.25491000,1.1929
1623933378937000,1,17.63343000,1.1929
1623933378937000,1,17.63372000,1.1928
1623933378937000,1,17.63402000,1.1928
1623933378937000,1,989.25491000,1.1928
1623933378937000,1,17.63431000,1.1928
1623933378937000,1,17.63461000,1.1928
1623933378937000,1,7500.00000000,1.1927
1623933378937000,1,17.63491000,1.1927
1623933378937000,1,17.63520000,1.1927
1623933378937000,1,989.25491000,1.1927
1623933378937000,1,17.63550000,1.1927
1623933378937000,1,17.63580000,1.1926
1623933378937000,1,17.63609000,1.1926
1623933378937000,1,989.25491000,1.1926
1623933378937000,1,17.63639000,1.1926
1623933378937000,1,17.63668000,1.1925
1623933378937000,1,17.63698000,1.1925
1623933378937000,1,989.25491000,1.1925
1623933378937000,1,17.63728000,1.1925
1623933378937000,1,17.63757000,1.1925
1623933378937000,1,17.63787000,1.1924
1623933378937000,1,17.63817000,1.1924
1623933378937000,1,989.25491000,1.1924
1623933378937000,1,2512.01581000,1.1924
1623933378937000,1,17.63846000,1.1924
1623933378937000,1,17.63876000,1.1923
1623933378937000,1,17.63905000,1.1923
1623933378937000,1,167.81483000,1.1923
1623933378937000,1,0.00017000,1.1923
1623933378937000,1,989.25491000,1.1923
1623933378937000,1,17.63935000,1.1923
1623933378937000,1,17.63965000,1.1923
1623933378937000,1,17.63994000,1.1922
1623933378937000,1,989.25491000,1.1922
1623933378937000,1,17.64024000,1.1922
1623933378937000,1,17.64054000,1.1922
1623933378937000,1,17.64083000,1.1921
1623933378937000,1,17.64113000,1.1921
1623933378937000,1,989.25491000,1.1921
1623933378937000,1,17.64143000,1.1921
1623933378937000,1,5002.54270000,1.1921
1623933378937000,1,17.64172000,1.1920
1623933378937000,1,17.64202000,1.1920
1623933378937000,1,1700.00000000,1.1920
1623933378937000,1,989.25491000,1.1920
1623933378937000,1,17.64231000,1.1920
1623933378937000,1,17.64261000,1.1920
1623933378937000,1,4186.41258000,1.1919
1623933378937000,1,17.64291000,1.1919
1623933378937000,1,989.25491000,1.1919
1623933378937000,1,17.64320000,1.1919
1623933378937000,1,17.64350000,1.1919
1623933378937000,1,17.64380000,1.1918
1623933378937000,1,261.00000000,1.1918
1623933378937000,1,200.00000000,1.1918
1623933378937000,1,17.64409000,1.1918
1623933378937000,1,989.25491000,1.1918
1623933378937000,1,17.64439000,1.1918
1623933378937000,1,17.64469000,1.1917
1623933378937000,1,17.64498000,1.1917
1623933378937000,1,989.25491000,1.1917
1623933378937000,1,17.64528000,1.1917
1623933378937000,1,17.64558000,1.1917
1623933378937000,1,17.64587000,1.1916
1623933378937000,1,989.25491000,1.1916
1623933378937000,1,17.64617000,1.1916
1623933378937000,1,17.64647000,1.1916
1623933378937000,1,17.64676000,1.1915
1623933378937000,1,17.64706000,1.1915
1623933378937000,1,989.25491000,1.1915
1623933378937000,1,17.64736000,1.1915
1623933378937000,1,10865.49969000,1.1914
1623933378937000,1,17.64765000,1.1914
1623933378937000,1,17.64795000,1.1914
1623933378937000,1,989.25491000,1.1914
1623933378937000,1,989.25491000,1.1913
1623933378937000,1,763.00000000,1.1912
1623933378937000,1,989.25491000,1.1912
1623933378937000,1,42.80000000,1.1912
1623933378937000,1,989.25491000,1.1911
1623933378937000,1,10000.00000000,1.1910
1623933378937000,1,989.25491000,1.1910
1623933378937000,1,100.00000000,1.1909
1623933378937000,1,8376.08628000,1.1909
1623933378937000,1,989.25491000,1.1909
1623933378937000,1,989.25491000,1.1908
1623933378937000,1,989.25491000,1.1907
1623933378937000,1,989.25491000,1.1906
1623933378937000,1,989.25491000,1.1905
1623933378937000,1,989.25491000,1.1904
1623933378937000,1,989.25491000,1.1903
1623933378937000,1,989.25491000,1.1902
1623933378937000,1,2641.00000000,1.1901
1623933378937000,1,989.25491000,1.1901
1623933378937000,1,11024.03407000,1.1900
1623933378937000,1,192.34386000,1.1900
1623933378937000,1,2432.61453000,1.1900
1623933378937000,1,2432.61453000,1.1900
1623933378937000,1,2432.61427000,1.1900
1623933378937000,1,2432.61427000,1.1900
1623933378937000,1,2432.61453000,1.1900
1623933378937000,1,2121.69360000,1.1900
1623933378937000,1,2432.61453000,1.1900
1623933378937000,1,2121.69360000,1.1900
1623933378937000,1,968.58228000,1.1900
1623933378937000,1,9073.15966000,1.1900
1623933378937000,1,33.58823000,1.1900
1623933378937000,1,20000.00000000,1.1900
1623933378937000,1,400.00000000,1.1900
1623933378937000,1,2000.00000000,1.1900
1623933378937000,1,989.25491000,1.1900
1623933378937000,1,575.40129000,1.1899
1623933378937000,1,989.25491000,1.1899
1623933378937000,1,989.25491000,1.1898
1623933378937000,1,989.25491000,1.1897
1623933378937000,1,989.25491000,1.1896
1623933378937000,1,17828.54262000,1.1895
1623933380982000,0,17.63728000,1.1936
1623933380982000,0,17.63698000,1.1936
1623933380982000,0,17.63639000,1.1937
1623933380982000,0,17.63609000,1.1937
1623933382072000,0,17.64083000,1.1932
1623933382072000,0,17.64054000,1.1932
1623933382072000,0,17.63994000,1.1933
1623933382072000,0,17.63965000,1.1933
1623933382072000,0,17.63905000,1.1934
1623933382072000,0,11.79999000,1.1934
1623933382185000,1,17.64143000,1.1932
1623933382271000,1,17.64172000,1.1932
1623933382439000,1,17.64231000,1.1933
1623933382629000,1,17.64261000,1.1933
1623933382791000,1,17.64320000,1.1933
1623933382895000,1,17.64350000,1.1933
1623933383056000,1,17.64409000,1.1933
1623933383144000,1,17.64439000,1.1933
1623933383176000,0,5.83877000,1.1934
1623933383176000,0,17.63817000,1.1935
1623933383176000,0,17.63787000,1.1935
1623933383312000,1,17.64498000,1.1933
1623933383403000,1,17.64528000,1.1933
1623933383678000,1,17.64587000,1.1933
1623933383766000,1,17.64617000,1.1933
1623933383965000,1,17.64676000,1.1933
1623933384064000,1,17.64706000,1.1933
1623933384218000,1,17.64765000,1.1933
1623933384321000,1,17.64795000,1.1933
1623933384952000,0,169.20173000,1.1934
1623933385189000,1,352.96818000,1.1933
1623933385189000,1,637.15021000,1.1932
1623933385268000,1,619.19433000,1.1932
1623933385313000,0,370.92406000,1.1932
1623933385313000,0,990.11839000,1.1933
1623933385345000,1,600.00000000,1.1933
1623933385382000,0,390.11839000,1.1931
1623933385436000,1,990.11836000,1.1932
1623933385511000,1,600.00000000,1.1931
1623933385511000,1,390.11839000,1.1931
1623933385582000,1,990.11839000,1.1931
1623933385643000,1,990.11839000,1.1931
1623933385705000,1,629.64483000,1.1931
1623933385839000,1,990.11839000,1.1928
1623933385875000,0,990.11839000,1.1928
1623933385875000,0,360.47356000,1.1929
1623933385875000,0,0.00003000,1.1931
1623933385908000,1,990.11839000,1.1928
1623933385997000,1,113.67079000,1.1928
1623933386002000,0,100.00000000,1.1927
1623933386249000,0,990.11837000,1.1926
1623933386378000,0,990.11839000,1.1925
1623933386378000,0,990.11839000,1.1925
1623933386378000,0,0.00002000,1.1926
1623933386378000,0,990.11839000,1.1926
1623933386378000,0,776.44760000,1.1927
1623933414374000,0,129.53342000,1.1933
1623933481982000,0,1140.00000000,1.1932
1623933498053000,1,989.96041000,1.1933
1623933510717000,0,647.45000000,1.1933
1623933511951000,0,316.30199000,1.1933
1623933511972000,0,26.20355000,1.1933
1623933601365000,1,989.98486000,1.1933
1623933654377000,1,209.51075000,1.1933
1623933664052000,1,989.98550000,1.1933
1623933729432000,1,990.01674000,1.1933
1623933778279000,1,989.99870000,1.1933
1623933886861000,1,989.99440000,1.1933
1623934149603000,1,990.02190000,1.1933
1623934214923000,1,990.04664000,1.1933
1623934281045000,1,2872.78930000,1.1933
1623934281824000,1,990.07566000,1.1933
1623934292971000,1,1478.58331000,1.1933
1623935815202000,0,209.47574000,1.1934
1623936117151000,1,300.00000000,1.1933
1623936230890000,0,339.43598000,1.1938
1623936595984000,0,17.63550000,1.1938
1623936600254000,0,17.63520000,1.1938
1623936627380000,0,17.63461000,1.1939
1623936639621000,0,17.63431000,1.1939
1623936647134000,0,17.63372000,1.1939
1623936647980000,0,17.63343000,1.1940
1623936702152000,0,17.63283000,1.1940
1623936738690000,0,0.00001000,1.1941
1623936738690000,0,17.63195000,1.1941
1623936738690000,0,17.63164000,1.1942
1623936819651000,0,0.00001000,1.1942
1623936827202000,0,17.63106000,1.1942
1623936903714000,0,17.63076000,1.1942
1623936903714000,0,17.63017000,1.1943
1623936903714000,0,17.62987000,1.1943
1623936903714000,0,17.62928000,1.1944
1623936903714000,0,919.21705000,1.1944
1623936975335000,0,989.73728000,1.1944
1623938355632000,1,17.62928000,1.1933
1623938355632000,1,17.62987000,1.1932
1623938355632000,1,17.63017000,1.1932
1623938412315000,1,17.63076000,1.1931
1623938412315000,1,17.63106000,1.1931
1623938412315000,1,17.63165000,1.1931
1623938463715000,1,17.63195000,1.1930
1623938463715000,1,17.63254000,1.1930
1623938463715000,1,17.63283000,1.1929
1623938640888000,1,17.63343000,1.1929
1623938640888000,1,17.63372000,1.1928
1623938640888000,1,17.63431000,1.1928
1623938867375000,0,1100.89963000,1.1931
1623939010644000,0,1032.23272000,1.1932
1623939010646000,0,990.12921000,1.1932
1623939010656000,0,42.10351000,1.1932
1623939010656000,0,1032.23272000,1.1932
1623939010656000,0,990.12921000,1.1932
1623939010656000,0,935.53456000,1.1932
1623939010676000,0,1363.16392000,1.1932
1623939112486000,0,10460.10526000,1.1931
1623939153985000,1,613.08720000,1.1929
1623939158035000,1,304.11280000,1.1929
1623939173266000,1,17.63461000,1.1928
1623939182265000,1,17.63520000,1.1927
1623939184219000,1,17.63550000,1.1927
1623939184219000,1,176.60453000,1.1927
1623939293844000,1,17.63609000,1.1926
1623939293844000,1,17.63639000,1.1926
1623939293844000,1,17.63698000,1.1925
1623939293844000,1,17.63728000,1.1925
1623939495674000,1,17.63787000,1.1924
1623939495674000,1,17.63817000,1.1924
1623939495674000,1,384.00523000,1.1924
1623939795327000,1,17.63876000,1.1923
1623939795327000,1,192.02418000,1.1923
1623939915412000,1,209.67349000,1.1923
1623940018262000,0,209.68750000,1.1927
1623940251510000,0,900.00000000,1.1928
1623940395686000,1,17.63905000,1.1923
1623940395686000,1,17.63965000,1.1923
1623940395686000,1,17.63994000,1.1922
1623940395686000,1,17.64054000,1.1922
1623940395686000,1,17.64083000,1.1921
1623940395686000,1,121.42601000,1.1921
1623940515685000,1,209.69811000,1.1922
1623940635758000,1,209.69284000,1.1922
1623940664802000,1,300.00000000,1.1922
1623940668545000,1,300.00000000,1.1921
1623940755853000,1,17.64143000,1.1921
1623940755853000,1,17.64172000,1.1920
1623940755853000,1,174.42376000,1.1920
1623940875880000,1,209.70867000,1.1921
1623941002228000,0,209.70867000,1.1926
1623941023538000,0,175.53242000,1.1926
1623941166039000,0,103.00025000,1.1926
1623941166039000,0,8275.57740000,1.1926
1623941166079000,0,1256.78665000,1.1926
1623941166589000,0,8378.57765000,1.1926
1623941167125000,0,8378.57765000,1.1926
1623941167596000,0,1256.78665000,1.1926
1623941167705000,0,8378.57765000,1.1926
1623941168206000,0,8378.57765000,1.1926
1623941247693000,0,103.00024000,1.1926
1623941258559000,0,0.00001000,1.1926
1623941258559000,0,8378.82335000,1.1926
1623941258612000,0,1256.82351000,1.1926
1623941259110000,0,8378.82336000,1.1926
1623941265082000,0,103.00025000,1.1926
1623941415428000,0,209.62602000,1.1927
1623941415428000,0,8168.39006000,1.1927
1623941415471000,0,1256.70242000,1.1927
1623941417561000,0,8377.59496000,1.1927
1623941418135000,0,8377.59496000,1.1927
1623941418582000,0,1256.63925000,1.1927
1623941418696000,0,8377.59496000,1.1927
1623941419326000,0,8377.59496000,1.1927
1623941419954000,0,8377.59496000,1.1927
1623941452124000,0,8377.20896000,1.1927
1623941452163000,0,1256.58135000,1.1927
1623941460373000,0,6077.34316000,1.1927
1623941476176000,1,209.62251000,1.1929
1623941606631000,0,209.57857000,1.1931
1623941606631000,0,5684.37000000,1.1931
1623941606631000,0,17.64172000,1.1931
1623941609456000,0,17.64143000,1.1932
1623941716262000,1,209.52764000,1.1929
1623941836463000,1,209.57330000,1.1928
1623941911729000,0,17.64083000,1.1932
1623941911729000,0,17.64053000,1.1932
1623941912214000,0,0.00001000,1.1932
1623941912214000,0,17.63994000,1.1933
1623941912214000,0,17.63965000,1.1933
1623941912214000,0,803.11803000,1.1934
1623941956419000,1,209.49076000,1.1931
1623942076475000,1,209.51183000,1.1932
1623942316583000,1,209.50832000,1.1928
1623942436689000,1,209.59615000,1.1924
1623942556689000,1,209.66646000,1.1924
1623942676748000,1,17.63965000,1.1923
1623942676748000,1,17.63994000,1.1922
1623942676748000,1,17.64054000,1.1922
1623942676748000,1,17.64083000,1.1921
1623942676748000,1,139.10550000,1.1921
1623942796782000,1,17.64143000,1.1921
1623942796782000,1,17.64172000,1.1920
1623942796782000,1,17.64231000,1.1920
1623942796782000,1,17.64261000,1.1920
1623942796782000,1,17.64320000,1.1919
1623942796782000,1,17.64350000,1.1919
1623942796782000,1,17.64409000,1.1918
1623942796782000,1,17.64439000,1.1918
1623942796782000,1,68.56542000,1.1918
1623943036939000,1,17.64498000,1.1917
1623943036939000,1,17.64528000,1.1917
1623943036939000,1,174.48351000,1.1916
1623943156989000,1,17.64587000,1.1916
1623943156989000,1,17.64617000,1.1916
1623943156989000,1,174.50462000,1.1916
1623943277043000,1,17.64676000,1.1915
1623943277043000,1,17.64706000,1.1915
1623943277043000,1,17.64765000,1.1914
1623943277043000,1,17.64795000,1.1914
1623943277043000,1,17.64825000,1.1914
1623943277043000,1,121.57308000,1.1914
1623943283266000,0,83.88874000,1.1919
1623943397044000,1,17.64854000,1.1913
1623943397044000,1,17.64884000,1.1913
1623943397044000,1,17.64914000,1.1913
1623943397044000,1,17.64943000,1.1913
1623943397044000,1,17.64973000,1.1912
1623943397044000,1,17.65003000,1.1912
1623943397044000,1,17.65032000,1.1912
1623943397044000,1,86.26472000,1.1912
1623943517079000,1,17.65062000,1.1911
1623943517079000,1,17.65092000,1.1911
1623943517079000,1,17.65121000,1.1911
1623943517079000,1,17.65151000,1.1910
1623943517079000,1,17.65181000,1.1910
1623943517079000,1,17.65210000,1.1910
1623943517079000,1,17.65240000,1.1910
1623943517079000,1,17.65270000,1.1909
1623943517079000,1,17.65299000,1.1909
1623943517079000,1,51.01142000,1.1909
1623943637176000,1,209.92526000,1.1915
1623943757216000,1,209.81251000,1.1913
1623943877311000,1,209.84421000,1.1914
1623943997459000,1,209.84421000,1.1912
1623944117425000,1,209.86711000,1.1912
1623944237456000,1,209.85301000,1.1912
1623944477749000,1,209.87239000,1.1910
1623944597575000,1,17.65329000,1.1909
1623944597575000,1,17.65359000,1.1908
1623944597575000,1,17.65388000,1.1908
1623944597575000,1,17.65418000,1.1908
1623944597575000,1,17.65448000,1.1907
1623944597575000,1,17.65477000,1.1907
1623944597575000,1,17.65507000,1.1907
1623944597575000,1,17.65537000,1.1907
1623944597575000,1,68.63776000,1.1907
1623944717679000,1,17.65566000,1.1906
1623944717679000,1,17.65596000,1.1906
1623944717679000,1,174.65596000,1.1906
1623944837729000,1,17.65626000,1.1906
1623944837729000,1,17.65655000,1.1905
1623944837729000,1,174.66711000,1.1905
1623944957736000,1,17.65685000,1.1905
1623944957736000,1,17.65715000,1.1905
1623944957736000,1,17.65745000,1.1905
1623944957736000,1,17.65774000,1.1904
1623944957736000,1,17.65804000,1.1904
1623944957736000,1,121.70151000,1.1904
1623945077801000,1,17.65834000,1.1904
1623945077801000,1,17.65863000,1.1903
1623945077801000,1,174.69999000,1.1903
1623945396556000,0,170.72456000,1.1906
1623945964896000,0,990.95981000,1.1908
1623945964934000,0,0.00002000,1.1908
1623945964934000,0,403.98915000,1.1908
1623946247897000,1,209.93760000,1.1905
1623946367931000,1,209.99227000,1.1905
1623946487935000,1,180.07013000,1.1905
1623946608108000,1,209.99227000,1.1904
1623946728019000,1,17.65893000,1.1903
1623946728019000,1,17.65923000,1.1903
1623946728019000,1,174.69704000,1.1903
1623947081892000,1,17.65952000,1.1902
1623947081892000,1,17.65982000,1.1902
1623947081892000,1,17.66012000,1.1902
1623947081892000,1,17.66042000,1.1902
1623947088134000,1,17.66071000,1.1901
1623947088134000,1,17.66101000,1.1901
1623947088134000,1,17.66131000,1.1901
1623947088134000,1,17.66160000,1.1900
1623947088134000,1,17.66190000,1.1900
1623947088134000,1,17.66220000,1.1900
1623947088134000,1,17.66249000,1.1899
1623947088134000,1,86.42633000,1.1899
1623947168867000,1,17.66309000,1.1899
1623947168867000,1,17.66339000,1.1899
1623947276906000,1,347.23374000,1.1894
1623947277675000,1,357.78398000,1.1894
1623947288575000,1,103.50883000,1.1894
1623947295466000,1,0.00001000,1.1894
1623947295466000,1,189.36077000,1.1894
1623947440544000,1,600.00000000,1.1890
1623947440544000,1,1680.00000000,1.1890
1623947440544000,1,1030.29000000,1.1887
1623947950499000,1,591.16543000,1.1890
1623947957674000,1,8.83457000,1.1890
1623947957674000,1,349.54690000,1.1890
1623948220665000,1,600.00000000,1.1894
1623948317078000,0,341.73703000,1.1900
1623948322418000,0,128.15454000,1.1899
1623949010732000,1,5960.64528000,1.1888
1623949010879000,1,5960.64528000,1.1888
1623949010889000,1,8078.70944000,1.1888
1623949011284000,1,5474.40363000,1.1888
1623949028312000,1,999.55999000,1.1888
1623949028346000,1,999.57188000,1.1888
1623949322770000,1,599.69998000,1.1888
1623949322957000,1,0.30002000,1.1888
1623949322957000,1,2529.64290000,1.1888
1623949323060000,1,1.26564000,1.1888
1623949323119000,0,524.33435000,1.1888
1623949323311000,0,600.00000000,1.1888
1623949789059000,1,209.90999000,1.1902
1623949941841000,0,339.35675000,1.1907
1623949947259000,0,127.28055000,1.1907
1623950217038000,1,466.65668000,1.1898
1623950217145000,1,0.23346000,1.1898
1623950217173000,1,599.93333000,1.1898
1623950217298000,1,0.06667000,1.1898
1623950227594000,1,599.99664000,1.1897
1623950231764000,0,308.84580000,1.1900
1623950284718000,0,466.65668000,1.1900
1623950284718000,0,599.93333000,1.1900
1623950339574000,1,599.69999000,1.1897
1623950339750000,1,990.78575000,1.1897
1623950339889000,1,0.19566000,1.1897
1623950339889000,1,990.52644000,1.1896
1623950361773000,0,339.09796000,1.1900
1623950431702000,1,647.45000000,1.1907
1623950431733000,1,29.86641000,1.1907
1623950432121000,1,4.87138000,1.1907
1623950437987000,1,101.82216000,1.1907
1623950439917000,1,0.05096000,1.1907
1623950441375000,0,301.57962000,1.1907
1623950442533000,0,119.49850000,1.1906
1623950443875000,0,117.30080000,1.1906
1623950445046000,0,115.14351000,1.1906
1623950446219000,0,115.14447000,1.1906
1623950447325000,0,115.13704000,1.1906
1623950509486000,1,119.69094000,1.1895
1623950509845000,0,329.66283000,1.1906
1623950509856000,0,209.49277000,1.1906
1623950538324000,1,177.80825000,1.1906
1623950539468000,1,162.17017000,1.1906
1623950560069000,1,97.54270000,1.1895
1623950560148000,1,502.45730000,1.1895
1623950560162000,1,654.46567000,1.1895
1623950560238000,0,97.53500000,1.1895
1623950560306000,1,0.00142000,1.1895
1623950560306000,1,990.98640000,1.1895
1623950560560000,0,669.50035000,1.1904
1623950564270000,1,97.53500000,1.1906
1623950564272000,1,53.12763000,1.1906
1623950629493000,1,209.91999000,1.1894
1623950779065000,1,209.35999000,1.1895
1623950786779000,1,125.28299000,1.1899
1623951230312000,1,210.89999000,1.1900
1623951414471000,1,1258.90149000,1.1902
1623951414471000,1,0.26948000,1.1900
1623951414493000,1,1047.86938000,1.1900
1623951414597000,1,600.00000000,1.1898
1623951414597000,1,390.86244000,1.1897
1623951414607000,0,0.26948000,1.1900
1623951631227000,1,210.36622000,1.1900
1623951833310000,0,17.66309000,1.1910
1623951833310000,0,17.66220000,1.1911
1623951833310000,0,17.66190000,1.1911
1623951833310000,0,17.66131000,1.1911
1623951833310000,0,17.66101000,1.1912
1623951833310000,0,17.66042000,1.1912
1623951833310000,0,17.66012000,1.1913
1623951833310000,0,276.59431000,1.1913
1623952765495000,1,276.99724000,1.1904
1623952765650000,1,152.30274000,1.1904
1623953078261000,0,17.65952000,1.1913
1623953078261000,0,17.65923000,1.1914
1623953078261000,0,17.65863000,1.1914
1623953078261000,0,440.20313000,1.1914
1623953085634000,0,305.36310000,1.1914
1623953728839000,0,245.02034000,1.1912
1623953733573000,0,336.20615000,1.1914
1623953738396000,0,329.39999000,1.1914
1623954094842000,1,331.27808000,1.1907
1623954094994000,1,5520.70752000,1.1907
1623954095761000,1,815.89697000,1.1907
1623954357281000,1,327.88724000,1.1914
1623954357282000,0,812.11276000,1.1914
1623954357403000,1,221.23534000,1.1914
1623954358506000,1,221.23534000,1.1914
1623954359591000,1,221.23534000,1.1914
1623954360679000,1,221.23534000,1.1914
1623954472122000,1,209.74999000,1.1912
1623954592380000,1,209.71999000,1.1912
1623954822543000,1,1126.71499000,1.1911
1623954832379000,1,209.90999000,1.1911
1623954852625000,0,252.92207000,1.1914
1623954867137000,0,5810.68651000,1.1914
1623954952377000,1,210.34754000,1.1911
1623955072630000,1,209.84999000,1.1911
1623955121093000,1,86.38700000,1.1911
1623955395841000,1,314.92991000,1.1910
1623955457229000,1,488.28137000,1.1910
1623955457293000,1,755.60434000,1.1910
1623955965251000,0,326.11945000,1.1914
1623955970113000,1,196.43344000,1.1909
1623955980967000,1,196.36110000,1.1909
1623956693205000,1,209.55831000,1.1906
1623957035700000,1,1679.91998000,1.1905
1623957070625000,1,906.26370000,1.1905
1623957102909000,1,106.81107000,1.1905
1623957104212000,1,106.81107000,1.1905
1623957105319000,1,106.81107000,1.1905
1623957106439000,1,116.57949000,1.1905
1623957107547000,1,116.57990000,1.1905
1623957108675000,1,116.57990000,1.1905
1623957109789000,1,116.57990000,1.1905
1623957110867000,1,116.57990000,1.1905
1623957112197000,1,125.37465000,1.1905
1623957113244000,1,103.53709000,1.1905
1623957114274000,1,103.53709000,1.1905
1623957115328000,1,103.53709000,1.1905
1623957196699000,1,126.84778000,1.1905
1623957197913000,1,126.84798000,1.1905
1623957198989000,1,126.84798000,1.1905
1623957200072000,1,126.84798000,1.1905
1623957201191000,1,126.84798000,1.1905
1623957202304000,1,106.93199000,1.1905
1623957203413000,1,106.93199000,1.1905
1623957226540000,0,1140.00000000,1.1906
1623957226540000,0,860.00000000,1.1907
1623957284162000,0,1000.00000000,1.1907
1623957289248000,0,1000.00000000,1.1907
1623957308345000,0,650.00000000,1.1907
1623957314893000,0,70.00000000,1.1907
1623957486164000,1,300.00000000,1.1905
1623957486164000,1,7.17228000,1.1904
1623958768434000,1,107.44620000,1.1901
1623958769517000,1,107.44620000,1.1901
1623958770606000,1,85.10760000,1.1901
1623958913745000,1,209.90999000,1.1893
1623959090887000,1,50.11000000,1.1893
1623960005915000,1,866.61007000,1.1892
1623960006063000,1,762.29998000,1.1892
1623960141762000,1,363.96319000,1.1892
1623960154642000,1,327.93598000,1.1892
1623960490991000,0,1139.99998000,1.1897
1623960632537000,0,262.20000000,1.1899
1623961513477000,1,300.53999000,1.1892
1623961516648000,1,294.07264000,1.1892
1623961518122000,1,590.65998000,1.1892
1623961549554000,0,52.01426000,1.1900
1623962474764000,1,200.01000000,1.1893
1623965196893000,0,316.17898000,1.1902
1623965196893000,0,697.51648000,1.1902
1623965196893000,0,697.51648000,1.1902
1623965196893000,0,359.98104000,1.1904
1623965228916000,0,1242.96942000,1.1903
1623965652880000,0,1055.89153000,1.1905
1623967834457000,0,327.30737000,1.1907
1623968000600000,0,705.63261000,1.1909
1623968046452000,0,314.53682000,1.1909
1623970001100000,1,600.00000000,1.1903
1623973149732000,0,2204.28905000,1.1909
1623974160474000,0,651.54907000,1.1913
1623974170133000,0,22.96097000,1.1913
1623974191480000,0,624.94589000,1.1913
1623974235657000,0,137.75032000,1.1913
1623974235664000,0,341.93600000,1.1913
1623974243953000,0,342.67509000,1.1913
1623974244913000,0,168.44632000,1.1913
