timestamp ms,type,amount,price
1623888329559000,1,987.17728000,1.1991
1623888329559000,1,0.03814000,1.1991
1623888329653000,1,987.13914000,1.1991
1623888329653000,1,0.10135000,1.1990
1623888329699000,1,987.07593000,1.1990
1623888329712000,1,987.17728000,1.1990
1623888329719000,1,987.17728000,1.1989
1623888329742000,1,600.00000000,1.1989
1623888329742000,1,17.57499000,1.1988
1623888329742000,1,369.66225000,1.1988
1623888333853000,0,0.06321000,1.1989
1623889027682000,1,17.57528000,1.1988
1623889027682000,1,34.00000000,1.1988
1623889027682000,1,17.57557000,1.1988
1623889027682000,1,17.57587000,1.1987
1623889027682000,1,13.27328000,1.1987
1623889029107000,1,110.84260000,1.1988
1623889030224000,1,110.84260000,1.1988
1623889031340000,1,110.84260000,1.1988
1623889032465000,1,110.84260000,1.1988
1623889034243000,1,110.84260000,1.1988
1623889035345000,1,110.84260000,1.1988
1623889036438000,1,110.84260000,1.1988
1623889037532000,1,110.84260000,1.1988
1623889038648000,1,110.84260000,1.1988
1623889039745000,1,2.41660000,1.1988
1623889039745000,1,4.30288000,1.1987
1623889039745000,1,17.57646000,1.1987
1623890406154000,0,567.37593000,1.1995
1623890409247000,0,2999.99999000,1.1995
1623890409385000,0,0.00001000,1.1995
1623890409385000,0,1071.53665000,1.1996
1623890409492000,0,13.27328000,1.1998
1623890409492000,0,4.30288000,1.1998
1623890409492000,0,969.63865000,1.1998
1623890409495000,0,17.54564000,1.1998
1623890409495000,0,17.57587000,1.1998
1623890409495000,0,17.57528000,1.1999
1623890409495000,0,1197.90766000,1.1999
1623890409536000,1,964.38301000,1.1998
1623890409617000,1,22.80100000,1.1998
1623890409814000,0,52.69680000,1.1999
1623890409814000,0,934.51801000,1.1999
1623890410061000,0,1004.78891000,1.1999
1623890410065000,0,245.81555000,1.1999
1623890410065000,0,52.69682000,1.1999
1623890410065000,0,17.57499000,1.1999
1623890410065000,0,17.57440000,1.2000
1623890410065000,0,17.57410000,1.2000
1623890410065000,0,987.21483000,1.2000
1623890410065000,0,867.94471000,1.2000
1623890410065000,0,17.57352000,1.2001
1623890410065000,0,17.57322000,1.2001
1623890410065000,0,3904.22036000,1.2001
1623890410186000,0,867.94471000,1.2000
1623890410186000,0,1004.36532000,1.2001
1623890410190000,0,1003.88862000,1.2001
1623890413342000,1,0.00027000,1.1998
1623890413342000,1,599.99973000,1.1998
1623890800703000,1,17.56969000,1.1994
1623890800703000,1,17.56999000,1.1993
1623890890495000,0,1088.71059000,1.1993
1623890890587000,0,0.00001000,1.1993
1623890890587000,0,360.90726000,1.1994
1623890895137000,0,1000.44037000,1.1994
1623890951209000,0,250.65956000,1.1994
1623890951209000,0,499.16241000,1.1995
1623890953558000,0,1000.49315000,1.1994
1623890960097000,0,250.60678000,1.1994
1623890960151000,0,749.77841000,1.1995
1623890962859000,0,1000.49315000,1.1994
1623890971075000,0,250.60678000,1.1994
1623890971156000,0,749.79917000,1.1995
1623891011521000,0,1000.32689000,1.1994
1623891016058000,0,1000.51558000,1.1992
1623891018608000,0,250.71480000,1.1992
1623891018608000,0,499.01191000,1.1994
1623891018696000,1,250.71480000,1.1992
1623891030652000,0,1000.51558000,1.1992
1623891034948000,0,1000.52998000,1.1992
1623891051405000,0,250.70038000,1.1992
1623891051521000,0,0.00002000,1.1992
1623891051521000,0,749.86022000,1.1994
1623891059027000,0,1000.74070000,1.1992
1623891065830000,0,250.48968000,1.1992
1623891065830000,0,1593.89659000,1.1994
1623891065906000,0,250.48970000,1.1994
1623891065906000,0,0.28332000,1.1994
1623891065924000,0,250.48972000,1.1994
1623891065924000,0,2749.51027000,1.1994
1623891065936000,0,250.48973000,1.1994
1623891065936000,0,693.25885000,1.1995
1623891065962000,0,250.48975000,1.1995
1623891065962000,0,736.89426000,1.1997
1623891066006000,0,250.48977000,1.1997
1623891066006000,0,411.73428000,1.1998
1623891066148000,0,675.92558000,1.1994
1623891066150000,0,267.82302000,1.1994
1623891066150000,0,57.26366000,1.1995
1623891066426000,0,938.02224000,1.1994
1623891066426000,0,5.72635000,1.1995
1623891066427000,0,938.02225000,1.1995
1623891066427000,0,49.28882000,1.1995
1623891066427000,0,837.19612000,1.1995
1623891066427000,0,150.11494000,1.1997
1623891066508000,1,1409.24097000,1.1994
1623891066508000,1,250.48966000,1.1992
1623894507840000,1,100.77681000,1.1993
1623894508952000,1,28.69446000,1.1993
1623894508952000,1,71.30554000,1.1993
1623894513571000,1,102.86840000,1.1993
1623894514834000,1,102.86840000,1.1993
1623894516185000,1,102.86840000,1.1993
1623894517752000,1,102.86840000,1.1993
1623894519193000,1,112.65399000,1.1993
1623894520653000,1,112.65399000,1.1993
1623894548802000,1,108.18016000,1.1993
1623894549902000,1,108.18016000,1.1993
1623894551026000,1,108.18016000,1.1993
1623894581221000,1,104.26664000,1.1993
1623894603820000,1,110.42024000,1.1993
1623894618812000,1,115.49240000,1.1993
1623894619863000,1,115.49240000,1.1993
1623894704083000,1,139.79819000,1.1994
1623894705105000,1,129.96000000,1.1994
1623894707204000,1,129.96000000,1.1994
1623894708225000,1,129.96000000,1.1994
1623894709710000,1,129.96000000,1.1994
1623894710802000,1,129.96000000,1.1994
1623894711931000,1,129.96000000,1.1994
1623894713029000,1,118.13839000,1.1994
1623894714109000,1,118.13839000,1.1994
1623894878929000,1,110.89180000,1.1994
1623894880033000,1,110.89180000,1.1994
1623894881486000,1,110.89180000,1.1994
1623894951376000,1,104.95210000,1.1994
1623895022027000,1,100.93131000,1.1995
1623895054699000,1,102.18150000,1.1995
1623895133863000,1,101.20178000,1.1996
1623895345632000,1,108.30575000,1.1996
1623895364820000,1,107.24718000,1.1996
1623895365917000,1,107.24718000,1.1996
1623895367131000,1,107.24718000,1.1996
1623895513694000,1,101.90518000,1.1996
1623895530401000,1,103.92193000,1.1996
1623895531809000,1,103.92193000,1.1996
1623895532931000,1,103.92193000,1.1996
1623895534013000,1,103.92193000,1.1996
1623895543144000,1,103.13817000,1.1996
1623895564095000,1,104.72749000,1.1996
1623895600831000,1,105.99711000,1.1996
1623895602088000,1,47.20073000,1.1996
1623895602088000,1,52.79927000,1.1995
1623895603540000,1,105.99711000,1.1996
1623895624703000,1,180.95186000,1.1995
1623895625802000,1,180.95186000,1.1995
1623895626902000,1,148.97541000,1.1995
1623895628010000,1,148.97541000,1.1995
1623895629125000,1,122.64959000,1.1995
1623895630206000,1,122.64959000,1.1995
1623895631297000,1,29.02179000,1.1995
1623895631297000,1,70.97821000,1.1995
1623895632352000,1,130.84515000,1.1996
1623895634286000,1,130.84515000,1.1996
1623896147072000,1,201.00338000,1.1997
1623896149335000,1,219.31602000,1.1997
1623896151740000,1,164.15733000,1.1997
1623896151897000,0,3039.39474000,1.1998
1623896152890000,0,6583.55943000,1.1997
1623896152981000,1,180.54845000,1.1997
1623896154510000,1,148.63366000,1.1997
1623896155309000,1,132.24253000,1.1997
1623896266611000,1,648.43865000,1.1998
1623896307919000,1,1554.46007000,1.1998
1623896323624000,1,507.95206000,1.1998
1623896757106000,1,124.37773000,1.1999
1623896758202000,1,102.38269000,1.1999
1623896872946000,1,103.69101000,1.1999
1623896959086000,1,371.79066000,1.1999
1623896960161000,1,306.04674000,1.1999
1623896961279000,1,251.92835000,1.1999
1623896962384000,1,57.05272000,1.1999
1623896962384000,1,42.94728000,1.1998
1623896963463000,1,139.88955000,1.1998
1623896964536000,1,115.15231000,1.1998
1623898085736000,0,249.24627000,1.2001
1623898794854000,1,118.66254000,1.1998
1623898801996000,1,179.26075000,1.1998
1623898803115000,1,170.58461000,1.1998
1623898804251000,1,170.58461000,1.1998
1623898805417000,1,140.40968000,1.1998
1623898805487000,1,63.22896000,1.1998
1623898806660000,1,140.40968000,1.1998
1623898807737000,1,115.57244000,1.1998
1623898810547000,1,105.22197000,1.1998
1623898811668000,1,105.22197000,1.1998
1623899021507000,1,106.67668000,1.1998
1623900212461000,1,101.99087000,1.1998
1623903430202000,0,833.16436000,1.1996
1623904278924000,1,159.64066000,1.1996
1623904278985000,1,24.64900000,1.1996
1623904280077000,1,159.64066000,1.1996
1623904281193000,1,35.21692000,1.1996
1623908360514000,0,352.15472000,1.1999
1623909012432000,0,347.91107000,1.1999
1623909032619000,0,133.93421000,1.1999
1623909033744000,0,17.57263000,1.2002
1623909033744000,0,17.57234000,1.2002
1623909033744000,0,17.57175000,1.2002
1623909033744000,0,17.57146000,1.2003
1623909033744000,0,122.50592000,1.2003
1623909602757000,1,5822.18602000,1.2003
1623909726070000,1,17.56205000,1.2001
1623909799181000,1,1823.23000000,1.1998
1623909801583000,1,7836.95999000,1.1998
1623909808771000,1,4517.62399000,1.1998
1623909808771000,1,495.00000000,1.1998
1623909886242000,1,17.57146000,1.1992
1623909886242000,1,17.57175000,1.1991
1623909886242000,1,17.57234000,1.1991
1623910139151000,1,17.57263000,1.1991
1623910150484000,1,17.57322000,1.1990
1623910150484000,1,17.57352000,1.1990
1623910183673000,1,17.57410000,1.1989
1623910183673000,1,17.57440000,1.1989
1623910183673000,1,17.57499000,1.1988
1623910285777000,1,17.57528000,1.1988
1623910285777000,1,17.57587000,1.1987
1623910285777000,1,17.57616000,1.1987
1623910314177000,1,17.57675000,1.1986
1623910314177000,1,17.57705000,1.1986
1623910314177000,1,17.57734000,1.1986
1623910314177000,1,17.57763000,1.1986
1623910314177000,1,17.57793000,1.1985
1623910314688000,1,17.57822000,1.1985
1623910314688000,1,17.57852000,1.1985
1623910317479000,1,17.57881000,1.1984
1623910319984000,1,17.57911000,1.1984
1623910319984000,1,17.57940000,1.1984
1623910320779000,1,17.57969000,1.1983
1623910320779000,1,17.57999000,1.1983
1623910320779000,1,600.00000000,1.1983
1623910320779000,1,17.58028000,1.1983
1623910626496000,0,203.00000000,1.1990
1623912075380000,0,815.85744000,1.1991
1623912387357000,1,17.58058000,1.1983
1623912387357000,1,17.58087000,1.1982
1623912387357000,1,17.58117000,1.1982
1623912387357000,1,17.58146000,1.1982
1623913262564000,1,333.00000000,1.1982
1623913268157000,1,333.00000000,1.1982
1623913418087000,0,312.22946000,1.1988
1623913615906000,1,17.58176000,1.1981
1623913615906000,1,17.58205000,1.1981
1623913615906000,1,17.58234000,1.1981
1623913615906000,1,17.58264000,1.1980
1623913651596000,1,17.58293000,1.1980
1623913651596000,1,82.41707000,1.1980
1623913653026000,1,110.56260000,1.1980
1623913654116000,1,94.43740000,1.1980
1623913654116000,1,5.56260000,1.1980
1623913656262000,1,104.35438000,1.1980
1623913658351000,1,114.14067000,1.1980
1623913659785000,1,114.14067000,1.1980
1623913661586000,1,124.21779000,1.1980
1623913663509000,1,124.21779000,1.1980
1623913665237000,1,125.78311000,1.1980
1623913666967000,1,103.59894000,1.1980
1623913685577000,1,801.56698000,1.1980
1623913685577000,1,17.58323000,1.1980
1623913685577000,1,250.00000000,1.1980
1623913686370000,1,17.58352000,1.1980
1623913686370000,1,7500.00000000,1.1979
1623913686370000,1,17.58382000,1.1979
1623913686370000,1,17.58411000,1.1979
1623913698850000,1,17.58441000,1.1979
1623913698850000,1,17.58470000,1.1978
1623913698850000,1,17.58499000,1.1978
1623913698850000,1,17.58529000,1.1978
1623913698850000,1,29.66061000,1.1978
1623913701262000,1,2089.73418000,1.1978
1623913721971000,1,107.63181000,1.1978
1623913723095000,1,107.63181000,1.1978
1623913725675000,1,108.66952000,1.1978
1623913726784000,1,108.66952000,1.1978
1623913735263000,1,101.09819000,1.1978
1623913737571000,1,101.09819000,1.1978
1623913758999000,1,104.86646000,1.1978
1623913760758000,1,115.75752000,1.1978
1623913761884000,1,115.75752000,1.1978
1623913764305000,1,105.47691000,1.1978
1623913765441000,1,115.38263000,1.1978
1623913785074000,1,208.23999000,1.1978
1623913789429000,1,105.59348000,1.1978
1623913790547000,1,115.42020000,1.1978
1623913791725000,1,115.42020000,1.1978
1623913794154000,1,104.67059000,1.1978
1623913795242000,1,104.67059000,1.1978
1623913796362000,1,104.67059000,1.1978
1623913809080000,1,2086.82999000,1.1978
1623913809116000,1,1243.04950000,1.1978
1623913810125000,1,17.58558000,1.1977
1623913810125000,1,17.58588000,1.1977
1623913810125000,1,17.58617000,1.1977
1623913810125000,1,17.58647000,1.1977
1623913810125000,1,17.58676000,1.1976
1623913810125000,1,17.58706000,1.1976
1623913810125000,1,17.58735000,1.1976
1623913810125000,1,17.58765000,1.1975
1623913810495000,1,17.58794000,1.1975
1623913810505000,1,17.58823000,1.1975
1623913810505000,1,17.58853000,1.1974
1623913810505000,1,17.58882000,1.1974
1623913810505000,1,17.58912000,1.1974
1623913810505000,1,2229.46529000,1.1974
1623913867213000,1,17.58941000,1.1973
1623913885007000,1,17.58971000,1.1973
1623913885007000,1,17.59000000,1.1973
1623913885007000,1,17.59030000,1.1973
1623913885007000,1,17.59059000,1.1972
1623913908936000,1,17.59089000,1.1972
1623913908936000,1,17.59118000,1.1972
1623913908936000,1,17.59148000,1.1971
1623913908936000,1,17.59177000,1.1971
1623913910601000,1,17.59207000,1.1971
1623913911365000,1,17.59236000,1.1970
1623913911365000,1,17.59265000,1.1970
1623913939640000,1,17.59295000,1.1970
1623913939640000,1,17.59324000,1.1970
1623913945420000,1,17.59354000,1.1969
1623913945420000,1,17.59383000,1.1969
1623913945420000,1,17.59413000,1.1969
1623913967448000,1,17.59442000,1.1968
1623914021623000,1,17.59472000,1.1968
1623914021623000,1,17.59501000,1.1968
1623914021623000,1,17.59531000,1.1967
1623914021623000,1,17.59560000,1.1967
1623914025123000,1,17.59590000,1.1967
1623914025123000,1,17.59619000,1.1967
1623914025123000,1,17.59649000,1.1966
1623914025123000,1,17.59678000,1.1966
1623914025123000,1,17.59708000,1.1966
1623914025123000,1,17.59737000,1.1965
1623914025123000,1,17.59767000,1.1965
1623914025123000,1,17.59796000,1.1965
1623914025123000,1,17.59826000,1.1965
1623914025123000,1,15.24629000,1.1964
1623914102477000,1,109.32794000,1.1967
1623914106476000,1,57.78406000,1.1967
1623914145496000,1,17.59855000,1.1964
1623914145496000,1,17.59885000,1.1964
1623914145496000,1,17.59914000,1.1964
1623914145496000,1,17.59944000,1.1963
1623914145496000,1,17.59973000,1.1963
1623914145496000,1,17.60003000,1.1963
1623914145496000,1,17.60032000,1.1962
1623914145496000,1,17.60062000,1.1962
1623914145496000,1,68.21331000,1.1962
1623914201389000,1,17.60091000,1.1962
1623914201389000,1,17.60121000,1.1962
1623914201389000,1,17.60150000,1.1961
1623914201389000,1,17.60180000,1.1961
1623914260741000,1,17.60209000,1.1961
1623914260741000,1,17.60239000,1.1960
1623914260741000,1,17.60268000,1.1960
1623914260741000,1,17.60298000,1.1960
1623914270525000,1,159.16556000,1.1957
1623914325217000,1,17.60563000,1.1957
1623914325217000,1,17.60593000,1.1957
1623914325217000,1,17.60622000,1.1956
1623914325217000,1,41.90000000,1.1956
1623914325217000,1,17.60652000,1.1956
1623914325217000,1,17.60681000,1.1956
1623914325217000,1,44.80041000,1.1956
1623914357965000,0,17.60416000,1.1958
1623914361479000,1,17.60475000,1.1958
1623914361479000,1,17.60504000,1.1958
1623914361479000,1,17.60534000,1.1957
1623914362662000,0,17.60386000,1.1958
1623914725227000,1,17.60711000,1.1955
1623914876219000,1,139.30229000,1.1952
1623914878767000,1,333.00000000,1.1952
1623914891781000,1,315.38846000,1.1951
1623914985538000,1,208.92445000,1.1951
1623915105684000,1,17.61065000,1.1952
1623915105684000,1,17.61095000,1.1952
1623915105684000,1,17.61124000,1.1951
1623915105684000,1,17.61184000,1.1951
1623915105684000,1,17.61213000,1.1950
1623915105684000,1,17.61243000,1.1950
1623915105684000,1,103.30774000,1.1950
1623915109145000,1,417.43387000,1.1950
1623915225792000,1,209.00949000,1.1950
1623915324972000,1,104.51256000,1.1950
1623915335729000,1,125.39134000,1.1950
1623915337049000,1,135.28928000,1.1950
1623915338532000,1,111.55376000,1.1950
1623915345861000,1,209.04701000,1.1950
1623915387277000,1,109.25083000,1.1950
1623915392377000,1,100.10803000,1.1950
1623915393454000,1,100.10803000,1.1950
1623915419251000,1,274.98806000,1.1950
1623915419251000,1,58.01194000,1.1950
1623915424596000,1,333.00000000,1.1950
1623915431963000,1,333.00000000,1.1950
1623915432134000,1,105.26895000,1.1950
1623915465928000,1,209.21881000,1.1950
1623915634602000,1,631.50030000,1.1950
1623915724630000,1,17.61272000,1.1950
1623915735749000,1,17.61302000,1.1949
1623915735749000,1,17.61331000,1.1949
1623915735749000,1,17.61361000,1.1949
1623915735749000,1,17.61390000,1.1949
1623915826411000,1,17.61420000,1.1948
1623915826411000,1,17.61449000,1.1948
1623915826411000,1,17.61479000,1.1948
1623915826411000,1,17.61509000,1.1947
1623915826411000,1,17.61538000,1.1947
1623915826411000,1,17.61568000,1.1947
1623915826411000,1,17.61597000,1.1946
1623915826411000,1,17.61627000,1.1946
1623915826411000,1,17.61656000,1.1946
1623915826411000,1,50.48857000,1.1946
1623915935372000,1,17.61686000,1.1946
1623915935372000,1,599.99999000,1.1946
1623915946586000,1,17.61715000,1.1945
1623915946586000,1,17.61745000,1.1945
1623915946586000,1,173.77990000,1.1945
1623916186950000,1,208.96656000,1.1947
1623916474627000,1,306.31121000,1.1947
1623916481686000,1,491.20854000,1.1946
1623916547389000,1,208.98157000,1.1945
1623916667411000,1,208.96406000,1.1945
1623916793794000,0,208.95155000,1.1948
1623916797472000,0,1140.00000000,1.1949
1623917054913000,0,339.90495000,1.1955
1623917057353000,0,542.48794000,1.1955
1623917059157000,0,17.61745000,1.1956
1623917109488000,0,17.61686000,1.1957
1623917112119000,0,17.61656000,1.1957
1623917124228000,0,17.61597000,1.1957
1623917267777000,1,208.78438000,1.1957
1623917508459000,1,208.74186000,1.1958
1623917748215000,1,208.82690000,1.1958
1623917868124000,1,208.93195000,1.1957
1623917878540000,0,17.61568000,1.1958
1623917878540000,0,0.78243000,1.1958
1623917889648000,1,22.00000000,1.1956
1623917901961000,0,16.83266000,1.1958
1623917901961000,0,5.16734000,1.1959
1623917914196000,1,17.60741000,1.1955
1623917914196000,1,4.39259000,1.1955
1623917927702000,0,12.44745000,1.1959
1623917927702000,0,9.55255000,1.1959
1623917941121000,1,22.00000000,1.1955
1623917978520000,0,18.39830000,1.1958
1623917985170000,1,20.94154000,1.1955
1623917985170000,1,1.05846000,1.1955
1623917992930000,0,22.00000000,1.1958
1623918000699000,1,16.54924000,1.1955
1623918000699000,1,5.45076000,1.1955
1623918009532000,0,22.00000000,1.1958
1623918018313000,1,12.15724000,1.1955
1623918018313000,1,9.84276000,1.1954
1623918108304000,1,7.76553000,1.1954
1623918108304000,1,17.60859000,1.1954
1623918108304000,1,183.72400000,1.1954
1623918126973000,1,8370.68752000,1.1954
1623918127532000,1,8370.68752000,1.1954
1623918228358000,1,17.60888000,1.1954
1623918228358000,1,17.60918000,1.1953
1623918228358000,1,17.60947000,1.1953
1623918228358000,1,17.60977000,1.1953
1623918228358000,1,17.61006000,1.1952
1623918228358000,1,17.61036000,1.1952
1623918228358000,1,103.44040000,1.1952
1623918297669000,0,186.91445000,1.1956
1623918297758000,1,609.12596000,1.1956
1623918367996000,1,600.00000000,1.1951
1623918368108000,1,600.00000000,1.1951
1623918368108000,1,54.53674000,1.1951
1623918468438000,1,208.96197000,1.1951
1623918531066000,1,333.00000000,1.1952
1623918701244000,0,1140.00000000,1.1957
1623918701244000,0,3000.00000000,1.1959
1623918701244000,0,17.61420000,1.1959
1623918701244000,0,17.61390000,1.1960
1623918701244000,0,17.61331000,1.1960
1623918701244000,0,17.61302000,1.1960
1623918701244000,0,17.61243000,1.1961
1623918701244000,0,988.90351000,1.1961
1623918701244000,0,17.61213000,1.1961
1623918701244000,0,268.92670000,1.1961
1623918701244000,0,1163.49080000,1.1962
1623918828755000,1,17.60445000,1.1958
1623918828755000,1,191.25205000,1.1957
1623918830997000,0,17.60357000,1.1959
1623918835699000,0,17.60327000,1.1959
1623918880975000,1,599.69999000,1.1954
1623918882700000,1,0.30001000,1.1954
1623918882815000,1,1134.80999000,1.1952
1623918948735000,1,208.90653000,1.1952
1623919068929000,1,208.89402000,1.1952
1623919276634000,1,391.10598000,1.1952
1623919308932000,1,17.61154000,1.1951
1623919308932000,1,191.57339000,1.1951
1623919314787000,1,17.61213000,1.1950
1623919314787000,1,17.61243000,1.1950
1623919314787000,1,319.10742000,1.1950
1623919429061000,1,17.61302000,1.1949
1623919429061000,1,17.61331000,1.1949
1623919429061000,1,17.61390000,1.1949
1623919429061000,1,17.61420000,1.1948
1623919429061000,1,17.61479000,1.1948
1623919429061000,1,17.61509000,1.1947
1623919429061000,1,63.02229000,1.1947
1623919506356000,1,357.15243000,1.1947
1623919506385000,1,357.15243000,1.1947
1623919666957000,0,351.40868000,1.1948
1623919672542000,1,17.61568000,1.1947
1623919672542000,1,17.61597000,1.1946
1623919672542000,1,17.61656000,1.1946
1623919672542000,1,17.61686000,1.1946
1623919672542000,1,17.61745000,1.1945
1623919672542000,1,11.91748000,1.1945
1623919684307000,1,5.70027000,1.1945
1623919684307000,1,17.61804000,1.1944
1623919684307000,1,17.61834000,1.1944
1623919684307000,1,17.61863000,1.1944
1623919684307000,1,17.61893000,1.1944
1623919895647000,1,17.61922000,1.1943
1623919895647000,1,17.61952000,1.1943
1623919895647000,1,17.61981000,1.1943
1623919895647000,1,17.62011000,1.1942
1623919909838000,1,17.62041000,1.1942
1623919909838000,1,17.62070000,1.1942
1623919909838000,1,17.62100000,1.1941
1623919909838000,1,153.50785000,1.1941
1623920069657000,1,17.62129000,1.1941
1623920069657000,1,17.62159000,1.1941
1623920069657000,1,17.62188000,1.1941
1623920069657000,1,17.62218000,1.1940
1623920095804000,1,17.62248000,1.1940
1623920095804000,1,17.62277000,1.1940
1623920095804000,1,17.62307000,1.1939
1623920095804000,1,17.62336000,1.1939
1623920405142000,1,219.81999000,1.1943
1623920849885000,1,4050.94999000,1.1946
1623921134368000,0,1128.48667000,1.1949
1623921135164000,0,11.51333000,1.1949
1623921370441000,1,44.00000000,1.1949
1623921513945000,0,17.62307000,1.1950
1623922144849000,0,17.62277000,1.1950
1623922144849000,0,17.62218000,1.1951
1623922144849000,0,2.36969000,1.1951
1623922730645000,0,17.62188000,1.1951
1623922730645000,0,17.62129000,1.1952
1623922730645000,0,17.62100000,1.1952
1623922730645000,0,156.33111000,1.1953
1623922852021000,1,276.13698000,1.1950
1623922852043000,1,323.86302000,1.1950
1623922852043000,1,59.94601000,1.1948
1623922933409000,1,345.80462000,1.1949
1623922966888000,1,354.53924000,1.1948
1623922970967000,1,208.97064000,1.1952
1623922972693000,0,185.37010000,1.1952
1623923239120000,1,355.42121000,1.1948
1623923252333000,1,351.67244000,1.1948
1623923331053000,0,208.92674000,1.1951
1623923673135000,1,17.62100000,1.1941
1623923673135000,1,17.62129000,1.1941
1623923673135000,1,17.62188000,1.1941
1623923673135000,1,17.62218000,1.1940
1623923673135000,1,883.84364000,1.1940
1623923878693000,0,28.52164000,1.1949
1623924531981000,0,1105.15000000,1.1946
1623924691463000,1,63.24188000,1.1942
1623924702749000,0,1058.31235000,1.1947
1623924702749000,0,8072.22523000,1.1950
1623924702749000,0,72.86007000,1.1950
1623924766378000,1,40.19715000,1.1943
1623924922114000,1,356.21968000,1.1941
1623924943739000,1,67.03000000,1.1941
1623924988516000,1,53.38447000,1.1941
1623925046269000,0,125.51910000,1.1944
1623925211873000,1,17.62277000,1.1940
1623925211873000,1,17.62307000,1.1939
1623925211873000,1,17.62366000,1.1939
1623925301285000,1,17.62396000,1.1938
1623925301285000,1,17.62425000,1.1938
1623925301285000,1,17.62455000,1.1938
1623925301285000,1,17.62484000,1.1938
1623925437618000,1,17.62514000,1.1937
1623925447575000,1,17.62543000,1.1937
1623925448581000,1,17.62573000,1.1937
1623925454816000,1,17.62603000,1.1936
1623925456363000,1,17.62632000,1.1936
1623925457354000,1,502.50400000,1.1936
1623925458355000,1,17.62662000,1.1936
1623925459358000,1,17.62691000,1.1935
1623925464860000,1,17.62721000,1.1935
1623925466633000,1,17.62751000,1.1935
1623925466633000,1,600.00000000,1.1935
1623925474918000,1,17.62780000,1.1934
1623925485131000,1,17.62810000,1.1934
1623925637587000,1,733.20321000,1.1935
1623925639680000,1,78.23999000,1.1936
1623925842006000,1,17.62839000,1.1934
1623925842006000,1,17.62869000,1.1934
1623925842006000,1,17.62899000,1.1933
1623925842006000,1,17.62928000,1.1933
1623925976220000,1,17.62958000,1.1933
1623925976220000,1,17.62987000,1.1932
1623925976220000,1,17.63017000,1.1932
1623925976220000,1,17.63047000,1.1932
1623927142863000,1,17.63076000,1.1931
1623927142863000,1,17.63106000,1.1931
1623927142863000,1,17.63135000,1.1931
1623927142863000,1,17.63165000,1.1931
1623927219021000,1,17.63195000,1.1930
1623927219021000,1,17.63224000,1.1930
1623927219021000,1,17.63254000,1.1930
1623927219021000,1,17.63283000,1.1929
1623927219021000,1,29.47044000,1.1929
1623927923490000,1,129.13000000,1.1932
1623927923490000,1,203.87000000,1.1932
1623927934973000,1,333.00000000,1.1932
1623928124173000,0,2456.56000000,1.1936
1623928124340000,0,989.69799000,1.1937
1623928124379000,0,987.77698000,1.1937
1623928124379000,0,269.29405000,1.1938
1623928124435000,0,720.40394000,1.1938
1623928124435000,0,269.29405000,1.1938
1623928124476000,1,739.58542000,1.1938
1623928124491000,0,248.19156000,1.1938
1623928124491000,0,987.77698000,1.1938
1623928124497000,0,989.69799000,1.1939
1623928124532000,1,21.10249000,1.1938
1623928131469000,0,620.40719000,1.1938
1623928145233000,1,305.41617000,1.1937
1623928500470000,1,258.76774000,1.1935
1623928500561000,1,753.04093000,1.1935
1623928501716000,1,258.76774000,1.1935
1623928503000000,1,213.48523000,1.1935
1623928504191000,1,130.83716000,1.1935
1623928506146000,1,18.41354000,1.1935
1623928506146000,1,81.58646000,1.1935
1623928641695000,1,354.84798000,1.1935
1623928689456000,1,139.38263000,1.1937
1623928690558000,1,114.98577000,1.1937
1623928696784000,1,553.39258000,1.1937
1623929200810000,1,382.96916000,1.1937
1623929523627000,1,100.00000000,1.1937
1623929963436000,1,228.56162000,1.1937
1623929968013000,1,228.56162000,1.1937
1623930053486000,1,209.61131000,1.1937
1623930506490000,0,1083.48526000,1.1940
1623930506490000,0,1846.33308000,1.1940
1623931554349000,0,209.12926000,1.1940
1623931572657000,0,400.73094000,1.1940
1623931673962000,0,145.69181000,1.1940
1623931741553000,0,10967.11809000,1.1940
1623931742057000,0,110.65311000,1.1940
1623932049577000,1,600.00000000,1.1938
1623932059668000,0,166.11948000,1.1940
1623932059686000,1,100.96999000,1.1940
1623932062784000,1,30.25449000,1.1940
1623932063989000,1,352.56831000,1.1937
1623932407820000,0,836.42191000,1.1940
1623932823506000,0,2901.64483000,1.1940
1623932823509000,0,10940.89877000,1.1940
1623932827834000,0,6457.75870000,1.1940
1623933029131000,0,0.00002000,1.1940
1623933029131000,0,17.63283000,1.1940
1623933029131000,0,17.63253000,1.1941
1623933378937000,1,129.83985000,1.1939
1623933378937000,1,600.00000000,1.1939
1623933378937000,1,3000.00000000,1.1937
1623933378937000,1,49946.75531000,1.1937
1623933378937000,1,989.36845000,1.1937
1623933378937000,1,989.25491000,1.1936
1623933378937000,1,8027.55878000,1.1935
1623933378937000,1,989.25491000,1.1935
1623933378937000,1,989.25491000,1.1934
1623933378937000,1,989.25491000,1.1933
1623933378937000,1,1256.41295000,1.1932
1623933378937000,1,989.25491000,1.1932
1623933378937000,1,1256.27615000,1.1931
1623933378937000,1,989.25491000,1.1931
1623933378937000,1,989.25491000,1.1930
1623933378937000,1,2093.60947000,1.1930
1623933378937000,1,17.63283000,1.1929
1623933378937000,1,7470.52956000,1.1929
1623933378937000,1,17.63313000,1.1929
1623933378937000,1,989.25491000,1.1929
1623933378937000,1,17.63343000,1.1929
1623933378937000,1,17.63372000,1.1928
1623933378937000,1,17.63402000,1.1928
1623933378937000,1,989.25491000,1.1928
1623933378937000,1,17.63431000,1.1928
1623933378937000,1,17.63461000,1.1928
1623933378937000,1,7500.00000000,1.1927
1623933378937000,1,17.63491000,1.1927
1623933378937000,1,17.63520000,1.1927
1623933378937000,1,989.25491000,1.1927
1623933378937000,1,17.63550000,1.1927
1623933378937000,1,17.63580000,1.1926
1623933378937000,1,17.63609000,1.1926
1623933378937000,1,989.25491000,1.1926
1623933378937000,1,17.63639000,1.1926
1623933378937000,1,17.63668000,1.1925
1623933378937000,1,17.63698000,1.1925
1623933378937000,1,989.25491000,1.1925
1623933378937000,1,17.63728000,1.1925
1623933378937000,1,17.63757000,1.1925
1623933378937000,1,17.63787000,1.1924
1623933378937000,1,17.63817000,1.1924
1623933378937000,1,989.25491000,1.1924
1623933378937000,1,2512.01581000,1.1924
1623933378937000,1,17.63846000,1.1924
1623933378937000,1,17.63876000,1.1923
1623933378937000,1,17.63905000,1.1923
1623933378937000,1,167.81483000,1.1923
1623933378937000,1,0.00017000,1.1923
1623933378937000,1,989.25491000,1.1923
1623933378937000,1,17.63935000,1.1923
1623933378937000,1,17.63965000,1.1923
1623933378937000,1,17.63994000,1.1922
1623933378937000,1,989.25491000,1.1922
1623933378937000,1,17.64024000,1.1922
1623933378937000,1,17.64054000,1.1922
1623933378937000,1,17.64083000,1.1921
1623933378937000,1,17.64113000,1.1921
1623933378937000,1,989.25491000,1.1921
1623933378937000,1,17.64143000,1.1921
1623933378937000,1,5002.54270000,1.1921
1623933378937000,1,17.64172000,1.1920
1623933378937000,1,17.64202000,1.1920
1623933378937000,1,1700.00000000,1.1920
1623933378937000,1,989.25491000,1.1920
1623933378937000,1,17.64231000,1.1920
1623933378937000,1,17.64261000,1.1920
1623933378937000,1,4186.41258000,1.1919
1623933378937000,1,17.64291000,1.1919
1623933378937000,1,989.25491000,1.1919
1623933378937000,1,17.64320000,1.1919
1623933378937000,1,17.64350000,1.1919
1623933378937000,1,17.64380000,1.1918
1623933378937000,1,261.00000000,1.1918
1623933378937000,1,200.00000000,1.1918
1623933378937000,1,17.64409000,1.1918
1623933378937000,1,989.25491000,1.1918
1623933378937000,1,17.64439000,1.1918
1623933378937000,1,17.64469000,1.1917
1623933378937000,1,17.64498000,1.1917
1623933378937000,1,989.25491000,1.1917
1623933378937000,1,17.64528000,1.1917
1623933378937000,1,17.64558000,1.1917
1623933378937000,1,17.64587000,1.1916
1623933378937000,1,989.25491000,1.1916
1623933378937000,1,17.64617000,1.1916
1623933378937000,1,17.64647000,1.1916
1623933378937000,1,17.64676000,1.1915
1623933378937000,1,17.64706000,1.1915
1623933378937000,1,989.25491000,1.1915
1623933378937000,1,17.64736000,1.1915
1623933378937000,1,10865.49969000,1.1914
1623933378937000,1,17.64765000,1.1914
1623933378937000,1,17.64795000,1.1914
1623933378937000,1,989.25491000,1.1914
1623933378937000,1,989.25491000,1.1913
1623933378937000,1,763.00000000,1.1912
1623933378937000,1,989.25491000,1.1912
1623933378937000,1,42.80000000,1.1912
1623933378937000,1,989.25491000,1.1911
1623933378937000,1,10000.00000000,1.1910
1623933378937000,1,989.25491000,1.1910
1623933378937000,1,100.00000000,1.1909
1623933378937000,1,8376.08628000,1.1909
1623933378937000,1,989.25491000,1.1909
1623933378937000,1,989.25491000,1.1908
1623933378937000,1,989.25491000,1.1907
1623933378937000,1,989.25491000,1.1906
1623933378937000,1,989.25491000,1.1905
1623933378937000,1,989.25491000,1.1904
1623933378937000,1,989.25491000,1.1903
1623933378937000,1,989.25491000,1.1902
1623933378937000,1,2641.00000000,1.1901
1623933378937000,1,989.25491000,1.1901
1623933378937000,1,11024.03407000,1.1900
1623933378937000,1,192.34386000,1.1900
1623933378937000,1,2432.61453000,1.1900
1623933378937000,1,2432.61453000,1.1900
1623933378937000,1,2432.61427000,1.1900
1623933378937000,1,2432.61427000,1.1900
1623933378937000,1,2432.61453000,1.1900
1623933378937000,1,2121.69360000,1.1900
1623933378937000,1,2432.61453000,1.1900
1623933378937000,1,2121.69360000,1.1900
1623933378937000,1,968.58228000,1.1900
1623933378937000,1,9073.15966000,1.1900
1623933378937000,1,33.58823000,1.1900
1623933378937000,1,20000.00000000,1.1900
1623933378937000,1,400.00000000,1.1900
1623933378937000,1,2000.00000000,1.1900
1623933378937000,1,989.25491000,1.1900
1623933378937000,1,575.40129000,1.1899
1623933378937000,1,989.25491000,1.1899
1623933378937000,1,989.25491000,1.1898
1623933378937000,1,989.25491000,1.1897
1623933378937000,1,989.25491000,1.1896
1623933378937000,1,17828.54262000,1.1895
1623933380982000,0,17.63728000,1.1936
1623933380982000,0,17.63698000,1.1936
1623933380982000,0,17.63639000,1.1937
1623933380982000,0,17.63609000,1.1937
1623933382072000,0,17.64083000,1.1932
1623933382072000,0,17.64054000,1.1932
1623933382072000,0,17.63994000,1.1933
1623933382072000,0,17.63965000,1.1933
1623933382072000,0,17.63905000,1.1934
1623933382072000,0,11.79999000,1.1934
1623933382185000,1,17.64143000,1.1932
1623933382271000,1,17.64172000,1.1932
1623933382439000,1,17.64231000,1.1933
1623933382629000,1,17.64261000,1.1933
1623933382791000,1,17.64320000,1.1933
1623933382895000,1,17.64350000,1.1933
1623933383056000,1,17.64409000,1.1933
1623933383144000,1,17.64439000,1.1933
1623933383176000,0,5.83877000,1.1934
1623933383176000,0,17.63817000,1.1935
1623933383176000,0,17.63787000,1.1935
1623933383312000,1,17.64498000,1.1933
1623933383403000,1,17.64528000,1.1933
1623933383678000,1,17.64587000,1.1933
1623933383766000,1,17.64617000,1.1933
1623933383965000,1,17.64676000,1.1933
1623933384064000,1,17.64706000,1.1933
1623933384218000,1,17.64765000,1.1933
1623933384321000,1,17.64795000,1.1933
1623933384952000,0,169.20173000,1.1934
1623933385189000,1,352.96818000,1.1933
1623933385189000,1,637.15021000,1.1932
1623933385268000,1,619.19433000,1.1932
1623933385313000,0,370.92406000,1.1932
1623933385313000,0,990.11839000,1.1933
1623933385345000,1,600.00000000,1.1933
1623933385382000,0,390.11839000,1.1931
1623933385436000,1,990.11836000,1.1932
1623933385511000,1,600.00000000,1.1931
1623933385511000,1,390.11839000,1.1931
1623933385582000,1,990.11839000,1.1931
1623933385643000,1,990.11839000,1.1931
1623933385705000,1,629.64483000,1.1931
1623933385839000,1,990.11839000,1.1928
1623933385875000,0,990.11839000,1.1928
1623933385875000,0,360.47356000,1.1929
1623933385875000,0,0.00003000,1.1931
1623933385908000,1,990.11839000,1.1928
1623933385997000,1,113.67079000,1.1928
1623933386002000,0,100.00000000,1.1927
1623933386249000,0,990.11837000,1.1926
1623933386378000,0,990.11839000,1.1925
1623933386378000,0,990.11839000,1.1925
1623933386378000,0,0.00002000,1.1926
1623933386378000,0,990.11839000,1.1926
1623933386378000,0,776.44760000,1.1927
1623933414374000,0,129.53342000,1.1933
1623933481982000,0,1140.00000000,1.1932
1623933498053000,1,989.96041000,1.1933
1623933510717000,0,647.45000000,1.1933
1623933511951000,0,316.30199000,1.1933
1623933511972000,0,26.20355000,1.1933
1623933601365000,1,989.98486000,1.1933
1623933654377000,1,209.51075000,1.1933
1623933664052000,1,989.98550000,1.1933
1623933729432000,1,990.01674000,1.1933
1623933778279000,1,989.99870000,1.1933
1623933886861000,1,989.99440000,1.1933
1623934149603000,1,990.02190000,1.1933
1623934214923000,1,990.04664000,1.1933
1623934281045000,1,2872.78930000,1.1933
1623934281824000,1,990.07566000,1.1933
1623934292971000,1,1478.58331000,1.1933
1623935815202000,0,209.47574000,1.1934
1623936117151000,1,300.00000000,1.1933
1623936230890000,0,339.43598000,1.1938
1623936595984000,0,17.63550000,1.1938
1623936600254000,0,17.63520000,1.1938
1623936627380000,0,17.63461000,1.1939
1623936639621000,0,17.63431000,1.1939
1623936647134000,0,17.63372000,1.1939
1623936647980000,0,17.63343000,1.1940
1623936702152000,0,17.63283000,1.1940
1623936738690000,0,0.00001000,1.1941
1623936738690000,0,17.63195000,1.1941
1623936738690000,0,17.63164000,1.1942
1623936819651000,0,0.00001000,1.1942
1623936827202000,0,17.63106000,1.1942
1623936903714000,0,17.63076000,1.1942
1623936903714000,0,17.63017000,1.1943
1623936903714000,0,17.62987000,1.1943
1623936903714000,0,17.62928000,1.1944
1623936903714000,0,919.21705000,1.1944
1623936975335000,0,989.73728000,1.1944
1623938355632000,1,17.62928000,1.1933
1623938355632000,1,17.62987000,1.1932
1623938355632000,1,17.63017000,1.1932
1623938412315000,1,17.63076000,1.1931
1623938412315000,1,17.63106000,1.1931
1623938412315000,1,17.63165000,1.1931
1623938463715000,1,17.63195000,1.1930
1623938463715000,1,17.63254000,1.1930
1623938463715000,1,17.63283000,1.1929
1623938640888000,1,17.63343000,1.1929
1623938640888000,1,17.63372000,1.1928
1623938640888000,1,17.63431000,1.1928
1623938867375000,0,1100.89963000,1.1931
1623939010644000,0,1032.23272000,1.1932
1623939010646000,0,990.12921000,1.1932
1623939010656000,0,42.10351000,1.1932
1623939010656000,0,1032.23272000,1.1932
1623939010656000,0,990.12921000,1.1932
1623939010656000,0,935.53456000,1.1932
1623939010676000,0,1363.16392000,1.1932
1623939112486000,0,10460.10526000,1.1931
1623939153985000,1,613.08720000,1.1929
1623939158035000,1,304.11280000,1.1929
1623939173266000,1,17.63461000,1.1928
1623939182265000,1,17.63520000,1.1927
1623939184219000,1,17.63550000,1.1927
1623939184219000,1,176.60453000,1.1927
1623939293844000,1,17.63609000,1.1926
1623939293844000,1,17.63639000,1.1926
1623939293844000,1,17.63698000,1.1925
1623939293844000,1,17.63728000,1.1925
1623939495674000,1,17.63787000,1.1924
1623939495674000,1,17.63817000,1.1924
1623939495674000,1,384.00523000,1.1924
1623939795327000,1,17.63876000,1.1923
1623939795327000,1,192.02418000,1.1923
1623939915412000,1,209.67349000,1.1923
1623940018262000,0,209.68750000,1.1927
1623940251510000,0,900.00000000,1.1928
1623940395686000,1,17.63905000,1.1923
1623940395686000,1,17.63965000,1.1923
1623940395686000,1,17.63994000,1.1922
1623940395686000,1,17.64054000,1.1922
1623940395686000,1,17.64083000,1.1921
1623940395686000,1,121.42601000,1.1921
1623940515685000,1,209.69811000,1.1922
1623940635758000,1,209.69284000,1.1922
1623940664802000,1,300.00000000,1.1922
1623940668545000,1,300.00000000,1.1921
1623940755853000,1,17.64143000,1.1921
1623940755853000,1,17.64172000,1.1920
1623940755853000,1,174.42376000,1.1920
1623940875880000,1,209.70867000,1.1921
1623941002228000,0,209.70867000,1.1926
1623941023538000,0,175.53242000,1.1926
1623941166039000,0,103.00025000,1.1926
1623941166039000,0,8275.57740000,1.1926
1623941166079000,0,1256.78665000,1.1926
1623941166589000,0,8378.57765000,1.1926
1623941167125000,0,8378.57765000,1.1926
1623941167596000,0,1256.78665000,1.1926
1623941167705000,0,8378.57765000,1.1926
1623941168206000,0,8378.57765000,1.1926
1623941247693000,0,103.00024000,1.1926
1623941258559000,0,0.00001000,1.1926
1623941258559000,0,8378.82335000,1.1926
1623941258612000,0,1256.82351000,1.1926
1623941259110000,0,8378.82336000,1.1926
1623941265082000,0,103.00025000,1.1926
1623941415428000,0,209.62602000,1.1927
1623941415428000,0,8168.39006000,1.1927
1623941415471000,0,1256.70242000,1.1927
1623941417561000,0,8377.59496000,1.1927
1623941418135000,0,8377.59496000,1.1927
1623941418582000,0,1256.63925000,1.1927
1623941418696000,0,8377.59496000,1.1927
1623941419326000,0,8377.59496000,1.1927
1623941419954000,0,8377.59496000,1.1927
1623941452124000,0,8377.20896000,1.1927
1623941452163000,0,1256.58135000,1.1927
1623941460373000,0,6077.34316000,1.1927
1623941476176000,1,209.62251000,1.1929
1623941606631000,0,209.57857000,1.1931
1623941606631000,0,5684.37000000,1.1931
1623941606631000,0,17.64172000,1.1931
1623941609456000,0,17.64143000,1.1932
1623941716262000,1,209.52764000,1.1929
1623941836463000,1,209.57330000,1.1928
1623941911729000,0,17.64083000,1.1932
1623941911729000,0,17.64053000,1.1932
1623941912214000,0,0.00001000,1.1932
1623941912214000,0,17.63994000,1.1933
1623941912214000,0,17.63965000,1.1933
1623941912214000,0,803.11803000,1.1934
1623941956419000,1,209.49076000,1.1931
1623942076475000,1,209.51183000,1.1932
1623942316583000,1,209.50832000,1.1928
1623942436689000,1,209.59615000,1.1924
1623942556689000,1,209.66646000,1.1924
1623942676748000,1,17.63965000,1.1923
1623942676748000,1,17.63994000,1.1922
1623942676748000,1,17.64054000,1.1922
1623942676748000,1,17.64083000,1.1921
1623942676748000,1,139.10550000,1.1921
1623942796782000,1,17.64143000,1.1921
1623942796782000,1,17.64172000,1.1920
1623942796782000,1,17.64231000,1.1920
1623942796782000,1,17.64261000,1.1920
1623942796782000,1,17.64320000,1.1919
1623942796782000,1,17.64350000,1.1919
1623942796782000,1,17.64409000,1.1918
1623942796782000,1,17.64439000,1.1918
1623942796782000,1,68.56542000,1.1918
1623943036939000,1,17.64498000,1.1917
1623943036939000,1,17.64528000,1.1917
1623943036939000,1,174.48351000,1.1916
1623943156989000,1,17.64587000,1.1916
1623943156989000,1,17.64617000,1.1916
1623943156989000,1,174.50462000,1.1916
1623943277043000,1,17.64676000,1.1915
1623943277043000,1,17.64706000,1.1915
1623943277043000,1,17.64765000,1.1914
1623943277043000,1,17.64795000,1.1914
1623943277043000,1,17.64825000,1.1914
1623943277043000,1,121.57308000,1.1914
1623943283266000,0,83.88874000,1.1919
1623943397044000,1,17.64854000,1.1913
1623943397044000,1,17.64884000,1.1913
1623943397044000,1,17.64914000,1.1913
1623943397044000,1,17.64943000,1.1913
1623943397044000,1,17.64973000,1.1912
1623943397044000,1,17.65003000,1.1912
1623943397044000,1,17.65032000,1.1912
1623943397044000,1,86.26472000,1.1912
1623943517079000,1,17.65062000,1.1911
1623943517079000,1,17.65092000,1.1911
1623943517079000,1,17.65121000,1.1911
1623943517079000,1,17.65151000,1.1910
1623943517079000,1,17.65181000,1.1910
1623943517079000,1,17.65210000,1.1910
1623943517079000,1,17.65240000,1.1910
1623943517079000,1,17.65270000,1.1909
1623943517079000,1,17.65299000,1.1909
1623943517079000,1,51.01142000,1.1909
1623943637176000,1,209.92526000,1.1915
1623943757216000,1,209.81251000,1.1913
1623943877311000,1,209.84421000,1.1914
1623943997459000,1,209.84421000,1.1912
1623944117425000,1,209.86711000,1.1912
1623944237456000,1,209.85301000,1.1912
1623944477749000,1,209.87239000,1.1910
1623944597575000,1,17.65329000,1.1909
1623944597575000,1,17.65359000,1.1908
1623944597575000,1,17.65388000,1.1908
1623944597575000,1,17.65418000,1.1908
1623944597575000,1,17.65448000,1.1907
1623944597575000,1,17.65477000,1.1907
1623944597575000,1,17.65507000,1.1907
1623944597575000,1,17.65537000,1.1907
1623944597575000,1,68.63776000,1.1907
1623944717679000,1,17.65566000,1.1906
1623944717679000,1,17.65596000,1.1906
1623944717679000,1,174.65596000,1.1906
1623944837729000,1,17.65626000,1.1906
1623944837729000,1,17.65655000,1.1905
1623944837729000,1,174.66711000,1.1905
1623944957736000,1,17.65685000,1.1905
1623944957736000,1,17.65715000,1.1905
1623944957736000,1,17.65745000,1.1905
1623944957736000,1,17.65774000,1.1904
1623944957736000,1,17.65804000,1.1904
1623944957736000,1,121.70151000,1.1904
1623945077801000,1,17.65834000,1.1904
1623945077801000,1,17.65863000,1.1903
1623945077801000,1,174.69999000,1.1903
1623945396556000,0,170.72456000,1.1906
1623945964896000,0,990.95981000,1.1908
1623945964934000,0,0.00002000,1.1908
1623945964934000,0,403.98915000,1.1908
1623946247897000,1,209.93760000,1.1905
1623946367931000,1,209.99227000,1.1905
1623946487935000,1,180.07013000,1.1905
1623946608108000,1,209.99227000,1.1904
1623946728019000,1,17.65893000,1.1903
1623946728019000,1,17.65923000,1.1903
1623946728019000,1,174.69704000,1.1903
1623947081892000,1,17.65952000,1.1902
1623947081892000,1,17.65982000,1.1902
1623947081892000,1,17.66012000,1.1902
1623947081892000,1,17.66042000,1.1902
1623947088134000,1,17.66071000,1.1901
1623947088134000,1,17.66101000,1.1901
1623947088134000,1,17.66131000,1.1901
1623947088134000,1,17.66160000,1.1900
1623947088134000,1,17.66190000,1.1900
1623947088134000,1,17.66220000,1.1900
1623947088134000,1,17.66249000,1.1899
1623947088134000,1,86.42633000,1.1899
1623947168867000,1,17.66309000,1.1899
1623947168867000,1,17.66339000,1.1899
1623947276906000,1,347.23374000,1.1894
1623947277675000,1,357.78398000,1.1894
1623947288575000,1,103.50883000,1.1894
1623947295466000,1,0.00001000,1.1894
1623947295466000,1,189.36077000,1.1894
1623947440544000,1,600.00000000,1.1890
1623947440544000,1,1680.00000000,1.1890
1623947440544000,1,1030.29000000,1.1887
1623947950499000,1,591.16543000,1.1890
1623947957674000,1,8.83457000,1.1890
1623947957674000,1,349.54690000,1.1890
1623948220665000,1,600.00000000,1.1894
1623948317078000,0,341.73703000,1.1900
1623948322418000,0,128.15454000,1.1899
1623949010732000,1,5960.64528000,1.1888
1623949010879000,1,5960.64528000,1.1888
1623949010889000,1,8078.70944000,1.1888
1623949011284000,1,5474.40363000,1.1888
1623949028312000,1,999.55999000,1.1888
1623949028346000,1,999.57188000,1.1888
1623949322770000,1,599.69998000,1.1888
1623949322957000,1,0.30002000,1.1888
1623949322957000,1,2529.64290000,1.1888
1623949323060000,1,1.26564000,1.1888
1623949323119000,0,524.33435000,1.1888
1623949323311000,0,600.00000000,1.1888
1623949789059000,1,209.90999000,1.1902
1623949941841000,0,339.35675000,1.1907
1623949947259000,0,127.28055000,1.1907
1623950217038000,1,466.65668000,1.1898
1623950217145000,1,0.23346000,1.1898
1623950217173000,1,599.93333000,1.1898
1623950217298000,1,0.06667000,1.1898
1623950227594000,1,599.99664000,1.1897
1623950231764000,0,308.84580000,1.1900
1623950284718000,0,466.65668000,1.1900
1623950284718000,0,599.93333000,1.1900
1623950339574000,1,599.69999000,1.1897
1623950339750000,1,990.78575000,1.1897
1623950339889000,1,0.19566000,1.1897
1623950339889000,1,990.52644000,1.1896
1623950361773000,0,339.09796000,1.1900
1623950431702000,1,647.45000000,1.1907
1623950431733000,1,29.86641000,1.1907
1623950432121000,1,4.87138000,1.1907
1623950437987000,1,101.82216000,1.1907
1623950439917000,1,0.05096000,1.1907
1623950441375000,0,301.57962000,1.1907
1623950442533000,0,119.49850000,1.1906
1623950443875000,0,117.30080000,1.1906
1623950445046000,0,115.14351000,1.1906
1623950446219000,0,115.14447000,1.1906
1623950447325000,0,115.13704000,1.1906
1623950509486000,1,119.69094000,1.1895
1623950509845000,0,329.66283000,1.1906
1623950509856000,0,209.49277000,1.1906
1623950538324000,1,177.80825000,1.1906
1623950539468000,1,162.17017000,1.1906
1623950560069000,1,97.54270000,1.1895
1623950560148000,1,502.45730000,1.1895
1623950560162000,1,654.46567000,1.1895
1623950560238000,0,97.53500000,1.1895
1623950560306000,1,0.00142000,1.1895
1623950560306000,1,990.98640000,1.1895
1623950560560000,0,669.50035000,1.1904
1623950564270000,1,97.53500000,1.1906
1623950564272000,1,53.12763000,1.1906
1623950629493000,1,209.91999000,1.1894
1623950779065000,1,209.35999000,1.1895
1623950786779000,1,125.28299000,1.1899
1623951230312000,1,210.89999000,1.1900
1623951414471000,1,1258.90149000,1.1902
1623951414471000,1,0.26948000,1.1900
1623951414493000,1,1047.86938000,1.1900
1623951414597000,1,600.00000000,1.1898
1623951414597000,1,390.86244000,1.1897
1623951414607000,0,0.26948000,1.1900
1623951631227000,1,210.36622000,1.1900
1623951833310000,0,17.66309000,1.1910
1623951833310000,0,17.66220000,1.1911
1623951833310000,0,17.66190000,1.1911
1623951833310000,0,17.66131000,1.1911
1623951833310000,0,17.66101000,1.1912
1623951833310000,0,17.66042000,1.1912
1623951833310000,0,17.66012000,1.1913
1623951833310000,0,276.59431000,1.1913
1623952765495000,1,276.99724000,1.1904
1623952765650000,1,152.30274000,1.1904
1623953078261000,0,17.65952000,1.1913
1623953078261000,0,17.65923000,1.1914
1623953078261000,0,17.65863000,1.1914
1623953078261000,0,440.20313000,1.1914
1623953085634000,0,305.36310000,1.1914
1623953728839000,0,245.02034000,1.1912
1623953733573000,0,336.20615000,1.1914
1623953738396000,0,329.39999000,1.1914
1623954094842000,1,331.27808000,1.1907
1623954094994000,1,5520.70752000,1.1907
1623954095761000,1,815.89697000,1.1907
1623954357281000,1,327.88724000,1.1914
1623954357282000,0,812.11276000,1.1914
1623954357403000,1,221.23534000,1.1914
1623954358506000,1,221.23534000,1.1914
1623954359591000,1,221.23534000,1.1914
1623954360679000,1,221.23534000,1.1914
1623954472122000,1,209.74999000,1.1912
1623954592380000,1,209.71999000,1.1912
1623954822543000,1,1126.71499000,1.1911
1623954832379000,1,209.90999000,1.1911
1623954852625000,0,252.92207000,1.1914
1623954867137000,0,5810.68651000,1.1914
1623954952377000,1,210.34754000,1.1911
1623955072630000,1,209.84999000,1.1911
1623955121093000,1,86.38700000,1.1911
1623955395841000,1,314.92991000,1.1910
1623955457229000,1,488.28137000,1.1910
1623955457293000,1,755.60434000,1.1910
1623955965251000,0,326.11945000,1.1914
1623955970113000,1,196.43344000,1.1909
1623955980967000,1,196.36110000,1.1909
1623956693205000,1,209.55831000,1.1906
1623957035700000,1,1679.91998000,1.1905
1623957070625000,1,906.26370000,1.1905
1623957102909000,1,106.81107000,1.1905
1623957104212000,1,106.81107000,1.1905
1623957105319000,1,106.81107000,1.1905
1623957106439000,1,116.57949000,1.1905
1623957107547000,1,116.57990000,1.1905
1623957108675000,1,116.57990000,1.1905
1623957109789000,1,116.57990000,1.1905
1623957110867000,1,116.57990000,1.1905
1623957112197000,1,125.37465000,1.1905
1623957113244000,1,103.53709000,1.1905
1623957114274000,1,103.53709000,1.1905
1623957115328000,1,103.53709000,1.1905
1623957196699000,1,126.84778000,1.1905
1623957197913000,1,126.84798000,1.1905
1623957198989000,1,126.84798000,1.1905
1623957200072000,1,126.84798000,1.1905
1623957201191000,1,126.84798000,1.1905
1623957202304000,1,106.93199000,1.1905
1623957203413000,1,106.93199000,1.1905
1623957226540000,0,1140.00000000,1.1906
1623957226540000,0,860.00000000,1.1907
1623957284162000,0,1000.00000000,1.1907
1623957289248000,0,1000.00000000,1.1907
1623957308345000,0,650.00000000,1.1907
1623957314893000,0,70.00000000,1.1907
1623957486164000,1,300.00000000,1.1905
1623957486164000,1,7.17228000,1.1904
1623958768434000,1,107.44620000,1.1901
1623958769517000,1,107.44620000,1.1901
1623958770606000,1,85.10760000,1.1901
1623958913745000,1,209.90999000,1.1893
1623959090887000,1,50.11000000,1.1893
1623960005915000,1,866.61007000,1.1892
1623960006063000,1,762.29998000,1.1892
1623960141762000,1,363.96319000,1.1892
1623960154642000,1,327.93598000,1.1892
1623960490991000,0,1139.99998000,1.1897
1623960632537000,0,262.20000000,1.1899
1623961513477000,1,300.53999000,1.1892
1623961516648000,1,294.07264000,1.1892
1623961518122000,1,590.65998000,1.1892
1623961549554000,0,52.01426000,1.1900
1623962474764000,1,200.01000000,1.1893
1623965196893000,0,316.17898000,1.1902
1623965196893000,0,697.51648000,1.1902
1623965196893000,0,697.51648000,1.1902
1623965196893000,0,359.98104000,1.1904
1623965228916000,0,1242.96942000,1.1903
1623965652880000,0,1055.89153000,1.1905
1623967834457000,0,327.30737000,1.1907
1623968000600000,0,705.63261000,1.1909
1623968046452000,0,314.53682000,1.1909
1623970001100000,1,600.00000000,1.1903
1623973149732000,0,2204.28905000,1.1909
1623974160474000,0,651.54907000,1.1913
1623974170133000,0,22.96097000,1.1913
1623974191480000,0,624.94589000,1.1913
1623974235657000,0,137.75032000,1.1913
1623974235664000,0,341.93600000,1.1913
1623974243953000,0,342.67509000,1.1913
1623974244913000,0,168.44632000,1.1913
1623974245067000,0,173.49749000,1.1914
1623974938920000,0,1062.60679000,1.1909
1623974938920000,0,2996.49321000,1.1909
1623976529226000,1,102.09293000,1.1911
1623976535739000,1,100.67957000,1.1911
1623976742673000,0,370.54008000,1.1911
1623977082831000,1,990.88729000,1.1911
1623977699711000,1,39.15567000,1.1904
1623977792467000,0,991.00276000,1.1909
1623977792615000,0,224.16597000,1.1909
1623977880135000,0,704.34582000,1.1909
1623977882145000,0,941.00000000,1.1909
1623977882164000,0,524.28439000,1.1909
1623977885677000,0,466.71198000,1.1909
1623977885681000,0,0.00001000,1.1909
1623977885681000,0,837.24186000,1.1910
1623977885850000,0,822.81395000,1.1910
1623977885850000,0,93.52125000,1.1910
1623977893918000,0,897.47512000,1.1910
1623977894056000,0,0.00001000,1.1910
1623977894056000,0,567.66925000,1.1910
1623977928228000,0,276.93609000,1.1910
1623978256764000,0,337.72794000,1.1910
1623979654502000,1,600.00000000,1.1902
1623979666382000,1,600.00000000,1.1902
1623979666382000,1,594.52945000,1.1902
1623979666533000,1,600.00000000,1.1902
1623979666533000,1,594.53607000,1.1902
1623979675098000,0,336.47952000,1.1906
1623980099734000,1,298.99999000,1.1903
1623981759562000,0,189.14831000,1.1914
1623981759572000,0,189.12197000,1.1914
1623982114773000,1,705.44116000,1.1909
1623982499216000,1,105.40606000,1.1909
1623982799218000,1,171.27014000,1.1908
1623984229489000,1,133.16919000,1.1911
1623984230567000,1,133.16919000,1.1911
1623984231652000,1,133.16919000,1.1911
1623984233760000,1,133.16919000,1.1911
1623984234177000,1,133.16919000,1.1911
1623984249806000,1,106.66568000,1.1911
1623984253465000,1,104.44809000,1.1911
1623984517763000,1,121.37428000,1.1912
1623984518842000,1,121.37428000,1.1912
1623984519917000,1,100.08365000,1.1912
1623985510688000,1,317.62777000,1.1911
1623985511782000,1,317.62777000,1.1911
1623985512885000,1,317.62777000,1.1911
1623985513966000,1,317.62777000,1.1911
1623985515072000,1,327.34599000,1.1911
1623985516182000,1,327.34599000,1.1911
1623985517269000,1,327.34517000,1.1911
1623985956334000,1,990.56797000,1.1912
1623985956445000,1,942.27999000,1.1912
1623986033814000,1,105.08307000,1.1914
1623986034916000,1,105.08307000,1.1914
1623986036271000,1,105.08307000,1.1914
1623986037386000,1,105.08307000,1.1914
1623986375808000,1,109.39261000,1.1914
1623986742359000,0,17.65834000,1.1914
1623987013141000,0,17.65774000,1.1915
1623987013141000,0,17.65745000,1.1915
1623987013141000,0,17.65685000,1.1916
1623988045505000,1,109.45448000,1.1916
1623988186754000,0,17.65655000,1.1916
1623988186754000,0,259.37353000,1.1916
1623988321662000,1,103.34422000,1.1915
1623988321734000,1,1177.39176000,1.1915
1623988941582000,0,311.03986000,1.1917
1623989401166000,1,209.66512000,1.1915
1623989641313000,1,164.77171000,1.1915
1623989663160000,1,102.39211000,1.1915
1623989680980000,1,104.47858000,1.1915
1623989702854000,1,105.72973000,1.1915
1623989720567000,1,103.80966000,1.1915
1623989721744000,1,103.80966000,1.1915
1623989751790000,1,103.41891000,1.1915
1623989752935000,1,103.41891000,1.1915
1623989754019000,1,103.41891000,1.1915
1623989761251000,1,164.48756000,1.1915
1623989811969000,0,333.85361000,1.1916
1623989812329000,0,311.93743000,1.1916
1623990057455000,1,180.90118000,1.1915
1623990058789000,1,149.14212000,1.1915
1623990060172000,1,149.14212000,1.1915
1623990061714000,1,123.01092000,1.1915
1623990063022000,1,111.27752000,1.1915
1623990181598000,1,209.77022000,1.1915
1623990222665000,1,233.05056000,1.1915
1623990223947000,1,233.05056000,1.1915
1623990225556000,1,233.05056000,1.1915
1623990226893000,1,192.21860000,1.1915
1623990228254000,1,192.21860000,1.1915
1623990228698000,1,185.34824000,1.1915
1623990230086000,1,377.56684000,1.1915
1623990231308000,1,301.40271000,1.1915
1623990232881000,1,248.59395000,1.1915
1623990234145000,1,205.03780000,1.1915
1623990235422000,1,205.03780000,1.1915
1623990236536000,1,169.11313000,1.1915
1623990237662000,1,169.11313000,1.1915
1623990520485000,1,105.99393000,1.1915
1623990546586000,1,103.18341000,1.1915
1623990615492000,1,104.44000000,1.1915
1623990643083000,1,106.63000000,1.1915
1623990644161000,1,106.63000000,1.1915
1623990645276000,1,106.63000000,1.1915
1623990646387000,1,106.63000000,1.1915
1623990772692000,1,218.74805000,1.1915
1623990773956000,1,218.74805000,1.1915
1623990775847000,1,218.74805000,1.1915
1623990776951000,1,180.43328000,1.1915
1623991112789000,1,127.21500000,1.1911
1623991210803000,0,127.28475000,1.1916
1623991571533000,1,53.38410000,1.1909
1623992037744000,1,276.78140000,1.1909
1623992075695000,0,82.18872000,1.1915
1623992237259000,1,338.25490000,1.1914
1623993679519000,0,303.69116000,1.1899
1623993687380000,0,293.81252000,1.1899
1623993694753000,0,251.66921000,1.1899
1623996428152000,1,340.27942000,1.1896
1623996434121000,1,339.11636000,1.1896
1623996434275000,1,12.58837000,1.1896
1623996434275000,1,331.40243000,1.1896
1623996443165000,1,362.54009000,1.1896
1623996577803000,1,600.00000000,1.1895
1623996577803000,1,58.70355000,1.1895
1623997736275000,0,340.19639000,1.1903
1623998537100000,1,54.96000000,1.1897
1623999065369000,1,300.00000000,1.1892
1623999260215000,0,1261.68636000,1.1891
1623999265190000,0,841.34353000,1.1891
1623999298653000,1,500.00000000,1.1887
1623999451724000,1,158.50303000,1.1882
1624001635261000,1,249.03964000,1.1892
1624001808259000,0,340.38506000,1.1899
1624001808648000,1,229.76560000,1.1899
1624001968965000,1,333.00000000,1.1894
1624002130650000,1,333.00000000,1.1897
1624002428190000,1,333.00000000,1.1903
1624003643275000,1,311.28048000,1.1907
1624003643275000,1,21.71952000,1.1907
1624003873302000,1,224.17669000,1.1907
1624003876999000,1,229.48835000,1.1907
1624003881522000,1,440.41790000,1.1907
1624004222830000,1,17.65655000,1.1905
1624004222830000,1,17.65685000,1.1905
1624004222830000,1,282.22659000,1.1905
1624004258224000,1,708.55103000,1.1905
1624004261441000,1,17.65745000,1.1905
1624004261441000,1,17.65774000,1.1904
1624004261441000,1,269.31480000,1.1904
1624004430311000,1,151.87389000,1.1906
1624004430319000,1,355.21320000,1.1906
1624004430533000,1,303.08243000,1.1906
1624004430577000,1,177.50933000,1.1906
1624004430691000,1,216.95585000,1.1906
1624004430742000,1,133.25748000,1.1906
1624004430747000,1,139.60759000,1.1906
1624004436541000,0,295.82352000,1.1913
1624004437668000,0,493.13920000,1.1913
1624004704912000,1,176.90484000,1.1908
1624004905338000,1,55.18000000,1.1909
1624004950961000,0,177.95975000,1.1915
1624004950961000,0,17.65774000,1.1915
1624004950961000,0,17.65745000,1.1915
1624004950961000,0,36.10963000,1.1916
1624004951149000,0,249.75919000,1.1916
1624005192865000,0,17.65685000,1.1916
1624005192865000,0,17.65655000,1.1916
1624005192865000,0,17.65596000,1.1917
1624005192865000,0,17.65566000,1.1917
1624005192865000,0,17.65507000,1.1918
1624005192865000,0,17.65477000,1.1918
1624005192865000,0,221.89696000,1.1918
1624005274656000,1,146.72046000,1.1911
1624005425080000,1,176.74170000,1.1910
1624005483952000,0,224.25615000,1.1916
1624005483952000,0,2332.92332000,1.1917
1624005483952000,0,3000.00000000,1.1917
1624005483952000,0,600.00000000,1.1917
1624005483952000,0,17.65418000,1.1919
1624005483952000,0,17.65388000,1.1919
1624005483952000,0,17.65329000,1.1920
1624005483952000,0,17.65299000,1.1920
1624005483952000,0,17.65240000,1.1921
1624005483952000,0,286.93187000,1.1921
1624005584634000,1,653.55157000,1.1913
1624005719756000,1,17.65240000,1.1910
1624005719756000,1,17.65299000,1.1909
1624005719756000,1,17.65329000,1.1909
1624006031697000,1,17.65388000,1.1908
1624006031697000,1,17.65418000,1.1908
1624006031697000,1,17.65477000,1.1907
1624006078937000,1,17.65507000,1.1907
1624006078937000,1,17.65566000,1.1906
1624006078937000,1,17.65596000,1.1906
1624006128838000,1,17.65655000,1.1905
1624006128838000,1,17.65685000,1.1905
1624006128838000,1,17.65745000,1.1905
1624008701030000,1,1074.22999000,1.1909
1624008865777000,0,1022.71614000,1.1913
1624009770482000,1,399.99032000,1.1905
1624009835927000,0,263.00000000,1.1912
1624009931192000,1,666.27757000,1.1906
1624009931216000,1,3000.00000000,1.1905
1624009931250000,1,16707.06996000,1.1905
1624010140270000,1,1300.33000000,1.1906
1624010472329000,1,750.97492000,1.1907
1624010575913000,1,510.81690000,1.1905
1624010589890000,1,752.50577000,1.1905
1624010589998000,1,838.91209000,1.1905
1624010590175000,1,24.28815000,1.1905
1624010645992000,1,103.62625000,1.1905
1624010648772000,1,2300.97998000,1.1905
1624011001614000,1,704.87620000,1.1905
1624011103751000,1,227.26498000,1.1905
1624011389020000,1,209.52867000,1.1907
1624011389166000,1,1053.78085000,1.1907
1624011389307000,1,1380.47130000,1.1907
1624011389371000,1,261.75488000,1.1907
1624011422942000,1,2962.31478000,1.1908
1624011423502000,1,6385.91264000,1.1908
1624011423939000,1,634.26637000,1.1908
1624011423939000,1,634.26637000,1.1908
1624011425017000,1,2186.04371000,1.1907
1624011425072000,1,1456.36753000,1.1907
1624011427322000,1,10324.94000000,1.1907
1624011526019000,1,353.46979000,1.1907
1624011527289000,1,637.20560000,1.1907
1624011527289000,1,527.38438000,1.1907
1624011545849000,1,601.14037000,1.1907
1624011547144000,0,91.84598000,1.1907
1624011757190000,1,59.43000000,1.1907
1624011820511000,0,600.00000000,1.1914
1624011820511000,0,2399.99000000,1.1915
1624011971668000,0,17.65745000,1.1915
1624011971668000,0,17.65685000,1.1916
1624011971668000,0,17.65655000,1.1916
1624011971668000,0,17.65596000,1.1917
1624011971668000,0,17.65566000,1.1917
1624011971668000,0,286.82373000,1.1918
1624011972087000,0,650.35559000,1.1918
1624012694625000,0,600.00000000,1.1916
1624012994837000,0,182.00488000,1.1914
1624013347772000,1,104.25737000,1.1915
1624013947792000,0,105.96615000,1.1917
1624014067767000,0,104.26558000,1.1914
1624014160870000,0,830.93962000,1.1913
1624014328120000,0,336.11744000,1.1913
1624014335305000,1,150.00000000,1.1907
1624014525432000,0,1931.37288000,1.1914
1624014525442000,0,1068.62712000,1.1914
1624014599944000,1,126.34800000,1.1908
1624014826031000,1,1166.69999000,1.1912
1624014916239000,1,835.44000000,1.1912
1624014916239000,1,35.92496000,1.1912
1624014952583000,0,784.22896000,1.1913
1624015194264000,1,46.52570000,1.1914
1624015461518000,0,554.58042000,1.1914
1624015465604000,0,563.99581000,1.1914
1624015466114000,0,0.00001000,1.1914
1624015466114000,0,755.30485000,1.1914
1624015482729000,0,235.54221000,1.1914
1624015482729000,0,0.00001000,1.1914
1624015482729000,0,990.82852000,1.1915
1624015522056000,1,990.83855000,1.1915
1624015646455000,1,990.89794000,1.1915
1624015735839000,1,59.83642000,1.1915
1624015770218000,1,990.90617000,1.1915
1624015869640000,1,990.90286000,1.1915
1624016118226000,1,31.07942000,1.1915
1624016256108000,1,990.97499000,1.1915
1624016422356000,1,209.57535000,1.1916
1624016422356000,1,781.45572000,1.1915
1624016545091000,1,2997.16348000,1.1915
1624016592159000,1,8395.13718000,1.1915
1624016592188000,1,1259.27058000,1.1915
1624016592695000,1,8395.13718000,1.1916
1624016593318000,1,8395.13718000,1.1916
1624016593736000,1,354.83670000,1.1915
1624017792101000,1,503.93599000,1.1908
1624018079346000,1,17.65566000,1.1906
1624018079346000,1,17.65596000,1.1906
1624018079346000,1,17.65655000,1.1905
1624018247731000,1,17.65685000,1.1905
1624018247731000,1,82.34315000,1.1905
1624018260558000,1,4369.85219000,1.1905
1624018263524000,1,107.08610000,1.1905
1624018272621000,1,127.46411000,1.1905
1624018273723000,1,114.98808000,1.1905
1624018274837000,1,104.76920000,1.1905
1624018281255000,1,106.22084000,1.1905
1624018316196000,1,107.33165000,1.1905
1624018329677000,1,108.30643000,1.1905
1624018337189000,1,109.18282000,1.1905
1624018339600000,1,100.03158000,1.1905
1624018340935000,1,100.03158000,1.1905
1624018356110000,1,104.65099000,1.1905
1624018366967000,1,106.28031000,1.1905
1624018384584000,1,107.56502000,1.1905
1624018385704000,1,107.56502000,1.1905
1624018491411000,1,6319.26097000,1.1905
1624018491430000,1,17.65745000,1.1905
1624018491430000,1,17.65774000,1.1904
1624018491430000,1,17.65834000,1.1904
1624018491430000,1,17.65863000,1.1903
1624018491430000,1,17.65923000,1.1903
1624018491430000,1,17.65952000,1.1902
1624018491430000,1,2593.59264000,1.1902
1624018491518000,1,406.40736000,1.1902
1624018733110000,1,100.96038000,1.1902
1624018734669000,1,100.96038000,1.1902
1624018735900000,1,100.96038000,1.1902
1624018736973000,1,100.96038000,1.1902
1624018808582000,1,109.58885000,1.1902
1624018809691000,1,109.58885000,1.1902
1624018817150000,1,100.46894000,1.1902
1624018828269000,1,1276.51184000,1.1902
1624018828269000,1,17.66012000,1.1902
1624018849886000,1,17.66042000,1.1902
1624018849886000,1,17.66101000,1.1901
1624018849886000,1,17.66131000,1.1901
1624018924631000,1,17.66190000,1.1900
1624018924631000,1,17.66220000,1.1900
1624018924631000,1,17.66279000,1.1899
1624018945571000,1,17.66309000,1.1899
1624018963609000,1,17.66368000,1.1898
1624018964145000,1,17.66398000,1.1898
1624018975094000,1,17.66428000,1.1898
1624018975094000,1,17.66457000,1.1897
1624019013755000,1,17.66487000,1.1897
1624019013755000,1,17.66517000,1.1897
1624019013755000,1,17.66547000,1.1896
1624019013755000,1,17.66576000,1.1896
1624019013755000,1,17.62084000,1.1896
1624019018883000,1,0.04522000,1.1896
1624019018883000,1,17.66636000,1.1896
1624019018883000,1,17.66666000,1.1895
1624019018883000,1,17.66695000,1.1895
1624019018883000,1,17.66725000,1.1895
1624019018883000,1,17.66755000,1.1894
1624019018883000,1,11.62001000,1.1894
1624019085814000,1,6.04783000,1.1894
1624019085814000,1,17.66814000,1.1894
1624019085814000,1,17.66844000,1.1893
1624019085814000,1,17.66874000,1.1893
1624019141427000,1,17.66903000,1.1893
1624019141427000,1,17.66933000,1.1892
1624019141427000,1,17.66963000,1.1892
1624019141427000,1,17.66993000,1.1892
1624019173963000,1,17.67022000,1.1892
1624019173963000,1,17.67052000,1.1891
1624019173963000,1,17.67082000,1.1891
1624019173963000,1,17.67112000,1.1891
1624019210190000,1,17.67141000,1.1890
1624019210190000,1,17.67171000,1.1890
1624019210190000,1,17.67201000,1.1890
1624019210190000,1,17.67230000,1.1889
1624019268029000,1,17.67260000,1.1889
1624019268029000,1,17.67290000,1.1889
1624019268029000,1,17.67320000,1.1889
1624019268029000,1,17.67349000,1.1888
1624019322925000,1,17.67379000,1.1888
1624019322925000,1,17.67409000,1.1888
1624019322925000,1,17.67439000,1.1887
1624019322925000,1,17.67468000,1.1887
1624019336869000,1,17.67498000,1.1887
1624019336869000,1,17.67528000,1.1886
1624019336869000,1,17.67558000,1.1886
1624019336869000,1,17.67587000,1.1886
1624019336869000,1,17.67617000,1.1886
1624019336869000,1,11.62212000,1.1885
1624019352461000,1,6.05435000,1.1885
1624019352461000,1,17.67677000,1.1885
1624019352461000,1,17.67707000,1.1885
1624019352461000,1,17.67736000,1.1884
1624019373533000,1,17.67766000,1.1884
1624019373533000,1,17.67796000,1.1884
1624019373533000,1,17.67826000,1.1884
1624019373533000,1,17.67855000,1.1883
1624019373533000,1,17.67885000,1.1883
1624019373533000,1,17.67915000,1.1883
1624019373533000,1,17.67945000,1.1882
1624019373533000,1,17.67974000,1.1882
1624019373533000,1,2858.57038000,1.1882
1624019421775000,1,200.00000000,1.1884
1624019563406000,1,17.68004000,1.1882
1624019563406000,1,17.68034000,1.1881
1624019563406000,1,17.68064000,1.1881
1624019563406000,1,17.68093000,1.1881
1624019563406000,1,89.58713000,1.1881
1624019568179000,0,428.25755000,1.1888
1624020225130000,1,306.54999000,1.1885
1624020236497000,1,10773.42678000,1.1885
1624020236506000,1,991.94575000,1.1885
1624020236519000,1,925.18718000,1.1884
1624020236897000,1,356.78299000,1.1884
1624020237049000,1,243.21701000,1.1884
1624020243959000,0,64.53752000,1.1884
1624020672323000,1,17.68123000,1.1881
1624020672323000,1,582.31877000,1.1880
1624020672450000,1,17.68123000,1.1880
1624020672450000,1,17.68153000,1.1880
1624020672450000,1,991.90688000,1.1880
1624020672450000,1,17.68183000,1.1880
1624020672450000,1,200.00000000,1.1880
1624020672450000,1,17.68213000,1.1880
1624020672450000,1,365.72639000,1.1879
1624020703723000,0,348.74999000,1.1880
1624020703723000,0,643.28268000,1.1880
1624021028294000,0,210.31599000,1.1886
1624021148383000,0,210.32129000,1.1886
1624021268382000,0,210.31422000,1.1886
1624021279055000,0,211.33339000,1.1886
1624021388467000,0,210.31776000,1.1886
1624021508574000,0,210.31068000,1.1887
1624021748765000,0,65.20640000,1.1885
1624021748765000,0,145.12905000,1.1885
1624021868871000,0,210.34253000,1.1885
1624021873556000,0,781.92119000,1.1885
1624021988977000,0,210.34960000,1.1885
1624022057636000,1,106.42168000,1.1880
1624022071760000,1,93.57832000,1.1880
1624022087429000,1,17.68213000,1.1880
1624022087429000,1,37.29924000,1.1879
1624022117504000,1,104.53422000,1.1879
1624022138771000,1,105.85965000,1.1879
1624022156429000,1,253.12486000,1.1879
1624022157721000,1,253.12486000,1.1879
1624022158823000,1,208.99199000,1.1879
1624022159938000,1,208.99199000,1.1879
1624022161246000,1,208.99199000,1.1879
1624022162748000,1,208.99199000,1.1879
1624022163868000,1,172.55378000,1.1879
1624022165589000,1,142.46865000,1.1879
1624022177791000,1,1141.78731000,1.1879
1624022196052000,1,4297.94695000,1.1879
1624022196052000,1,15.52445000,1.1879
1624022206354000,1,2.15797000,1.1879
1624022229292000,0,210.43814000,1.1880
1624022242299000,1,17.68272000,1.1879
1624022260146000,1,17.68302000,1.1879
1624022287785000,1,17.68332000,1.1878
1624022311083000,1,17.68361000,1.1878
1624022332151000,1,17.68391000,1.1878
1624022338014000,1,17.68421000,1.1878
1624022338014000,1,17.68451000,1.1877
1624022338014000,1,17.68481000,1.1877
1624022338014000,1,17.68510000,1.1877
1624022338014000,1,17.68540000,1.1876
1624022338014000,1,123.88191000,1.1876
1624022365989000,1,210.46826000,1.1876
1624022365989000,1,376.11809000,1.1876
1624022365989000,1,17.68570000,1.1876
1624022365989000,1,85.10566000,1.1876
1624022365989000,1,17.68600000,1.1876
1624022365989000,1,17.68630000,1.1875
1624022365989000,1,600.00000000,1.1875
1624022365989000,1,17.68659000,1.1875
1624022365989000,1,3750.23157000,1.1875
1624022396307000,1,17.68689000,1.1875
1624022396307000,1,17.68719000,1.1874
1624022396307000,1,17.68749000,1.1874
1624022396307000,1,17.68779000,1.1874
1624022469486000,0,210.52320000,1.1875
1624022589752000,0,210.49485000,1.1876
1624022666701000,0,212.83987000,1.1877
1624022709808000,0,210.49130000,1.1877
1624022829914000,0,210.49130000,1.1877
1624023070694000,1,210.48421000,1.1877
1624023190569000,0,210.48953000,1.1877
1624023310542000,0,210.49839000,1.1876
1624023400482000,1,200.00000000,1.1874
1624023400482000,1,17.68808000,1.1874
1624023400482000,1,17.68838000,1.1873
1624023400482000,1,17.68868000,1.1873
1624023400482000,1,17.68898000,1.1873
1624023400482000,1,17.68928000,1.1872
1624023400482000,1,17.68957000,1.1872
1624023400482000,1,17.68987000,1.1872
1624023430627000,0,210.57818000,1.1872
1624023452270000,1,17.69017000,1.1871
1624023550747000,0,210.58173000,1.1871
1624023562570000,1,17.69047000,1.1871
1624023562570000,1,86.46339000,1.1871
1624023563712000,1,104.15386000,1.1871
1624023564511000,1,9.38275000,1.1871
1624023588858000,1,17.69077000,1.1871
1624023588858000,1,200.00000000,1.1871
1624023595719000,1,17.69106000,1.1871
1624023596715000,1,17.69136000,1.1870
1624023597716000,1,19.37658000,1.1870
1624023598725000,1,144.80000000,1.1868
1624023599717000,1,144.80000000,1.1868
1624023670832000,0,210.60479000,1.1870
1624023733077000,0,1262.41800000,1.1871
1624023734567000,1,100.99999000,1.1867
1624023734580000,1,99.00001000,1.1867
1624023735539000,1,584.58998000,1.1867
1624023775707000,0,100.99999000,1.1867
1624023791019000,0,163.65951000,1.1868
1624023908125000,1,100.99999000,1.1866
1624023908125000,1,135.99978000,1.1866
1624023908125000,1,63.00023000,1.1865
1624023910983000,1,132.14919000,1.1865
1624023912246000,1,109.15717000,1.1865
1624023915091000,1,300.00000000,1.1865
1624023924201000,1,100.39040000,1.1865
1624023939061000,1,102.77078000,1.1865
1624023940154000,1,102.77078000,1.1865
1624023955510000,1,634.65999000,1.1865
1624024407449000,1,301.09999000,1.1866
1624024411486000,1,1549.88998000,1.1866
1624024444481000,1,15729.92151000,1.1866
1624024571101000,0,207.79405000,1.1868
1624024878791000,0,766.83778000,1.1868
1624024878791000,0,1422.40028000,1.1869
1624025004323000,1,119.99628000,1.1864
1624025005427000,1,119.99628000,1.1864
1624025009022000,1,60.00744000,1.1864
1624025104487000,1,231.59998000,1.1861
1624025173539000,1,51.00788000,1.1862
1624025382319000,1,609.79893000,1.1861
1624025383321000,1,43.90000000,1.1861
1624025384330000,1,350.67814000,1.1860
1624025385488000,1,518.33000000,1.1860
1624025387227000,1,81.67000000,1.1860
1624025388234000,1,398.36001000,1.1860
1624025388342000,1,1301.63999000,1.1860
1624025388342000,1,992.89426000,1.1860
1624025388344000,1,992.89555000,1.1859
1624025388351000,1,992.89555000,1.1858
1624025388411000,1,992.89555000,1.1857
1624025388462000,1,992.89555000,1.1856
1624025388533000,1,992.89555000,1.1855
1624025388608000,1,992.89555000,1.1854
1624025388623000,1,269.85996000,1.1854
1624025388623000,1,992.89555000,1.1854
1624025388623000,1,0.06882000,1.1853
1624025388635000,1,992.82673000,1.1853
1624025388635000,1,0.06882000,1.1852
1624025390917000,1,196.48001000,1.1854
1624025402040000,1,600.00000000,1.1860
1624025406320000,1,600.00000000,1.1860
1624025411815000,0,782.07034000,1.1860
1624025411854000,1,904.00278000,1.1860
1624025412428000,1,846.98666000,1.1860
1624025420510000,1,600.00000000,1.1854
1624025420553000,1,782.22661000,1.1854
1624025424487000,1,600.00000000,1.1854
1624025425516000,1,600.00000000,1.1854
1624025436996000,1,775.42940000,1.1853
1624025437724000,1,697.88646000,1.1853
1624025438766000,1,992.88471000,1.1853
1624025492751000,1,132.60808000,1.1853
1624025509491000,1,1966.63414000,1.1853
1624025583209000,0,600.00000000,1.1858
1624025610078000,0,303.54681000,1.1860
1624025696221000,1,313.15924000,1.1860
1624025696221000,1,186.00204000,1.1860
1624025696286000,1,148.80858000,1.1860
1624025715562000,1,600.00000000,1.1854
1624025717334000,0,120.78570000,1.1864
1624025717891000,0,531.05801000,1.1864
1624025718436000,0,1262.72066000,1.1864
1624025718440000,0,258.00000000,1.1864
1624025718445000,0,827.43563000,1.1864
1624025718445000,0,165.40154000,1.1864
1624025718508000,0,340.99346000,1.1864
1624025792911000,1,214.01763000,1.1857
1624025797124000,1,214.16275000,1.1856
1624025805980000,1,269.90658000,1.1856
1624025832358000,1,153.25070000,1.1865
1624025894662000,0,107.55455000,1.1865
1624025901929000,1,107.58175000,1.1863
1624025904465000,0,107.55999000,1.1865
1624025905608000,0,107.56090000,1.1865
1624025906738000,0,107.56090000,1.1865
1624025952456000,0,210.30268000,1.1864
1624026072655000,0,210.56210000,1.1864
1624026072772000,0,210.18428000,1.1864
1624026193094000,0,152.79967000,1.1863
1624026193147000,0,141.76210000,1.1863
1624026193499000,0,234.22010000,1.1863
1624026313005000,1,210.48747000,1.1857
1624026313186000,0,211.03690000,1.1861
1624026313359000,0,184.62227000,1.1861
1624026433141000,1,210.81999000,1.1855
1624026433269000,0,210.01339000,1.1860
1624026673729000,1,210.46901000,1.1854
1624026673950000,0,210.05975000,1.1857
1624026793904000,1,89.53099000,1.1854
1624026793904000,1,121.58070000,1.1854
1624026794317000,0,210.99157000,1.1859
1624026914143000,0,210.36495000,1.1856
1624026991546000,0,107.63456000,1.1859
1624026992669000,0,107.63456000,1.1859
1624026993787000,0,117.46737000,1.1859
1624026994909000,0,117.46737000,1.1859
1624026996050000,0,117.46737000,1.1859
1624026997171000,0,127.43045000,1.1859
1624026998310000,0,127.43045000,1.1859
1624026999437000,0,137.53507000,1.1859
1624027000553000,0,137.53507000,1.1859
1624027001645000,0,147.50689000,1.1859
1624027002771000,0,147.50689000,1.1859
1624027003863000,0,157.38065000,1.1859
1624027004447000,0,647.45000000,1.1859
1624027005571000,0,143.39522000,1.1859
1624027154455000,1,210.26993000,1.1862
1624027186395000,0,600.00000000,1.1866
1624027186395000,0,2821.06000000,1.1869
1624027186395000,0,992.81167000,1.1869
1624027186395000,0,992.80066000,1.1870
1624027186395000,0,992.80066000,1.1870
1624027186395000,0,992.79888000,1.1871
1624027186395000,0,1262.61580000,1.1871
1624027186395000,0,24397.75427000,1.1871
1624027394814000,1,210.54998000,1.1864
1624027514975000,1,210.38213000,1.1868
1624027583868000,1,10000.00000000,1.1866
1624028098698000,1,102.27343000,1.1862
1624028099916000,1,102.27343000,1.1862
1624028106836000,1,106.90610000,1.1862
1624028112136000,1,108.76352000,1.1862
1624028113243000,1,108.76326000,1.1862
1624028115345000,1,210.63504000,1.1862
1624028116720000,1,109.62406000,1.1862
1624028117825000,1,109.62406000,1.1862
1624028118949000,1,100.69055000,1.1862
1624028121923000,1,103.21048000,1.1862
1624028126924000,1,647.45000000,1.1862
1624028127580000,1,108.27218000,1.1862
1624028128670000,1,124.67271000,1.1862
1624028129756000,1,124.67271000,1.1862
1624028130852000,1,134.95848000,1.1862
1624028131949000,1,145.17043000,1.1862
1624028132596000,1,7341.65743000,1.1862
1624028139187000,1,107.26313000,1.1862
1624028140289000,1,117.18436000,1.1862
1624028141365000,1,75.55251000,1.1862
1624028235561000,1,148.47582000,1.1851
1624028241651000,1,1084.83540000,1.1851
1624028241739000,1,1915.16460000,1.1851
1624028304518000,1,300.00000000,1.1851
1624028306724000,1,796.62000000,1.1850
1624028306786000,1,2203.38000000,1.1850
1624028311679000,1,386.23999000,1.1850
1624028311693000,1,77.34595000,1.1850
1624028311693000,1,119.63404000,1.1850
1624028313847000,0,192.93346000,1.1856
1624028325754000,1,2685.51000000,1.1850
1624028328502000,1,324.87498000,1.1850
1624028346394000,1,289.84999000,1.1850
1624028355537000,1,210.87505000,1.1850
1624028379507000,0,3000.00000000,1.1856
1624028379507000,0,5416.12951000,1.1858
1624028380074000,0,5659.37633000,1.1858
1624028380674000,0,3000.00000000,1.1860
1624028380674000,0,5165.51250000,1.1860
1624028595799000,1,211.14215000,1.1854
1624028982055000,1,30.76304000,1.1854
1624029076032000,1,210.84355000,1.1854
1624029095542000,1,600.00000000,1.1850
1624029095542000,1,3000.00000000,1.1850
1624029095542000,1,6369.25594000,1.1850
1624029095542000,1,30000.00000000,1.1850
1624029095542000,1,800.00000000,1.1850
1624029095542000,1,2234.30333000,1.1850
1624029095542000,1,1265.76927000,1.1850
1624029095542000,1,1154.14363000,1.1850
1624029095542000,1,723.83355000,1.1850
1624029095542000,1,2374.46547000,1.1850
1624029095542000,1,2247.48475000,1.1850
1624029095664000,0,600.00000000,1.1850
1624029095670000,0,600.00000000,1.1850
1624029196103000,1,210.82603000,1.1849
1624029287824000,1,286.20999000,1.1849
1624029316290000,1,210.78097000,1.1850
1624029436418000,1,210.76095000,1.1849
1624029546312000,1,600.00000000,1.1851
1624029546312000,1,10.88999000,1.1850
1624029546446000,0,135.92500000,1.1851
1624029553444000,0,0.00046000,1.1851
1624029579142000,0,483.49497000,1.1857
1624029636792000,1,197.57403000,1.1857
1624029653271000,1,794.35320000,1.1852
1624029916745000,1,210.78097000,1.1850
1624029975326000,1,113.81562000,1.1850
1624029986697000,1,96.94718000,1.1850
1624029993690000,1,19.93950000,1.1850
1624029999520000,1,345.02044000,1.1850
1624030157138000,1,210.77346000,1.1851
1624030277419000,1,210.77847000,1.1851
1624030397673000,1,210.76846000,1.1853
1624030471270000,0,4911.97265000,1.1854
1624030471501000,0,2932.96216000,1.1854
1624030471732000,0,117.75519000,1.1854
1624030519361000,1,176.74699000,1.1855
1624030581914000,1,151.76433000,1.1857
1624030746609000,1,600.00000000,1.1859
1624030746609000,1,7834.00000000,1.1859
1624030757746000,1,210.64080000,1.1859
1624030998141000,1,211.02999000,1.1859
1624031182797000,1,2902.70397000,1.1858
1624031182808000,1,600.00000000,1.1858
1624031252666000,0,757.08085000,1.1860
1624031252987000,0,5538.19653000,1.1860
1624031254218000,1,600.00000000,1.1857
1624031254494000,1,1262.54475000,1.1858
1624031254494000,1,600.00000000,1.1857
1624031256894000,1,1262.54475000,1.1858
1624031259926000,0,2500.80494000,1.1860
1624031265573000,1,600.00000000,1.1858
1624031266630000,1,600.00000000,1.1857
1624031305177000,0,935.66738000,1.1860
1624031310216000,0,2622.11431000,1.1860
1624031353241000,0,17.68007000,1.1860
1624031567979000,0,1420.51858000,1.1860
1624031568022000,0,633.57500000,1.1860
1624031568141000,0,315.76662000,1.1860
1624031777591000,0,775.85000000,1.1863
1624031780739000,0,698.26880000,1.1865
1624031780776000,0,0.00001000,1.1865
1624031823438000,1,210.54000000,1.1862
1624031823438000,1,348.24123000,1.1862
1624031823438000,1,600.00000000,1.1862
1624031823565000,0,600.00000000,1.1862
1624031823568000,0,600.00000000,1.1862
1624032047626000,0,100.22229000,1.1862
1624032052736000,0,219.35843000,1.1862
1624032075813000,1,210.18813000,1.1860
1624032125742000,0,4374.90000000,1.1862
1624032199653000,0,211.34715000,1.1862
1624032245643000,0,288.22288000,1.1862
1624032257146000,0,361.16168000,1.1862
1624032257526000,0,305.21537000,1.1862
1624032262809000,0,166.89401000,1.1862
1624032320059000,0,186.50468000,1.1862
1624032372012000,0,1727.32023000,1.1862
1624032401588000,0,992.63206000,1.1862
1624032418721000,0,128.72304000,1.1862
1624032440215000,0,209.45210000,1.1862
1624032474999000,0,1506.33079000,1.1862
1624032478221000,0,992.57882000,1.1862
1624032479927000,0,2179.01527000,1.1862
1624032482389000,0,3813.12801000,1.1862
1624032487438000,0,210.73404000,1.1862
1624032493028000,0,2022.76188000,1.1862
1624032506909000,0,8415.20898000,1.1862
1624032506946000,0,1262.28135000,1.1862
1624032507402000,0,8415.20898000,1.1862
1624032508004000,0,8415.20898000,1.1862
1624032517981000,0,8414.77724000,1.1862
1624032518017000,0,1262.21659000,1.1862
1624032518516000,0,8414.77724000,1.1862
1624032519147000,0,8414.77724000,1.1862
1624032519742000,0,1262.21659000,1.1862
1624032519753000,0,8414.77724000,1.1862
1624032520257000,0,8414.77724000,1.1862
1624032520826000,0,8414.77724000,1.1862
1624032521362000,0,8414.77724000,1.1862
1624032521729000,0,1262.21659000,1.1862
1624032521918000,0,8414.77724000,1.1862
1624032522476000,0,8414.77724000,1.1862
1624032529721000,0,103.93093000,1.1862
1624032531330000,0,174.55028000,1.1862
1624032534476000,0,135.95652000,1.1862
1624032534727000,0,8414.77724000,1.1862
1624032534757000,0,1262.21659000,1.1862
1624032535314000,0,8414.77724000,1.1862
1624032535830000,0,8414.29203000,1.1862
1624032535950000,0,112.28310000,1.1862
1624032536372000,0,6302.06389000,1.1862
1624032560578000,0,210.89701000,1.1869
1624032800718000,0,210.77419000,1.1870
1624032920954000,0,210.89713000,1.1870
1624032966063000,0,1273.53220000,1.1870
1624033281217000,0,210.08600000,1.1870
1624033401298000,0,210.56751000,1.1870
1624033423663000,0,100.00000000,1.1870
1624033521195000,0,210.76533000,1.1870
1624033641452000,0,210.60167000,1.1870
1624033761352000,0,210.49111000,1.1870
1624033853234000,1,319.93999000,1.1867
1624033921778000,1,407.28155000,1.1867
1624033922133000,1,407.28154000,1.1867
1624034001727000,0,210.83849000,1.1869
1624034050863000,1,213.70946000,1.1867
1624034051107000,1,834.35420000,1.1867
1624034114388000,1,104.93038000,1.1867
1624034115498000,1,104.93038000,1.1867
1624034116581000,1,104.93038000,1.1867
1624034564987000,1,16368.13904000,1.1868
1624034564987000,1,297.18275000,1.1868
1624034564987000,1,588.39583000,1.1868
1624034601876000,1,210.39723000,1.1867
1624034960791000,1,89.60277000,1.1867
1624036030641000,1,992.56635000,1.1864
1624036030665000,1,992.59660000,1.1863
1624036030685000,1,811.04447000,1.1863
1624036030693000,1,1697.79998000,1.1862
1624036030712000,1,1.00287000,1.1862
1624036030712000,1,991.59727000,1.1862
1624036030756000,1,1.00287000,1.1862
1624036030756000,1,991.59727000,1.1861
1624036030788000,1,811.04447000,1.1863
1624036030788000,1,181.55567000,1.1862
1624036030798000,1,629.48880000,1.1862
1624036030798000,1,1.00287000,1.1861
1624036030798000,1,362.10847000,1.1860
1624036030808000,1,630.49167000,1.1860
1624036030808000,1,631.93476000,1.1859
1624036030832000,1,811.04447000,1.1862
1624036030832000,1,181.55567000,1.1859
1624036658258000,0,145.95865000,1.1867
1624036663880000,0,48.57771000,1.1867
1624037362335000,0,205.10673000,1.1867
1624037821834000,1,1082.00747000,1.1867
1624037821834000,1,602.97829000,1.1867
1624038314286000,0,194.42011000,1.1868
1624038331117000,0,941.81058000,1.1868
1624038354390000,0,285.97000000,1.1868
1624038461075000,0,8414.16834000,1.1868
1624038461093000,0,1262.12526000,1.1868
1624038461570000,0,4638.99571000,1.1868
1624039097551000,0,303.08848000,1.1870
1624039100100000,0,8413.17861000,1.1870
1624039100149000,0,1261.97680000,1.1870
1624039100667000,0,5696.51459000,1.1870
1624039100667000,0,2716.66402000,1.1870
1624039101273000,0,8413.17861000,1.1870
1624039101739000,0,1261.97680000,1.1870
1624039101873000,0,8413.17861000,1.1870
1624039251757000,1,11061.36122000,1.1870
1624039253268000,1,66.36938000,1.1870
1624039762892000,0,210.33697000,1.1870
1624039858844000,0,1513.23000000,1.1870
1624039882813000,0,210.27800000,1.1870
1624039897563000,0,300.48861000,1.1870
1624039898778000,0,931.97680000,1.1870
1624039942978000,1,105.34099000,1.1869
1624039944126000,1,105.34099000,1.1869
1624039945234000,1,105.34099000,1.1869
1624039947360000,0,600.00000000,1.1870
1624039947360000,0,4478.63520000,1.1870
1624039947631000,1,600.00000000,1.1870
1624039947632000,1,107.11487000,1.1870
1624039948882000,1,197.81977000,1.1870
1624039949221000,0,300.90458000,1.1870
1624039950329000,1,207.96010000,1.1870
1624039951442000,1,207.96010000,1.1870
1624039953139000,0,841.57491000,1.1870
1624039954545000,0,314.28136000,1.1870
1624040073836000,0,339.16855000,1.1870
1624040197782000,1,166.51140000,1.1868
1624040231871000,1,282.89999000,1.1867
1624040603030000,0,210.32012000,1.1870
1624040723085000,0,210.12294000,1.1870
1624040729882000,0,207.42664000,1.1870
1624040730506000,0,144.75402000,1.1870
1624040773408000,0,310.05686000,1.1869
1624040940333000,1,900.70970000,1.1863
1624040941338000,1,900.70970000,1.1863
1624040943537000,1,352.57879000,1.1861
1624040943581000,1,0.00001000,1.1861
1624040943727000,1,425.12118000,1.1861
1624040944285000,1,837.29766000,1.1861
1624040944295000,1,11087.76227000,1.1860
1624040944689000,1,669.51628000,1.1859
1624040944745000,1,592.90256000,1.1859
1624040944745000,1,399.81414000,1.1856
1624040944752000,1,992.72441000,1.1856
1624040944755000,1,711.49285000,1.1856
1624040944755000,1,281.22385000,1.1856
1624040944797000,1,711.49055000,1.1856
1624040944872000,1,992.71670000,1.1855
1624040944919000,0,281.22385000,1.1856
1624040944919000,0,2104.03140000,1.1856
1624040944919000,0,1179.54968000,1.1859
1624040947740000,1,1262.52063000,1.1858
1624040948003000,1,992.71670000,1.1854
1624040948003000,1,260.54951000,1.1853
1624040953127000,0,3402.13738000,1.1861
1624040953127000,0,6597.86262000,1.1861
1624040954328000,0,352.57879000,1.1861
1624040954328000,0,483.13091000,1.1862
1624041075640000,0,599.99000000,1.1860
1624041097675000,1,537.87882000,1.1856
1624041203295000,0,128.97555000,1.1861
1624041203620000,1,66.41868000,1.1857
1624041203620000,1,152.69715000,1.1857
1624041210627000,0,600.00000000,1.1861
1624041333750000,0,257.98991000,1.1862
1624041500435000,0,101.43877000,1.1864
1624041500770000,1,101.43877000,1.1859
1624041507792000,0,51.52202000,1.1864
1624041510857000,0,213.69000000,1.1864
1624041511332000,0,19.65000000,1.1864
1624041511421000,0,213.69921000,1.1864
1624041511421000,0,1257.51079000,1.1866
1624041511772000,1,989.89464000,1.1858
1624041511772000,1,2.82206000,1.1856
1624041576674000,0,51.56606000,1.1864
1624041581742000,1,161.93220000,1.1858
1624041582870000,1,143.74860000,1.1858
1624041583985000,1,143.74860000,1.1858
1624041585130000,1,118.76836000,1.1858
1624041586508000,1,114.62092000,1.1858
1624041609140000,0,600.00000000,1.1864
1624041609224000,1,600.00000000,1.1865
1624041609260000,1,649.94013000,1.1865
1624041609332000,1,135.92500000,1.1865
1624041610557000,1,14.13487000,1.1865
1624041611737000,1,138.74043000,1.1860
1624041612913000,1,138.74043000,1.1860
1624041614059000,1,114.63147000,1.1860
1624041615152000,1,114.63147000,1.1860
1624041645924000,1,129.40757000,1.1860
1624041863725000,0,210.70063000,1.1865
1624041898644000,0,301.43599000,1.1866
1624041983702000,0,210.48643000,1.1866
1624042103852000,0,210.45451000,1.1868
1624042391156000,1,789.93586000,1.1864
1624042464628000,1,209.35000000,1.1864
1624042584685000,1,209.81000000,1.1864
1624042813105000,0,254.50247000,1.1868
1624042824932000,0,210.69000000,1.1868
1624042888376000,0,554.42892000,1.1867
1624042888549000,0,277.76000000,1.1867
1624042891299000,0,6159.06756000,1.1867
1624042895342000,0,2526.78002000,1.1867
1624042917605000,0,1208.07776000,1.1867
1624042945105000,0,210.62784000,1.1869
1624043065254000,0,210.62784000,1.1869
1624043185129000,0,210.62784000,1.1869
1624043305300000,0,210.63317000,1.1868
1624043707561000,0,107.70949000,1.1870
1624043708703000,0,107.70949000,1.1870
1624043709817000,0,107.70949000,1.1870
1624043710915000,0,107.70949000,1.1870
1624043712032000,0,107.70949000,1.1870
1624043713740000,0,107.70949000,1.1870
1624043773372000,0,108.18049000,1.1870
1624043785967000,0,211.65964000,1.1870
1624044026547000,0,210.24923000,1.1868
1624044266181000,0,210.30327000,1.1870
1624044386081000,0,210.43807000,1.1870
1624044506253000,0,210.46378000,1.1869
1624044626322000,0,210.00841000,1.1870
1624044637269000,0,210.21057000,1.1870
1624044746522000,0,133.38668000,1.1870
1624044866499000,0,210.00841000,1.1870
1624045604261000,1,106.74955000,1.1868
1624045609850000,0,210.24559000,1.1868
1624045624851000,0,291.71933000,1.1868
1624045806345000,0,992.80583000,1.1867
1624045806356000,0,0.00001000,1.1867
1624045806356000,0,683.62551000,1.1868
1624045827023000,0,210.79372000,1.1868
1624045925958000,1,100.92550000,1.1868
1624045947075000,0,210.28772000,1.1868
1624045961899000,1,992.80532000,1.1868
1624046139333000,1,499.02295000,1.1868
1624046139333000,1,493.82375000,1.1868
1624046215383000,1,992.84749000,1.1868
1624046395030000,1,51.57372000,1.1868
1624046395399000,1,51.57372000,1.1868
1624046395729000,1,51.57372000,1.1868
1624046396042000,1,51.57372000,1.1868
1624046396360000,1,51.57372000,1.1868
1624046396806000,1,51.57372000,1.1868
1624046399198000,0,298.48252000,1.1868
1624046405069000,1,49.51432000,1.1868
1624046406039000,1,935.06985000,1.1868
1624046435997000,1,6730.47562000,1.1868
1624046436498000,1,992.77958000,1.1868
1624046436498000,1,544.84822000,1.1868
1624046492220000,0,992.77822000,1.1868
1624046694943000,1,363.04976000,1.1864
1624046695966000,1,352.76938000,1.1864
1624046697090000,1,352.76938000,1.1864
1624047030523000,1,248.75699000,1.1860
1624047443318000,1,272.78999000,1.1857
1624047528761000,1,280.42999000,1.1854
1624047551043000,1,348.96131000,1.1855
1624048009581000,0,210.76464000,1.1859
1624048367758000,1,170.20998000,1.1856
1624048408309000,0,210.40870000,1.1859
1624048488148000,1,301.82346000,1.1851
1624049128646000,0,210.83568000,1.1857
1624049587637000,0,600.00000000,1.1855
1624049745325000,1,153.91000000,1.1856
1624049893636000,0,279.47012000,1.1857
1624049894622000,1,139.78999000,1.1854
1624050255747000,0,2077.74891000,1.1855
1624050263841000,0,780.28606000,1.1855
1624050389504000,0,210.80914000,1.1858
1624050509587000,0,210.81124000,1.1858
1624050629727000,0,178.37962000,1.1858
1624050749690000,0,210.80014000,1.1859
1624050869932000,0,210.80014000,1.1859
1624051109976000,0,210.79124000,1.1860
1624051230167000,0,210.78280000,1.1860
1624051350122000,0,178.42596000,1.1860
1624051470151000,0,210.78592000,1.1860
1624051590360000,0,210.78590000,1.1860
1624051710295000,0,210.79525000,1.1859
1624051830611000,0,210.80236000,1.1859
1624051950569000,0,210.80368000,1.1859
1624052070777000,0,210.79347000,1.1859
1624052190753000,0,114.06488000,1.1856
1624052370749000,0,210.83792000,1.1857
1624052790797000,0,210.83258000,1.1857
1624052875006000,0,173.39361000,1.1856
1624053394553000,0,2999.99998000,1.1855
1624053394813000,0,0.00002000,1.1855
1624053394813000,0,599.99996000,1.1855
1624053706923000,0,1203.45999000,1.1855
1624053714542000,0,573.55996000,1.1855
1624054068277000,1,300.00000000,1.1850
1624054073743000,1,300.00000000,1.1848
1624054078137000,1,300.00000000,1.1849
1624054625318000,1,322.86689000,1.1849
1624056969056000,1,1140.00000000,1.1850
1624056969056000,1,1140.00000000,1.1850
1624056969056000,1,3000.00000000,1.1850
1624056969056000,1,1264.06382000,1.1848
1624056969056000,1,455.93618000,1.1847
1624057051902000,1,3000.00000000,1.1850
1624057051902000,1,1140.00000000,1.1850
1624057051902000,1,1140.00000000,1.1850
1624057051902000,1,1264.06382000,1.1848
1624057051902000,1,537.19525000,1.1847
1624057051902000,1,993.13143000,1.1846
1624057051902000,1,1264.06382000,1.1846
1624057051902000,1,661.54568000,1.1845
1624058592959000,0,261.99000000,1.1857
1624059102207000,1,1704.12606000,1.1859
1624059102579000,1,993.16105000,1.1859
1624059574518000,1,121.37827000,1.1859
1624059575861000,1,121.37827000,1.1859
1624059576881000,1,111.56470000,1.1859
1624059577995000,1,101.15363000,1.1859
1624059595556000,1,108.37414000,1.1859
1624059596530000,0,175.33236000,1.1859
1624059602940000,0,233.24293000,1.1859
1624060077005000,1,308.46798000,1.1855
1624060078801000,1,302.29862000,1.1855
1624060082221000,1,60.06239000,1.1855
