timestamp ms,type,amount,price
1621641855635000,0,1339.45000000,1.22
1621641926898000,0,90.87000000,1.22
1621641926898000,0,275.76112000,1.22
1621642090641000,1,219.42708000,1.22
1621642128514000,1,452.79233000,1.22
1621642203495000,0,222.42142000,1.22
1621642203495000,0,285.47473000,1.22
1621642203638000,1,244.34955000,1.22
1621642203796000,1,51.01872000,1.22
1621642395314000,1,1473.29004000,1.22
1621642449995000,1,204.68861000,1.22
1621643380789000,0,82.07020000,1.22
1621643408964000,0,784.46683000,1.22
1621643410312000,1,203.84999000,1.22
1621644042037000,1,117.69514000,1.22
1621644104195000,1,307.79086000,1.22
1621644105427000,1,297.83053000,1.22
1621644106671000,1,243.93403000,1.22
1621644107801000,1,199.79083000,1.22
1621644108899000,1,199.79083000,1.22
1621644110077000,1,163.63595000,1.22
1621644111180000,1,134.02378000,1.22
1621644199531000,1,293.54479000,1.22
1621644219770000,0,304.18073000,1.22
1621644466933000,0,778.17835000,1.22
1621644672465000,0,31.61703000,1.22
1621645030856000,0,166.88362000,1.22
1621645151155000,1,167.63891000,1.22
1621645245238000,1,250.64999000,1.22
1621645281771000,0,280.25117000,1.22
1621645748794000,0,293.48616000,1.22
1621646924630000,0,525.56724000,1.22
1621646972634000,0,312.23323000,1.22
1621647338354000,1,395.51999000,1.22
1621648204429000,0,728.06000000,1.22
1621648204442000,0,0.01000000,1.22
1621648204442000,0,3029.32000000,1.22
1621648204722000,0,125.68000000,1.22
1621648204722000,0,835.83000000,1.22
1621648204748000,0,125.68371000,1.22
1621648204763000,0,961.51371000,1.22
1621648204843000,1,835.83000000,1.22
1621648204847000,0,311.00000000,1.22
1621648204847000,0,650.51371000,1.22
1621648204904000,0,311.00000000,1.22
1621648204904000,0,650.51371000,1.22
1621648204909000,0,311.00000000,1.22
1621648204909000,0,823.69051000,1.22
1621648204914000,1,311.00000000,1.22
1621648205034000,0,849.86000000,1.22
1621648205159000,1,1774.29998000,1.22
1621648590714000,0,36.66552000,1.22
1621648637120000,0,252.25263000,1.22
1621648637263000,0,58.74737000,1.22
1621648637462000,1,173.37640000,1.22
1621648637462000,1,104.20727000,1.22
1621648637462000,1,252.13646000,1.22
1621648637462000,1,126.15940000,1.22
1621648637901000,0,165.88076000,1.22
1621648638182000,0,232.46198000,1.22
1621648638202000,0,232.46198000,1.22
1621648638245000,0,122.66269000,1.22
1621648638261000,0,232.46198000,1.22
1621648691461000,1,204.79023000,1.22
1621649651987000,1,204.92999000,1.22
1621650097156000,1,311.09445000,1.22
1621650132250000,1,205.16999000,1.22
1621650241427000,1,1100.00000000,1.22
1621650720692000,0,47.81692000,1.22
1621650720899000,0,76.20623000,1.22
1621650746027000,1,20.00976000,1.22
1621651279010000,0,176.98000000,1.22
1621651279034000,0,335.07134000,1.22
1621651297248000,0,8590.25758000,1.22
1621651297319000,1,176.98000000,1.22
1621651297322000,1,1232.76242000,1.22
1621651297322000,1,1767.23758000,1.22
1621651297345000,1,961.50382000,1.22
1621651297442000,1,271.25860000,1.22
1621651297442000,1,961.50382000,1.22
1621651297442000,1,3639.62140000,1.22
1621651297455000,1,271.25860000,1.22
1621651297455000,1,158.86945000,1.22
1621651297476000,1,802.63436000,1.22
1621651297549000,1,0.00001000,1.22
1621651297549000,1,345.00149000,1.22
1621651297817000,1,616.50233000,1.22
1621651297817000,1,616.54028000,1.22
1621651297822000,1,185.73594000,1.22
1621651352171000,1,3000.00000000,1.22
1621651352171000,1,37.50000000,1.22
1621651352281000,1,961.50382000,1.22
1621651352281000,1,271.69932000,1.22
1621651352289000,1,881.61142000,1.22
1621651352301000,1,79.89240000,1.22
1621651352301000,1,881.61142000,1.22
1621651352358000,1,79.89240000,1.22
1621651352358000,1,881.61142000,1.22
1621651352405000,1,79.89240000,1.22
1621651352405000,1,961.50382000,1.22
1621651352405000,1,191.68314000,1.22
1621651352411000,1,961.50382000,1.22
1621651352425000,1,79.89240000,1.22
1621651352425000,1,961.50382000,1.22
1621651352425000,1,1013.34588000,1.22
1621651352425000,0,287.29400000,1.22
1621651352467000,0,711.70982000,1.22
1621651423737000,1,477.16550000,1.22
1621651428800000,1,638.64524000,1.22
1621651536013000,1,117.39240000,1.22
1621651536013000,1,1115.64948000,1.22
1621651536107000,1,117.39240000,1.22
1621651536107000,1,844.11142000,1.22
1621651536128000,1,197.28480000,1.22
1621651536128000,1,764.21902000,1.22
1621651536149000,1,197.28480000,1.22
1621651536149000,1,764.21902000,1.22
1621651536230000,1,197.28480000,1.22
1621651536230000,1,764.21902000,1.22
1621651536245000,0,1078.89622000,1.22
1621651536245000,0,117.39240000,1.22
1621651536258000,1,1515.21498000,1.22
1621651536258000,1,197.28480000,1.22
1621651536258000,1,961.50382000,1.22
1621651536258000,1,752.78998000,1.22
1621651536799000,0,187.09446000,1.22
1621651574143000,1,171.04902000,1.22
1621652340094000,1,557.59999000,1.22
1621652340220000,1,675.41416000,1.22
1621652340220000,1,1233.12201000,1.22
1621652340220000,1,37.50000000,1.22
1621652340220000,1,1480.90864000,1.22
1621652340301000,1,980.57419000,1.22
1621652340321000,0,1233.01415000,1.22
1621652340653000,0,1233.12201000,1.22
1621652585305000,0,519.37990000,1.22
1621653133781000,0,747.16854000,1.22
1621653134977000,0,205.31541000,1.22
1621653340924000,0,2026.04692000,1.22
1621653532099000,1,1093.95880000,1.22
1621653534485000,1,1031.61396000,1.22
1621653539209000,1,46.95397000,1.22
1621654045865000,0,743.02401000,1.22
1621654125063000,1,105.42567000,1.22
1621654353318000,1,10000.00000000,1.22
1621654353332000,1,1232.96669000,1.22
1621654353350000,1,2077.98143000,1.22
1621654353363000,1,37.50000000,1.22
1621654353363000,1,1195.53022000,1.22
1621654353426000,1,37.50000000,1.22
1621654353426000,1,37.50000000,1.22
1621654353426000,1,37.50000000,1.22
1621654353426000,1,849.15505000,1.22
1621654353462000,1,1205.78944000,1.22
1621654353641000,0,849.15505000,1.22
1621654820744000,1,50.04364000,1.22
1621654820963000,1,300.27243000,1.22
1621654897724000,0,218.21458000,1.22
1621654922245000,1,10000.00000000,1.22
1621654922245000,1,16.64600000,1.22
1621654947229000,0,50.08254000,1.22
1621654954693000,0,3000.00000000,1.22
1621654955231000,0,961.65505000,1.22
1621654955231000,0,980.57419000,1.22
1621654990279000,0,362.37604000,1.22
1621655063509000,0,185.89682000,1.22
1621655126334000,1,300.97044000,1.22
1621655126334000,1,653.19182000,1.22
1621655153392000,1,775.89837000,1.22
1621655157495000,1,791.31363000,1.22
1621655269896000,0,311.00000000,1.22
1621655272490000,0,3000.00000000,1.22
1621655416017000,0,204.39927000,1.22
1621655493268000,1,434.44900000,1.22
1621655493268000,1,367.58230000,1.22
1621655495159000,1,759.09196000,1.22
1621655496271000,1,759.09196000,1.22
1621655896599000,0,205.67025000,1.22
1621655960248000,1,205.49118000,1.22
1621656316607000,0,205.31371000,1.22
1621656436742000,0,205.31371000,1.22
1621656556941000,0,205.31371000,1.22
1621656775627000,1,2056.82239000,1.22
1621656797033000,0,205.31709000,1.22
1621656917139000,0,205.07555000,1.22
1621657150847000,0,1232.99169000,1.22
1621657150860000,0,1232.93846000,1.22
1621657150889000,0,436.06985000,1.22
1621657150969000,0,140.63000000,1.22
1621657150985000,0,961.65505000,1.22
1621657150997000,0,130.70664000,1.22
1621657150997000,0,830.94841000,1.22
1621657151021000,0,311.00000000,1.22
1621657151040000,1,2465.92706000,1.22
1621657151088000,1,1233.01840000,1.22
1621657151642000,1,8220.12261000,1.22
1621657152168000,1,546.85899000,1.22
1621657247755000,1,3000.00000000,1.22
1621657247761000,1,1232.95507000,1.22
1621657247867000,1,611.33898000,1.22
1621657247867000,1,18.91852000,1.22
1621657247867000,1,18.91914000,1.22
1621657247867000,1,331.39755000,1.22
1621657247871000,1,961.65505000,1.22
1621657247873000,1,271.30002000,1.22
1621657247873000,1,630.25750000,1.22
1621657247873000,1,331.46067000,1.22
1621657725377000,1,18.92008000,1.22
1621657725377000,1,81.07992000,1.22
1621657726552000,1,880.57513000,1.22
1621657726552000,1,18.92101000,1.22
1621657726552000,1,200.50386000,1.22
1621657744454000,1,18.92194000,1.22
1621657744454000,1,81.07806000,1.22
1621657745596000,1,880.57699000,1.22
1621657745596000,1,219.42301000,1.22
1621657746813000,1,1100.00000000,1.22
1621657748062000,1,1100.00000000,1.22
1621657751677000,1,18.92257000,1.22
1621657751677000,1,18.92288000,1.22
1621657751677000,1,18.92350000,1.22
1621657751677000,1,43.23105000,1.22
1621657817946000,1,462.67300000,1.22
1621657818584000,1,0.00067000,1.22
1621657883930000,0,203.30000000,1.22
1621657886112000,0,1876.83023000,1.22
1621657965855000,0,847.63000000,1.22
1621658003671000,1,98.79020000,1.22
1621658065970000,1,3000.00000000,1.22
1621658078403000,0,18.92350000,1.22
1621658078403000,0,37.50000000,1.22
1621658078403000,0,18.92257000,1.22
1621658078403000,0,284.11863000,1.22
1621658078741000,0,2550.07137000,1.22
1621658078848000,0,1232.99639000,1.22
1621658078848000,0,0.07097000,1.22
1621658078856000,1,303.04120000,1.22
1621658078891000,0,1233.06736000,1.22
1621658078980000,0,943.77050000,1.22
1621658078980000,0,1232.99639000,1.22
1621658078980000,0,373.30447000,1.22
1621658078983000,0,359.47657000,1.22
1621658079237000,0,500.21535000,1.22
1621658079237000,0,323.51746000,1.22
1621658079446000,1,1232.99639000,1.22
1621658079446000,1,1232.99639000,1.22
1621658079446000,1,1232.99639000,1.22
1621658080034000,1,1232.99639000,1.22
1621658137472000,0,360.02675000,1.22
1621658137662000,0,1301.02923000,1.22
1621658138057000,0,1338.94402000,1.22
1621658138182000,0,360.02675000,1.22
1621658138285000,1,360.02675000,1.22
1621658138653000,0,360.02675000,1.22
1621658177649000,1,106.00999000,1.22
1621658780487000,1,146.39665000,1.22
1621658837677000,0,252.41000000,1.22
1621658837677000,0,37.97124000,1.22
1621659065385000,0,354.14871000,1.22
1621659360757000,1,749.96439000,1.22
1621659438254000,0,358.79659000,1.22
1621659463868000,0,391.15999000,1.22
1621659464091000,0,0.00001000,1.22
1621659464175000,0,1233.18404000,1.22
1621659464256000,0,1159.98589000,1.22
1621659464550000,0,1233.18000000,1.22
1621659518245000,0,49.41655000,1.22
1621659518689000,0,68.39342000,1.22
1621659518689000,0,0.00404000,1.22
1621659518689000,0,239.95280000,1.22
1621659596033000,0,273.89168000,1.22
1621659842198000,1,360.65066000,1.22
1621659842384000,1,1053.13100000,1.22
1621660298782000,1,819.16999000,1.22
1621660299164000,1,1154.98385000,1.22
1621660300032000,1,819.27573000,1.22
1621660300801000,1,206.57043000,1.22
1621660301090000,1,1232.78128000,1.22
1621660301090000,1,8767.21872000,1.22
1621660301247000,1,1232.78128000,1.22
1621660301247000,1,0.00348000,1.22
1621660301296000,1,1232.78128000,1.22
1621660301296000,1,821.85998000,1.22
1621660301455000,0,1232.78128000,1.22
1621660339158000,0,203.18515000,1.22
1621660354608000,1,709.15527000,1.22
1621660355726000,1,709.15527000,1.22
1621660462471000,1,37.62700000,1.22
1621660463639000,1,109.43656000,1.22
1621660463639000,1,990.56344000,1.22
1621660463840000,1,238.28072000,1.22
1621660465019000,1,373.01036000,1.22
1621660465019000,1,484.86644000,1.22
1621660466779000,1,748.39255000,1.22
1621660468166000,1,753.87011000,1.22
1621660469465000,1,479.38888000,1.22
1621660469465000,1,274.48123000,1.22
1621660470556000,1,397.06667000,1.22
1621660555623000,1,294.60712000,1.22
1621660773701000,1,353.99526000,1.22
1621660774345000,0,278.65500000,1.22
1621660775031000,0,65.81188000,1.22
1621660775166000,0,73.51562000,1.22
1621660831370000,0,354.04010000,1.22
1621660935842000,1,286.91328000,1.22
1621660939608000,1,96.77188000,1.22
1621660985790000,1,262.06373000,1.22
1621660985925000,1,274.66477000,1.22
1621660985925000,1,1233.20636000,1.22
1621660985925000,1,547.27592000,1.22
1621660986048000,1,685.93044000,1.22
1621660986052000,0,547.27592000,1.22
1621660986052000,0,685.93044000,1.22
1621660986073000,1,37.50000000,1.22
1621660986073000,1,943.07886000,1.22
1621660986075000,0,547.27592000,1.22
1621661103060000,1,385.70810000,1.22
1621661118226000,1,611.54530000,1.22
1621661227386000,1,10000.00000000,1.22
1621661237773000,0,352.76951000,1.22
1621661258422000,0,140.63837000,1.22
1621661299272000,0,206.62843000,1.22
1621661350049000,1,559.64411000,1.22
1621661350049000,1,1232.80203000,1.22
1621661350049000,1,262.16772000,1.22
1621661350176000,1,970.53461000,1.22
1621661350176000,1,1513.99357000,1.22
1621661357820000,1,21.24067000,1.22
1621661368888000,1,1232.97915000,1.22
1621661368890000,1,1232.97915000,1.22
1621661368890000,1,635.43238000,1.22
1621661368993000,0,1232.97915000,1.22
1621661369009000,1,980.57270000,1.22
1621661369010000,1,438.96017000,1.22
1621661369010000,1,37.50000000,1.22
1621661369010000,1,18.92381000,1.22
1621661369010000,1,158.22601000,1.22
1621661369029000,1,803.42904000,1.22
1621661369041000,0,177.14982000,1.22
1621661369041000,0,1859.93926000,1.22
1621661369048000,0,195.02599000,1.22
1621661385658000,0,349.64944000,1.22
1621661385692000,0,349.83000000,1.22
1621661386038000,0,719.97000000,1.22
1621661405464000,0,311.00000000,1.22
1621661424297000,0,289.54557000,1.22
1621661442987000,0,311.00000000,1.22
1621661443022000,0,1207.00360000,1.22
1621661479142000,0,348.12660000,1.22
1621661491652000,1,1264.13999000,1.22
1621661491675000,1,29.57000000,1.22
1621661497087000,0,350.56285000,1.22
1621661497230000,1,1100.00000000,1.22
1621661497756000,0,439.95000000,1.22
1621661528928000,0,1068.74000000,1.22
1621661566094000,0,414.03938000,1.22
1621661591242000,0,142.77923000,1.22
1621661613690000,0,1374.44139000,1.22
1621661613712000,0,961.65505000,1.22
1621661613763000,0,961.65505000,1.22
1621661613876000,0,961.65505000,1.22
1621661661308000,1,181.84651000,1.22
1621661751949000,0,1171.63978000,1.22
1621661780661000,0,0.00022000,1.22
1621661780661000,0,179.97722000,1.22
1621661805520000,0,371.31000000,1.22
1621662303028000,1,450.21916000,1.22
1621662305496000,0,70.32232000,1.22
1621662317835000,0,41.84282000,1.22
1621662347244000,1,986.24692000,1.22
1621662349080000,0,392.60000000,1.22
1621662349444000,0,15.76718000,1.22
1621662349444000,0,13.95432000,1.22
1621662351980000,0,506.06841000,1.22
1621662351980000,0,961.65505000,1.22
1621662351980000,0,961.65505000,1.22
1621662351980000,0,961.65505000,1.22
1621662351980000,0,961.65505000,1.22
1621662351980000,0,961.65505000,1.22
1621662353086000,0,961.65505000,1.22
1621662353086000,0,961.65505000,1.22
1621662353648000,0,311.00000000,1.22
1621662364040000,0,311.00000000,1.22
1621662364152000,0,650.65505000,1.22
1621662364152000,0,311.00000000,1.22
1621662364165000,0,650.65505000,1.22
1621662364165000,0,311.00000000,1.22
1621662364202000,0,675.25000000,1.22
1621662364202000,0,286.40505000,1.22
1621662364349000,0,675.25000000,1.22
1621662364349000,0,286.40505000,1.22
1621662364390000,0,675.25000000,1.22
1621662364566000,0,961.65505000,1.22
1621662364566000,0,880.31000000,1.22
1621662387682000,1,2621.75942000,1.22
1621662387713000,1,378.24057000,1.22
1621662387800000,1,0.00001000,1.22
1621662387800000,1,351.20007000,1.22
1621662399448000,1,93.60474000,1.22
1621662399617000,1,44.11514000,1.22
1621662448487000,1,955.13644000,1.22
1621662448555000,1,955.13644000,1.22
1621662486396000,0,547.04802000,1.22
1621662488843000,1,973.98050000,1.22
1621662488934000,0,179.43031000,1.22
1621662489337000,1,1058.08443000,1.22
1621662489456000,1,174.69260000,1.22
1621662684889000,1,205.49097000,1.22
1621662690771000,0,440.76030000,1.22
1621662690832000,1,80.85028000,1.22
1621662690832000,1,148.58544000,1.22
1621662691734000,1,411.26715000,1.22
1621662694749000,1,164.49212000,1.22
1621662694895000,1,205.64096000,1.22
1621662699999000,1,303.15909000,1.22
1621662700069000,1,0.00001000,1.22
1621662700069000,1,245.30571000,1.22
1621662700432000,1,281.36487000,1.22
1621663161789000,1,724.98163000,1.22
1621663162045000,0,1053.27984000,1.22
1621663424187000,1,40.86560000,1.22
1621664214247000,0,37.50000000,1.22
1621664214247000,0,37.50000000,1.22
1621664214247000,0,220.12473000,1.22
1621664214441000,0,392.08000000,1.22
1621664214649000,1,283.31000000,1.22
1621664214707000,1,10000.00000000,1.22
1621664214709000,1,1233.38040000,1.22
1621664214754000,1,1233.51117000,1.22
1621664214774000,1,2056.09974000,1.22
1621664214777000,1,2467.13728000,1.22
1621664214951000,1,2106.31978000,1.22
1621664766448000,1,74.47000000,1.22
1621664808825000,0,242.69401000,1.22
1621664822978000,1,74.21900000,1.22
1621665008123000,1,707.20921000,1.22
1621665008123000,1,392.79079000,1.22
1621665211063000,0,77.46855000,1.22
1621665216748000,0,68.14020000,1.22
1621665217713000,0,68.41913000,1.22
1621665230307000,0,56.51361000,1.22
1621665234453000,0,32.45396000,1.22
1621665239093000,0,56.91890000,1.22
1621665243367000,0,53.39252000,1.22
1621665244019000,0,35.55644000,1.22
1621665252086000,0,279.76567000,1.22
1621665252180000,1,169.85234000,1.22
1621665252180000,1,37.50000000,1.22
1621665252180000,1,37.50000000,1.22
1621665252180000,1,37.50000000,1.22
1621665252180000,1,37.50000000,1.22
1621665252180000,1,521.15103000,1.22
1621665252252000,1,218.64420000,1.22
1621665252468000,0,169.85234000,1.22
1621665258238000,1,101.13348000,1.22
1621665264413000,0,280.27184000,1.22
1621665280740000,1,0.07467000,1.22
1621665280740000,1,41.71146000,1.22
1621665381669000,0,133.81328000,1.22
1621665455165000,1,133.94141000,1.22
1621665455468000,0,368.84859000,1.22
1621665485461000,1,26.12010000,1.22
1621665499660000,0,938.85428000,1.22
1621665501859000,0,205.32553000,1.22
1621665529642000,0,356.65226000,1.22
1621665576336000,0,162.47767000,1.22
1621665701299000,1,139.57998000,1.22
1621665741948000,0,205.46830000,1.22
1621665842282000,1,355.46099000,1.22
1621665842391000,1,164.65429000,1.22
1621665852401000,0,149.80000000,1.22
1621665852444000,0,149.80000000,1.22
1621665862074000,0,205.31541000,1.22
1621666023542000,1,289.63398000,1.22
1621666069512000,0,81.34505000,1.22
1621666069512000,0,37.50000000,1.22
1621666069616000,0,3000.00000000,1.22
1621666069618000,0,357.61099000,1.22
1621666069634000,0,522.69901000,1.22
1621666069634000,0,961.65505000,1.22
1621666069658000,0,511.73380000,1.22
1621666069660000,0,449.92125000,1.22
1621666070060000,1,511.73380000,1.22
1621666070060000,1,311.59620000,1.22
1621666095435000,1,46.01479000,1.22
1621666109906000,1,43.65800000,1.22
1621666149157000,0,82.30074000,1.22
1621666149965000,0,82.34189000,1.22
1621666151416000,0,82.34191000,1.22
1621666152219000,0,82.34191000,1.22
1621666153359000,0,82.34191000,1.22
1621666154403000,0,82.34191000,1.22
1621666155506000,0,82.34191000,1.22
1621666156608000,0,82.34192000,1.22
1621666157740000,0,82.34191000,1.22
1621666158896000,0,82.34191000,1.22
1621666159987000,0,82.34191000,1.22
1621666161064000,0,55.93521000,1.22
1621666161209000,0,0.00001000,1.22
1621666161209000,0,26.43465000,1.22
1621666162194000,0,82.31396000,1.22
1621666164174000,0,79.22889000,1.22
1621666188655000,1,4757.78137000,1.22
1621666192850000,0,82.15098000,1.22
1621666193052000,0,205.47163000,1.22
1621666193215000,0,357.98738000,1.22
1621666193371000,0,0.00001000,1.22
1621666193371000,0,413.44491000,1.22
1621666193391000,0,548.21013000,1.22
1621666193429000,0,0.00001000,1.22
1621666193429000,0,1146.03387000,1.22
1621666193433000,0,87.01654000,1.22
1621666193433000,0,708.42442000,1.22
1621666193497000,0,253.23063000,1.22
1621666193497000,0,1000.00000000,1.22
1621666193497000,0,27.37997000,1.22
1621666193609000,0,934.27508000,1.22
1621666193609000,0,1120.95448000,1.22
1621666193650000,0,112.11311000,1.22
1621666193658000,0,253.23062000,1.22
1621666193669000,0,961.65505000,1.22
1621666193756000,0,840.34389000,1.22
1621666193756000,0,121.31116000,1.22
1621666193858000,1,5242.21863000,1.22
1621666193858000,1,165.19922000,1.22
1621666193858000,1,961.65504000,1.22
1621666193858000,1,567.42731000,1.22
1621666197232000,0,961.65504000,1.22
1621666197247000,0,244.03256000,1.22
1621666197282000,0,27.37999000,1.22
1621666197282000,0,934.27505000,1.22
1621666198381000,0,293.69208000,1.22
1621666314985000,0,427.62033000,1.22
1621666342732000,0,204.99080000,1.22
1621666618619000,1,116.86000000,1.22
1621666618619000,1,3000.00000000,1.22
1621666618619000,1,1233.00077000,1.22
1621666618619000,1,650.13923000,1.22
1621666852046000,1,360.77752000,1.22
1621666877732000,0,37.50000000,1.22
1621666877732000,0,2017.72956000,1.22
1621666878001000,0,982.27044000,1.22
1621666878001000,0,979.38461000,1.22
1621666878065000,0,253.68298000,1.22
1621666878065000,0,1232.99826000,1.22
1621666878065000,0,37.50000000,1.22
1621666878066000,0,840.34389000,1.22
1621666878075000,0,961.65505000,1.22
1621666878134000,0,215.73062000,1.22
1621666878134000,0,745.92443000,1.22
1621666878200000,0,94.41946000,1.22
1621666878200000,0,867.23559000,1.22
1621666878201000,0,94.41946000,1.22
1621666878203000,0,961.65505000,1.22
1621666878328000,1,745.92443000,1.22
1621666879099000,0,1233.06758000,1.22
1621666879260000,0,0.00001000,1.22
1621666879260000,0,320.45477000,1.22
1621666879377000,0,858.83263000,1.22
1621666879377000,0,53.71086000,1.22
1621666879386000,0,858.83263000,1.22
1621666879386000,0,1438.88699000,1.22
1621666879477000,0,616.34257000,1.22
1621666879477000,0,345.31248000,1.22
1621666880838000,1,454.98534000,1.22
1621666880907000,0,82.05000000,1.22
1621666880907000,0,534.29256000,1.22
1621666881147000,0,1232.99893000,1.22
1621666881272000,0,471.75024000,1.22
1621666881458000,1,1232.99893000,1.22
1621666884310000,0,761.24869000,1.22
1621666884310000,0,471.74957000,1.22
1621666932455000,0,360.77000000,1.22
1621666932455000,0,872.22893000,1.22
1621666932609000,0,360.77000000,1.22
1621666932609000,0,1232.99893000,1.22
1621666932609000,0,461.46063000,1.22
1621666932624000,0,1593.76893000,1.22
1621666932718000,1,461.46063000,1.22
1621666933164000,0,286.11715000,1.22
1621666940459000,0,485.42115000,1.22
1621666940459000,0,596.62886000,1.22
1621666940751000,0,961.65505000,1.22
1621666941297000,0,271.34388000,1.22
1621666941297000,0,425.13874000,1.22
1621666941445000,0,211.23133000,1.22
1621666941445000,0,750.42372000,1.22
1621666941451000,0,385.56739000,1.22
1621666941455000,0,919.23845000,1.22
1621666941455000,0,42.41660000,1.22
1621666941513000,0,39.63341000,1.22
1621666941513000,0,922.02164000,1.22
1621666941589000,0,77.97836000,1.22
1621666941589000,0,883.67669000,1.22
1621666941592000,0,77.97836000,1.22
1621666941592000,0,883.67669000,1.22
1621666941653000,0,37.50000000,1.22
1621666941653000,0,77.97836000,1.22
1621666941653000,0,616.15751000,1.22
1621666941886000,0,345.49754000,1.22
1621666941886000,0,37.50000000,1.22
1621666941886000,0,578.65751000,1.22
1621666941917000,0,382.99754000,1.22
1621666941917000,0,961.65505000,1.22
1621666941917000,0,312.79274000,1.22
1621666941970000,0,293.88224000,1.22
1621666942302000,0,1232.99893000,1.22
1621666942302000,0,131.45221000,1.22
1621666942488000,0,233.05075000,1.22
1621666942687000,0,728.10187000,1.22
1621666958178000,0,504.89706000,1.22
1621666963038000,0,728.10187000,1.22
1621666963038000,0,140.32507000,1.22
1621666963038000,0,93.22811000,1.22
1621666963062000,0,1896.96020000,1.22
1621666963067000,0,64.69485000,1.22
1621666963067000,0,89.59678000,1.22
1621666963107000,0,961.65505000,1.22
1621666963170000,0,961.65505000,1.22
1621666963222000,0,271.34388000,1.22
1621666963222000,0,536.01954000,1.22
1621666963288000,0,272.18883000,1.22
1621666963288000,0,37.49999000,1.22
1621666963311000,0,0.00001000,1.22
1621666963311000,0,539.66731000,1.22
1621666963365000,0,421.98774000,1.22
1621666963407000,0,586.13415000,1.22
1621666965035000,0,1232.99893000,1.22
1621666965035000,0,821.88422000,1.22
1621666965095000,0,411.04568000,1.22
1621666965254000,1,821.88421000,1.22
1621666967096000,0,364.43389000,1.22
1621666967254000,0,868.49601000,1.22
1621666967254000,0,954.51994000,1.22
1621666969500000,0,1232.94400000,1.22
1621666969500000,0,364.50296000,1.22
1621666976405000,0,357.72036000,1.22
1621666976501000,0,875.22364000,1.22
1621666976501000,0,241.69983000,1.22
1621666981085000,0,407.79642000,1.22
1621666993266000,0,825.14758000,1.22
1621666993266000,0,626.72711000,1.22
1621666993266000,0,1014.26049000,1.22
1621666993288000,0,583.44775000,1.22
1621666993289000,0,413.02090000,1.22
1621666993315000,0,44.15402000,1.22
1621666993315000,0,2466.13518000,1.22
1621666993315000,0,88.14059000,1.22
1621666993390000,0,287.38031000,1.22
1621666993390000,0,37.50000000,1.22
1621666993390000,0,636.77474000,1.22
1621666993396000,0,324.88031000,1.22
1621666993396000,0,636.77474000,1.22
1621666993429000,0,324.88031000,1.22
1621666993429000,0,636.77474000,1.22
1621666993525000,0,324.88031000,1.22
1621666993525000,0,37.50000000,1.22
1621666993525000,0,3748.20866000,1.22
1621666993526000,0,362.38031000,1.22
1621666993526000,0,599.27474000,1.22
1621666994138000,0,16.65000000,1.22
1621666994166000,0,362.38031000,1.22
1621666994184000,0,961.65505000,1.22
1621666994248000,1,37.50000000,1.22
1621666994248000,1,308.23030000,1.22
1621666994282000,0,37.50000000,1.22
1621666994282000,0,278.25288000,1.22
1621666994288000,0,19.49259000,1.22
1621666994288000,0,942.16246000,1.22
1621666994688000,0,1232.94400000,1.22
1621666994688000,0,364.54055000,1.22
1621667012914000,0,521.34408000,1.22
1621667030654000,0,640.48471000,1.22
1621667031938000,0,71.11521000,1.22
1621667031938000,0,364.54056000,1.22
1621667033490000,0,1177.27085000,1.22
1621667115105000,1,355.05469000,1.22
1621667158642000,0,55.67315000,1.22
1621667158642000,0,299.54848000,1.22
1621667180401000,0,970.06843000,1.22
1621667180454000,0,262.87557000,1.22
1621667180454000,0,55.51000000,1.22
1621667180454000,0,550.01786000,1.22
1621667367993000,1,139.53141000,1.22
1621667423035000,0,139.53000000,1.22
1621667423035000,0,59.51493000,1.22
1621667949737000,0,310.99999000,1.22
1621668023318000,0,205.74755000,1.22
1621668032800000,1,283.52087000,1.22
1621668032825000,1,263.35999000,1.22
1621668076957000,0,546.88000000,1.22
1621668076957000,0,131.28072000,1.22
1621668104472000,1,30.07048000,1.22
1621668109929000,1,30.06838000,1.22
1621668306991000,0,310.99999000,1.22
1621668307027000,0,0.00001000,1.22
1621668307037000,0,30.07000000,1.22
1621668307037000,0,408.93002000,1.22
1621668307239000,0,30.06999000,1.22
1621668307253000,1,310.99998000,1.22
1621668307392000,0,408.93000000,1.22
1621668439880000,0,151.40000000,1.22
1621668439903000,0,151.40000000,1.22
1621668743644000,0,206.10046000,1.22
1621668922632000,0,620.04511000,1.22
1621668938378000,1,152.29790000,1.22
1621669057194000,1,354.87395000,1.22
1621669103905000,0,205.29501000,1.22
1621669117674000,1,82.31160000,1.22
1621669119606000,1,75.71673000,1.22
1621669119749000,1,278.82093000,1.22
1621669121913000,1,20.01000000,1.22
1621669125653000,1,283.54613000,1.22
1621669298033000,1,78.72422000,1.22
1621669464833000,1,204.41066000,1.22
1621669584168000,0,78.73000000,1.22
1621669584168000,0,125.87201000,1.22
1621669603353000,0,1106.84000000,1.22
1621669603357000,0,0.00983000,1.22
1621669603357000,0,875.73017000,1.22
1621669704122000,0,204.63487000,1.22
1621669709393000,1,78.76811000,1.22
1621669748105000,0,780.40824000,1.22
1621669750172000,0,247.67873000,1.22
1621669753169000,0,292.46034000,1.22
1621669823216000,1,69.45160000,1.22
1621669824466000,0,204.71702000,1.22
1621669927290000,0,197.13955000,1.22
1621669927387000,0,200.15683000,1.22
1621669927391000,0,200.52430000,1.22
1621669944438000,0,205.66326000,1.22
1621670064644000,0,206.20528000,1.22
1621670110849000,0,153.80000000,1.22
1621670110909000,0,153.80000000,1.22
1621670159261000,1,297.54465000,1.22
1621670239431000,1,201.56209000,1.22
1621670265967000,0,205.39196000,1.22
1621670267493000,1,312.58058000,1.22
1621670267535000,1,202.00606000,1.22
1621670289087000,1,986.22562000,1.22
1621670289859000,1,986.22560000,1.22
1621670290242000,1,2437.81438000,1.22
1621670290676000,1,2437.81438000,1.22
1621670291065000,1,731.62998000,1.22
1621670291141000,1,1191.82004000,1.22
1621670304616000,1,204.54999000,1.22
1621670521642000,1,307.77127000,1.22
1621670521658000,1,307.77128000,1.22
1621670521658000,1,589.97612000,1.22
1621670523897000,1,208.22373000,1.22
1621670582630000,1,488.54542000,1.22
1621670661498000,1,2025.82300000,1.22
1621670678380000,1,974.17700000,1.22
1621670722204000,1,300.05178000,1.22
1621670785562000,1,997.42441000,1.22
1621670785690000,1,351.18707000,1.22
1621670785700000,1,298.57398000,1.22
1621670785700000,1,934.23153000,1.22
1621670785818000,1,298.57398000,1.22
1621670785818000,1,613.31981000,1.22
1621670786094000,1,298.57395000,1.22
1621670786121000,1,698.85046000,1.22
1621670786229000,1,235.38110000,1.22
1621670786237000,0,762.04336000,1.22
1621670786277000,1,1420.54383000,1.22
1621670786277000,1,224.98617000,1.22
1621670786279000,1,394.63756000,1.22
1621670786330000,1,1645.53000000,1.22
1621670786330000,1,409.11277000,1.22
1621670786357000,1,1645.53000000,1.22
1621670786408000,0,224.98600000,1.22
1621670786545000,1,23.49799000,1.22
1621670802749000,1,298.55431000,1.22
1621670802757000,1,393.84925000,1.22
1621670820294000,1,198.57506000,1.22
1621670886882000,1,342.08502000,1.22
1621670886882000,1,129.55526000,1.22
1621670895745000,1,205.61459000,1.22
1621670898589000,1,726.74173000,1.22
1621670908109000,0,108.00930000,1.22
1621670912917000,1,209.12882000,1.22
1621670915495000,1,91.40901000,1.22
1621670915495000,1,17.31156000,1.22
1621670915674000,1,91.40902000,1.22
1621670915674000,1,852.56514000,1.22
1621670916642000,0,108.72057000,1.22
1621671017001000,1,113.94085000,1.22
1621671017004000,1,205.68280000,1.22
1621671017016000,1,205.68280000,1.22
1621671017047000,1,205.68280000,1.22
1621671017117000,1,205.68280000,1.22
1621671017223000,1,205.68280000,1.22
1621671062800000,1,368.63319000,1.22
1621671065355000,0,194.03765000,1.22
1621671172875000,0,161.55298000,1.22
1621671173011000,0,161.47282000,1.22
1621671181429000,1,323.17078000,1.22
1621671181429000,1,40.69394000,1.22
1621671181551000,1,31.56880000,1.22
1621671181567000,1,111.57237000,1.22
1621671181654000,0,215.84162000,1.22
1621671181654000,0,104.26924000,1.22
1621671181838000,1,343.11760000,1.22
1621671368292000,0,298.52949000,1.22
1621671368339000,1,224.98600000,1.22
1621671368506000,0,153.31755000,1.22
1621671401445000,1,267.53667000,1.22
1621671593695000,1,292.20000000,1.22
1621671790697000,1,18.92412000,1.22
1621671790697000,1,18.92443000,1.22
1621671790697000,1,18.92475000,1.22
1621671790697000,1,18.92506000,1.22
1621671790697000,1,3.32601000,1.22
1621671845990000,1,156.85593000,1.22
1621671845990000,1,18.92537000,1.22
1621671845990000,1,186.89627000,1.22
1621671938259000,1,774.37140000,1.22
1621671939576000,1,0.38738000,1.22
1621671939576000,1,18.92568000,1.22
1621671939576000,1,145.89693000,1.22
1621671962538000,1,363.43147000,1.22
1621671962607000,1,293.16162000,1.22
1621671963240000,1,159.15899000,1.22
1621671963245000,1,0.00604000,1.22
1621671963245000,1,363.14408000,1.22
1621671964566000,1,363.15012000,1.22
1621671964579000,1,134.03013000,1.22
1621671964739000,1,101.33072000,1.22
1621671965097000,1,18.92911000,1.22
1621671965097000,1,18.92942000,1.22
1621671965097000,1,18.92973000,1.22
1621671965097000,1,18.93004000,1.22
1621671965097000,1,287.43182000,1.22
1621671966057000,1,363.15012000,1.22
1621671978593000,1,91.69294000,1.22
1621671979600000,1,219.38017000,1.22
1621672018095000,0,363.16012000,1.22
1621672018126000,0,761.63841000,1.22
1621672027560000,1,18.93066000,1.21
1621672027560000,1,18.93098000,1.21
1621672027560000,1,124.51943000,1.21
1621672027722000,1,199.72064000,1.21
1621672028023000,1,214.39275000,1.21
1621672028197000,1,147.37816000,1.21
1621672028432000,1,439.12170000,1.21
1621672028450000,1,18.93160000,1.21
1621672028450000,1,274.48839000,1.21
1621672034643000,1,361.77091000,1.21
1621672035255000,1,22.91828000,1.21
1621672035539000,1,302.47747000,1.21
1621672035539000,1,18.93191000,1.21
1621672035539000,1,17.44324000,1.21
1621672117900000,1,1.48929000,1.21
1621672117900000,1,18.93285000,1.21
1621672117900000,1,343.52844000,1.21
1621672164850000,1,292.15555000,1.22
1621672209645000,1,618.12661000,1.21
1621672274945000,1,18.93378000,1.21
1621672274945000,1,18.93472000,1.21
1621672274945000,1,62.13150000,1.21
1621672276030000,1,603.99959000,1.21
1621672277257000,1,295.52396000,1.21
1621672277257000,1,308.47563000,1.21
1621672334971000,0,216.10125000,1.22
1621672399778000,1,216.43930000,1.21
1621672399782000,1,0.00001000,1.21
1621672399782000,1,653.17940000,1.21
1621672399845000,1,0.00002000,1.21
1621672399845000,1,18.93659000,1.21
1621672399845000,1,18.93752000,1.21
1621672399845000,1,923.78091000,1.21
1621672399870000,1,37.87414000,1.21
1621672399870000,1,18.93846000,1.21
1621672399870000,1,18.93939000,1.21
1621672399870000,1,766.27033000,1.21
1621672402697000,0,414.65179000,1.22
1621672460415000,0,18.93939000,1.22
1621672460415000,0,17.88634000,1.22
1621672501949000,0,18.93846000,1.22
1621672501949000,0,18.93752000,1.22
1621672501949000,0,326.26639000,1.22
1621672620677000,0,197.99582000,1.22
1621672702711000,0,300.62283000,1.22
1621672702956000,0,0.00002000,1.22
1621672702956000,0,18.93659000,1.22
1621672702956000,0,2981.06337000,1.22
1621672703116000,0,18.93663000,1.22
1621672703116000,0,18.93470000,1.22
1621672703247000,0,0.00002000,1.22
1621672703247000,0,1109.07998000,1.22
1621672703282000,0,124.91622000,1.22
1621672703282000,0,18.93378000,1.22
1621672703282000,0,18.93285000,1.22
1621672703282000,0,311.00000000,1.22
1621672703282000,0,760.21336000,1.22
1621672703464000,0,134.78663000,1.22
1621672703605000,0,37.86288000,1.22
1621672703771000,0,0.00001000,1.22
1621672703771000,0,18.93191000,1.22
1621672703771000,0,18.93098000,1.22
1621672703771000,0,625.94330000,1.22
1621672703935000,0,18.93004000,1.22
1621672703935000,0,18.92911000,1.22
1621672703935000,0,570.18895000,1.22
1621672703987000,0,1486.47138000,1.22
1621672703987000,0,18.92537000,1.22
1621672703987000,0,18.92443000,1.22
1621672703987000,0,943.86717000,1.22
1621672704037000,1,2056.66033000,1.22
1621672704037000,1,87.90156000,1.22
1621672704142000,0,174.99938000,1.22
1621672704330000,0,1059.08216000,1.22
1621672704368000,0,0.00001000,1.22
1621672704368000,0,1524.32118000,1.22
1621672704378000,0,4114.05209000,1.22
1621672704486000,0,307.42524000,1.22
1621672705541000,0,1234.08155000,1.22
1621672705541000,0,103.55845000,1.22
1621672706283000,1,466.72745000,1.22
1621672707283000,0,783.63201000,1.22
1621672707474000,0,450.44954000,1.22
1621672707474000,0,82.24998000,1.22
1621672900851000,0,0.00002000,1.22
1621672900851000,0,159.79998000,1.22
1621672908220000,0,112.29038000,1.22
1621672908253000,0,112.29036000,1.22
1621673120005000,0,2052.15000000,1.22
1621673120259000,0,97.13450000,1.22
1621673122040000,0,1233.93207000,1.22
1621673122909000,0,363.28141000,1.22
1621673123199000,0,1233.93207000,1.22
1621673124240000,0,771.13748000,1.22
1621673124473000,0,1233.92000000,1.22
1621673131652000,0,311.00000000,1.22
1621673131652000,0,0.01207000,1.22
1621673131652000,0,922.93207000,1.22
1621673131819000,0,311.00000000,1.22
1621673131819000,0,584.00000000,1.22
1621673131829000,0,311.00000000,1.22
1621673131829000,0,54.24308000,1.22
1621673131830000,0,44.86755000,1.22
1621673131830000,0,2423.28932000,1.22
1621673131837000,1,311.00000000,1.22
1621673132010000,0,410.11063000,1.22
1621673133430000,0,365.16220000,1.22
1621673133574000,0,365.44055000,1.22
1621673133686000,0,92.90779000,1.22
1621673133686000,0,1140.62173000,1.22
1621673133812000,0,92.90779000,1.22
1621673133812000,0,44.86755000,1.22
1621673133812000,0,2330.08879000,1.22
1621673138464000,0,1233.62117000,1.22
1621673138465000,0,1233.52952000,1.22
1621673138720000,0,1233.61000000,1.22
1621673139663000,0,0.01117000,1.22
1621673139663000,0,2468.14570000,1.22
1621673139712000,0,0.01117000,1.22
1621673139712000,0,137.76417000,1.22
1621673139731000,0,0.01117000,1.22
1621673139731000,0,2101.62252000,1.22
1621673139789000,0,0.01117000,1.22
1621673139789000,0,4112.79147000,1.22
1621673139791000,0,0.01117000,1.22
1621673139791000,0,7511.20614000,1.22
1621673139918000,0,406.55645000,1.22
1621673141241000,0,1233.52952000,1.22
1621673141241000,0,1233.62117000,1.22
1621673141241000,0,0.01931000,1.22
1621673141427000,0,2468.13756000,1.22
1621673141549000,0,2467.85000000,1.22
1621673141657000,1,1233.61000000,1.22
1621673141962000,0,0.01413000,1.22
1621673141962000,0,1317.22230000,1.22
1621673142095000,0,328.30770000,1.22
1621673142095000,0,1511.93754000,1.22
1621673142234000,0,2600.86510000,1.22
1621673142239000,1,190.04779000,1.22
1621673142239000,1,1561.94358000,1.22
1621673679146000,1,2181.81369000,1.22
1621673679146000,1,3000.00000000,1.22
1621674043342000,1,228.41999000,1.21
1621674569696000,1,484.38999000,1.21
1621674575424000,1,257.57999000,1.21
1621674575588000,1,226.80999000,1.21
1621674578143000,1,479.54999000,1.21
1621674578387000,1,474.70999000,1.21
1621674581031000,1,484.40000000,1.21
1621674582861000,1,37.50000000,1.21
1621674582861000,1,1110.73991000,1.21
1621674583132000,1,187.51009000,1.21
1621674583132000,1,324.75751000,1.21
1621674865919000,1,399.83224000,1.22
1621674921627000,1,361.27203000,1.22
1621674923790000,0,943.33342000,1.22
1621674948540000,1,1233.64212000,1.22
1621674948540000,1,944.04251000,1.22
1621674948540000,1,5229.31335000,1.22
1621674963490000,1,2630.30618000,1.22
1621674963572000,1,6824.22750000,1.22
1621674963626000,1,545.46632000,1.22
1621674963626000,1,688.17580000,1.22
1621674963671000,1,545.46632000,1.22
1621674963671000,1,1233.64036000,1.22
1621674963671000,1,965.11249000,1.21
1621674963671000,1,210.37000000,1.21
1621674963671000,1,1316.94000000,1.21
1621674963671000,1,385.54033000,1.21
1621674963841000,0,1316.94000000,1.21
1621674963841000,0,1175.48249000,1.21
1621674963841000,0,1233.64036000,1.22
1621674963855000,1,600.00000000,1.22
1621674964238000,0,500.30000000,1.21
1621674964357000,0,99.69013000,1.21
1621674964528000,1,37.50000000,1.21
1621674964871000,0,562.49013000,1.21
1621674965033000,1,37.50000000,1.21
1621674965105000,1,1165.45650000,1.21
1621674965139000,0,599.98550000,1.21
1621674965643000,1,100.70064000,1.22
1621674965741000,1,1133.01869000,1.22
1621674965741000,1,100.08375000,1.21
1621674975014000,1,361.46012000,1.22
1621674977502000,1,361.45819000,1.22
1621674977668000,1,212.07482000,1.22
1621674977668000,1,166.68246000,1.22
1621674977668000,1,740.21547000,1.21
1621674977668000,1,226.73667000,1.21
1621674977797000,0,378.75945000,1.21
1621674977931000,1,303.07222000,1.21
1621674978121000,1,603.82096000,1.21
1621674978142000,1,0.00573000,1.21
1621674978142000,1,599.98934000,1.21
1621674978216000,1,0.01066000,1.21
1621674978216000,1,195.36978000,1.21
1621674978229000,1,0.01494000,1.21
1621674978229000,1,18.94033000,1.21
1621674978229000,1,669.53193000,1.21
1621674978268000,1,600.00000000,1.21
1621674978268000,1,3.52476000,1.21
1621674980459000,1,150.95052000,1.21
1621674981090000,0,978.68067000,1.22
1621674981090000,0,978.67960000,1.22
1621674981090000,0,18.94033000,1.22
1621674981658000,0,880.81260000,1.22
1621674981669000,1,181.67014000,1.22
1621674983960000,1,361.44311000,1.22
1621674985233000,1,368.19169000,1.22
1621674987424000,1,246.72261000,1.22
1621674988512000,1,154.69138000,1.22
1621675149415000,1,269.06000000,1.22
1621675466386000,0,2181.80724000,1.22
1621675466889000,0,3000.00000000,1.22
1621675473898000,0,533.42000000,1.22
1621675502109000,1,500.30000000,1.22
1621675503799000,1,461.89075000,1.22
1621675516534000,0,689.62925000,1.22
1621675516534000,0,272.56142000,1.22
1621675550288000,1,962.19075000,1.22
1621675558112000,1,962.19075000,1.22
1621675567376000,1,962.19075000,1.22
1621675588510000,1,34.64415000,1.22
1621675593714000,1,483.43999000,1.22
1621675626056000,1,444.10661000,1.22
1621675626056000,1,518.07620000,1.22
1621675626120000,1,289.79961000,1.22
1621675626217000,0,444.10413000,1.22
1621675668166000,1,205.21954000,1.22
1621675668166000,1,962.19075000,1.22
1621675687947000,1,962.18481000,1.22
1621675688064000,1,0.00594000,1.22
1621675688064000,1,1481.54522000,1.22
1621675760480000,1,368.05770000,1.22
1621675768219000,1,205.27240000,1.22
1621675811549000,1,332.93747000,1.22
1621675914871000,1,388.94000000,1.22
1621676003156000,1,962.21262000,1.22
1621676147352000,1,962.21836000,1.22
1621676169855000,1,714.52634000,1.22
1621676248783000,1,205.72109000,1.22
1621676330666000,0,20.75018000,1.22
1621676368924000,1,205.41171000,1.22
1621676488913000,1,204.96852000,1.22
1621676609114000,1,205.41171000,1.22
1621676642543000,1,205.52224000,1.22
1621676770494000,1,1524.48999000,1.22
1621676819805000,1,962.23924000,1.22
1621676969258000,1,205.36790000,1.22
1621676984140000,1,756.87134000,1.22
1621677058337000,1,962.23924000,1.22
1621677060512000,1,49.30389000,1.22
1621677089432000,1,205.06762000,1.22
1621677112410000,1,707.86773000,1.22
1621677112986000,1,962.23924000,1.22
1621677388220000,1,853.34155000,1.22
1621677389931000,1,771.65419000,1.22
1621677609296000,0,471.68000000,1.22
1621677609863000,0,506.07000000,1.22
1621677610224000,0,506.08000000,1.22
1621677610476000,0,506.08000000,1.22
1621677610845000,0,496.37000000,1.22
1621677610865000,0,513.72000000,1.22
1621677617499000,0,331.71000000,1.22
1621677651110000,0,2177.30000000,1.22
1621677651150000,0,0.01000000,1.22
1621677651150000,0,661.06000000,1.22
1621677712941000,0,496.38000000,1.22
1621677760423000,1,864.58885000,1.22
1621677762173000,1,97.72145000,1.22
1621677762173000,1,2.27855000,1.22
1621677763656000,1,646.68221000,1.22
1621677764689000,1,313.34954000,1.22
1621677764689000,1,238.20860000,1.22
1621677765868000,1,516.82446000,1.22
1621677767015000,1,433.36065000,1.22
1621677768107000,1,365.61203000,1.22
1621677769156000,1,309.54269000,1.22
1621677809671000,1,204.56659000,1.22
1621678084069000,1,931.88498000,1.22
1621678084069000,1,30.42531000,1.22
1621678084069000,1,931.88499000,1.22
1621678084069000,1,182.45219000,1.22
1621678084072000,1,779.85811000,1.22
1621678084093000,1,962.31029000,1.22
1621678084096000,1,0.00001000,1.22
1621678084096000,1,3683.76174000,1.22
1621678084187000,0,182.45200000,1.22
1621678084198000,1,3345.24629000,1.22
1621678084201000,1,1233.05495000,1.22
1621678084208000,1,354.84179000,1.22
1621678084244000,1,273.23440000,1.22
1621678084255000,1,962.31029000,1.22
1621678084262000,0,0.00018000,1.22
1621678084331000,1,147.55054000,1.22
1621678084331000,1,1085.69246000,1.22
1621678208434000,0,284.50244000,1.22
1621678523161000,0,1232.63061000,1.22
1621678523173000,0,962.38544000,1.22
1621678523174000,0,520.48395000,1.22
1621678523191000,0,1232.56516000,1.22
1621678523246000,1,2195.01605000,1.22
1621678523294000,0,962.38544000,1.22
1621678523295000,0,270.31880000,1.22
1621678523295000,0,692.06664000,1.22
1621678523296000,0,270.31880000,1.22
1621678523296000,0,692.06664000,1.22
1621678523301000,0,37.50000000,1.22
1621678523301000,0,540.49852000,1.22
1621678523301000,0,384.38692000,1.22
1621678523311000,0,577.99852000,1.22
1621678523311000,0,962.38544000,1.22
1621678523311000,0,377.56845000,1.22
1621678779902000,0,303.46899000,1.22
1621680308972000,1,240.69250000,1.22
1621680426716000,0,962.36716000,1.22
1621680426716000,0,240.69000000,1.22
1621680426716000,0,962.36716000,1.22
1621680426716000,0,962.36716000,1.22
1621680428182000,0,962.36716000,1.22
1621680428752000,0,962.35537000,1.22
1621680436706000,0,962.36716000,1.22
1621680436706000,0,875.71858000,1.22
1621680436706000,0,592.59000000,1.22
1621680436706000,0,962.36716000,1.22
1621680436706000,0,962.36716000,1.22
1621680437799000,0,1223.04000000,1.22
1621680437799000,0,962.36716000,1.22
1621680437799000,0,962.36716000,1.22
1621680437799000,0,962.36716000,1.22
1621680438174000,0,787.06925000,1.22
1621680438313000,0,175.29000000,1.22
1621680438338000,0,0.00791000,1.22
1621680438338000,0,586.01209000,1.22
1621680438343000,0,376.35507000,1.22
1621680438354000,0,962.36000000,1.22
1621680438413000,0,0.00716000,1.22
1621680438413000,0,962.35284000,1.22
1621680438470000,0,0.01432000,1.22
1621680438478000,0,927.70000000,1.22
1621680438478000,0,34.66716000,1.22
1621680438478000,0,927.69284000,1.22
1621680438543000,0,34.67432000,1.22
1621680438543000,0,927.68568000,1.22
1621680438907000,0,34.68148000,1.22
1621680439439000,0,962.36716000,1.22
1621680497230000,0,962.36716000,1.22
1621680497379000,0,962.36716000,1.22
1621680498943000,0,962.36716000,1.22
1621680499165000,0,962.36716000,1.22
1621680499670000,1,582.41341000,1.22
1621680500782000,1,562.66983000,1.22
1621680501890000,1,86.61519000,1.22
1621680501890000,1,13.38481000,1.22
1621680505490000,1,418.40145000,1.22
1621680512703000,1,992.39809000,1.22
1621680512830000,1,649.14010000,1.22
1621680512917000,1,1358.46181000,1.22
1621680666761000,1,2491.77247000,1.22
1621680672110000,0,206.88454000,1.22
1621680673723000,0,978.77638000,1.22
1621680673880000,0,1571.59953000,1.22
1621680720708000,1,82.25286000,1.22
1621680813355000,0,1390.17389000,1.22
1621680814044000,0,22.34142000,1.22
1621680885668000,0,22.37490000,1.22
1621680891642000,1,362.96087000,1.22
1621680937139000,1,21.27603000,1.22
1621680947327000,1,299.84004000,1.22
1621680975267000,1,146.29636000,1.22
1621680989543000,1,516.23243000,1.22
1621681011636000,1,376.07000000,1.22
1621681065930000,1,380.14400000,1.22
1621681283033000,1,312.27999000,1.22
1621681283388000,1,274.01785000,1.22
1621681283400000,1,962.36784000,1.22
1621681283489000,1,962.36784000,1.22
1621681283510000,1,962.36784000,1.22
1621681283521000,1,575.52999000,1.22
1621681283522000,1,499.73433000,1.22
1621681283522000,1,462.63351000,1.22
1621681284566000,1,499.73433000,1.22
1621681284620000,1,962.36784000,1.22
1621681290753000,1,497.58999000,1.22
1621681291200000,1,464.77785000,1.22
1621681291200000,1,27.74214000,1.22
1621681291444000,1,497.58999000,1.22
1621681292567000,1,437.03571000,1.22
1621681292589000,1,962.36784000,1.22
1621681292756000,1,656.11999000,1.22
1621681302126000,1,306.24785000,1.22
1621681302192000,1,962.36784000,1.22
1621681412437000,1,205.59135000,1.22
1621681532430000,0,205.23471000,1.22
1621681591438000,1,835.13316000,1.22
1621681625031000,1,269.64999000,1.22
1621681796445000,0,16.41349000,1.22
1621681836656000,1,692.73169000,1.22
1621681842139000,1,883.72219000,1.22
1621681954562000,1,962.38168000,1.22
1621681954562000,1,962.38168000,1.22
1621681955092000,1,205.43129000,1.22
1621682077130000,1,474.88318000,1.22
1621682077854000,1,345.77665000,1.22
1621682077856000,1,141.72185000,1.22
1621682078040000,1,476.68198000,1.22
1621682160383000,1,379.11485000,1.22
1621682209628000,1,412.49999000,1.22
1621682218631000,0,16.42388000,1.22
1621682500137000,1,89.82000000,1.22
1621682575709000,1,221.86170000,1.22
1621682600242000,1,8215.62192000,1.22
1621682600825000,1,1784.37808000,1.22
1621682655535000,0,189.00740000,1.22
1621682655535000,0,179.86358000,1.22
1621682868483000,1,499.19999000,1.22
1621682926067000,1,1041.25057000,1.22
1621682927651000,1,1041.25057000,1.22
1621682957044000,0,233.55210000,1.22
1621683020433000,0,285.46007000,1.22
1621683037038000,1,962.42541000,1.22
1621683038055000,1,962.42541000,1.22
1621683095230000,1,247.82036000,1.22
1621683110525000,1,962.42541000,1.22
1621683110525000,1,860.11954000,1.22
1621683110525000,1,962.42541000,1.22
1621683110525000,1,179.97050000,1.22
1621683110625000,0,860.11957000,1.22
1621683111050000,1,860.11957000,1.22
1621683111050000,1,860.11957000,1.22
1621683111050000,1,860.11957000,1.22
1621683111636000,1,860.11957000,1.22
1621683115382000,1,372.08912000,1.22
1621683118086000,1,311.00000000,1.22
1621683119478000,1,695.17334000,1.22
1621683120956000,1,267.25207000,1.22
1621683120956000,1,438.23379000,1.22
1621683122467000,1,715.67626000,1.22
1621683123990000,1,246.80074000,1.22
1621683123990000,1,349.23865000,1.22
1621683125163000,1,174.95297000,1.22
1621683125163000,1,314.60271000,1.22
1621683126316000,1,319.25841000,1.22
1621683127595000,1,271.76972000,1.22
1621683246101000,1,375.51516000,1.22
1621683251295000,1,869.87957000,1.22
1621683251295000,1,92.54584000,1.22
1621683251348000,1,869.87957000,1.22
1621683251348000,1,92.54584000,1.22
1621683251573000,1,869.87957000,1.22
1621683251573000,1,92.54584000,1.22
1621683251591000,1,869.44437000,1.22
1621683251669000,1,0.43520000,1.22
1621683251669000,1,961.99021000,1.22
1621683251697000,1,0.43520000,1.22
1621683251697000,1,962.42541000,1.22
1621683251718000,1,962.42541000,1.22
1621683251911000,1,962.42541000,1.22
1621683252021000,1,869.87957000,1.22
1621683252363000,1,92.54584000,1.22
1621683252363000,1,182.58653000,1.22
1621683252615000,1,779.83888000,1.22
1621683252615000,1,962.42541000,1.22
1621683252615000,1,962.42541000,1.22
1621683253159000,1,2704.68968000,1.21
1621683253159000,1,962.42541000,1.21
1621683253463000,0,243.30999000,1.22
1621683253463000,0,763.19001000,1.22
1621683253655000,1,8120.22749000,1.21
1621683253655000,1,104.46930000,1.21
1621683254202000,1,1211.17000000,1.22
1621683255065000,1,1167.38000000,1.22
1621683255846000,1,739.01000000,1.22
1621683332924000,1,205.72745000,1.22
1621683380068000,0,104.49040000,1.22
1621683381155000,0,104.49040000,1.22
1621683382250000,0,104.49040000,1.22
1621683385365000,0,124.71210000,1.22
1621683386472000,0,124.71210000,1.22
1621683387585000,0,124.71210000,1.22
1621683388696000,0,134.65797000,1.22
1621683390037000,0,134.65797000,1.22
1621683391154000,0,5.50197000,1.22
1621683391154000,0,129.15600000,1.22
1621683399290000,0,144.74814000,1.22
1621683400426000,0,144.74814000,1.22
1621683401555000,0,144.74814000,1.22
1621683402642000,0,154.77061000,1.22
1621683403762000,0,154.77061000,1.22
1621683404877000,0,89.48377000,1.22
1621683404877000,0,65.28684000,1.22
1621683453073000,1,205.44893000,1.22
1621683477408000,0,100.98660000,1.22
1621683478532000,0,100.98660000,1.22
1621683479755000,0,100.98721000,1.22
1621683482492000,0,115.43548000,1.22
1621683483612000,0,115.43548000,1.22
1621683484733000,0,105.46226000,1.22
1621683485869000,0,105.46226000,1.22
1621683486982000,0,105.46226000,1.22
1621683488114000,0,113.63099000,1.22
1621683489213000,0,113.63099000,1.22
1621683490373000,0,113.63059000,1.22
1621683492484000,0,113.63059000,1.22
1621683813484000,1,205.67328000,1.21
1621683933404000,1,164.99661000,1.22
1621683969567000,0,307.61623000,1.22
1621684053511000,1,197.92971000,1.22
1621684054171000,0,197.71305000,1.22
1621684138072000,0,980.53984000,1.22
1621684173640000,1,205.49408000,1.22
1621684293693000,1,205.59041000,1.22
1621684413930000,1,205.59041000,1.22
1621684654036000,1,205.65129000,1.22
1621684774131000,1,205.59210000,1.22
1621684820056000,1,286.46308000,1.22
1621684820138000,1,946.33948000,1.22
1621684820287000,0,53.69605000,1.22
1621684878116000,1,341.77985000,1.22
1621684879689000,1,341.77985000,1.22
1621684882616000,1,438.40948000,1.22
1621684882772000,1,428.42603000,1.22
1621684884881000,1,317.29449000,1.22
1621684885951000,1,48.41647000,1.22
1621684885951000,1,109.92303000,1.22
1621684887425000,1,246.34476000,1.22
1621684888480000,1,218.08818000,1.22
1621684889667000,1,218.08818000,1.22
1621684891416000,1,207.39110000,1.22
1621684892440000,1,207.39110000,1.22
1621684893951000,1,169.84882000,1.22
1621684894218000,1,151.83865000,1.22
1621684894218000,1,53.78051000,1.22
1621685045778000,0,100.78250000,1.22
1621685045935000,1,43.70232000,1.22
1621685130685000,1,441.62857000,1.22
1621685355708000,0,88.04840000,1.22
1621685355708000,0,196.66722000,1.22
1621685355839000,0,93.01655000,1.22
1621685483974000,0,16.43379000,1.22
1621685787022000,0,400.61000000,1.22
1621685787187000,0,199.39000000,1.22
1621685787221000,1,400.60321000,1.22
1621685787291000,1,417.48679000,1.22
1621685974830000,1,133.61217000,1.22
1621686085822000,1,322.16916000,1.22
1621686086236000,1,268.35094000,1.22
1621686086406000,1,0.00001000,1.22
1621686086406000,1,1048.77098000,1.22
1621686086512000,1,184.40740000,1.22
1621686086512000,1,107.95032000,1.22
1621686086845000,0,322.21817000,1.22
1621686093605000,1,211.93798000,1.22
1621686131170000,1,1233.01656000,1.22
1621686131580000,1,1233.01656000,1.22
1621686202241000,0,4571.62171000,1.22
1621686227868000,1,1233.01656000,1.22
1621686227868000,1,821.84444000,1.22
1621686382542000,1,1233.01656000,1.22
1621686382542000,1,817.89342000,1.22
1621686382561000,1,415.06818000,1.22
1621686382561000,1,2050.76501000,1.22
1621686439383000,1,785.75998000,1.22
1621686439495000,1,447.20428000,1.22
1621686439769000,1,122.58999000,1.22
1621686575296000,1,205.54139000,1.22
1621686677607000,0,20.49985000,1.22
1621686687255000,0,238.79238000,1.22
1621686687255000,0,1232.96160000,1.22
1621686687827000,0,3000.00000000,1.22
1621686695416000,1,205.54139000,1.22
1621687175601000,1,205.47382000,1.22
1621687295872000,1,205.51436000,1.22
1621687317692000,0,205.47382000,1.22
1621687317692000,0,97.12203000,1.22
1621687344216000,0,599.99999000,1.22
1621687366776000,1,198.60880000,1.22
1621687414714000,0,380.42956000,1.22
1621687492655000,1,380.38983000,1.22
1621687492720000,1,467.86023000,1.22
1621687603333000,1,380.40508000,1.22
1621687603367000,1,984.45869000,1.22
1621687603374000,1,216.12311000,1.22
1621687603515000,1,245.68580000,1.22
1621688081826000,0,600.00000000,1.22
1621688081826000,0,3000.00000000,1.22
1621688081826000,0,962.76368000,1.22
1621688081826000,0,962.76368000,1.22
1621688081826000,0,962.76368000,1.22
1621688081826000,0,246.99192000,1.22
1621688575262000,1,6715.48028000,1.22
1621688575262000,1,19.79972000,1.22
1621689054373000,0,38.94841000,1.22
1621689199395000,0,288.32932000,1.22
1621689241981000,0,272.72227000,1.22
1621689241981000,0,58.09000000,1.22
1621689241981000,0,0.40881000,1.22
1621689251796000,0,282.72197000,1.22
1621689431366000,0,602.06192000,1.22
1621689431367000,0,77.54186000,1.22
1621689431998000,0,306.23990000,1.22
1621689432297000,0,296.95156000,1.22
1621689679234000,0,622.71366000,1.22
1621689769185000,0,205.60347000,1.22
1621689833590000,0,757.11000000,1.22
1621689833605000,0,0.00811000,1.22
1621689833605000,0,962.71189000,1.22
1621689833715000,0,0.00969000,1.22
1621689833715000,0,962.71031000,1.22
1621689833728000,0,0.01127000,1.22
1621689833728000,0,313.82873000,1.22
1621689833778000,0,648.89285000,1.22
1621689833839000,0,480.07000000,1.22
1621689833873000,0,480.08000000,1.22
1621689834082000,0,2.57158000,1.22
1621689834082000,0,477.40842000,1.22
1621689834140000,0,485.31316000,1.22
1621689834140000,0,305.63684000,1.22
1621689834353000,0,479.98000000,1.22
1621689834496000,0,177.10000000,1.22
1621689834512000,0,0.00474000,1.22
1621689834512000,0,302.87526000,1.22
1621689834912000,0,480.01000000,1.22
1621689835127000,0,179.83000000,1.22
1621689835161000,0,0.00632000,1.22
1621689835161000,0,300.14368000,1.22
1621689835541000,0,479.99000000,1.22
1621689835583000,0,182.58000000,1.22
1621689835605000,0,0.00790000,1.22
1621689835605000,0,322.50210000,1.22
1621689836718000,0,479.98000000,1.22
1621689838587000,0,482.68000000,1.22
1621689838604000,0,0.00660000,1.22
1621689838604000,0,640.20340000,1.22
1621689886695000,0,175.05528000,1.22
1621689904420000,0,287.69000000,1.22
1621689904535000,0,26.51751000,1.22
1621689948647000,0,380.25499000,1.22
1621689988103000,1,78.24582000,1.22
1621690015824000,0,452.46000000,1.22
1621690015841000,0,510.19252000,1.22
1621690015874000,0,962.65000000,1.22
1621690015950000,0,0.00252000,1.22
1621690015950000,0,962.65252000,1.22
1621690015950000,0,270.48496000,1.22
1621690015977000,0,692.16756000,1.22
1621690015977000,0,270.48244000,1.22
1621690016010000,0,692.17008000,1.22
1621690016010000,0,270.47992000,1.22
1621690016133000,0,692.17260000,1.22
1621690016133000,0,270.47740000,1.22
1621690017019000,1,510.20000000,1.22
1621690038664000,1,962.65000000,1.22
1621690038664000,1,962.65000000,1.22
1621690081511000,1,962.65000000,1.22
1621690081603000,1,182.45200000,1.22
1621690082138000,1,270.00548000,1.22
1621690660483000,1,1780.34775000,1.22
1621690733961000,0,305.27903000,1.22
1621690758333000,0,286.25619000,1.22
1621690758520000,0,93.51985000,1.22
1621690849951000,1,325.53998000,1.22
1621690938734000,0,581.62226000,1.22
1621690939006000,0,893.44774000,1.22
1621690939119000,0,1233.05452000,1.22
1621690939119000,0,509.61000000,1.22
1621690939119000,0,758.75924000,1.22
1621690939147000,0,270.41076000,1.22
1621690939147000,0,692.23080000,1.22
1621690939250000,0,270.41296000,1.22
1621690939250000,0,692.22860000,1.22
1621690939284000,1,176.65283000,1.22
1621690939460000,0,1233.05452000,1.22
1621690939514000,0,270.41296000,1.22
1621690939548000,0,1232.98530000,1.22
1621690939729000,0,720.74962000,1.22
1621690939785000,0,241.89194000,1.22
1621690939785000,0,720.74962000,1.22
1621690939802000,0,157.58607000,1.22
1621690939862000,1,1232.98530000,1.22
1621690940251000,1,241.89194000,1.22
1621690942956000,0,791.55806000,1.22
1621690942956000,0,250.07194000,1.22
1621690942971000,0,962.64156000,1.22
1621690942976000,0,20.34102000,1.22
1621690942976000,0,1041.63000000,1.22
1621690942976000,0,171.08350000,1.22
1621690943088000,1,1233.05452000,1.22
1621690943102000,0,791.55806000,1.22
1621690943102000,0,171.08350000,1.22
1621690943240000,1,791.55806000,1.22
1621690945563000,0,479.83849000,1.22
1621690948037000,0,753.21603000,1.22
1621690948060000,0,1061.97102000,1.22
1621690948066000,0,962.64156000,1.22
1621690948210000,0,962.64156000,1.22
1621690948226000,0,270.41296000,1.22
1621690948347000,0,307.91296000,1.22
1621690948361000,0,654.72860000,1.22
1621690948361000,0,37.50000000,1.22
1621690948361000,0,270.41296000,1.22
1621690948439000,1,692.22860000,1.22
1621690948471000,0,692.22860000,1.22
1621690948512000,1,270.41296000,1.22
1621690948849000,0,692.23040000,1.22
1621690949018000,1,1233.05452000,1.22
1621690949118000,0,0.00001000,1.22
1621690949118000,0,37.50000000,1.22
1621690949368000,1,910.80109000,1.22
1621690949531000,1,270.41297000,1.22
1621690949822000,0,1233.05451000,1.22
1621690949874000,0,0.00001000,1.22
1621690949874000,0,322.25343000,1.22
1621690950050000,1,910.80107000,1.22
1621690957012000,0,1233.05452000,1.22
1621690962938000,0,1233.05452000,1.22
1621690963054000,0,1233.05452000,1.22
1621690963054000,0,821.92097000,1.22
1621690963062000,1,1233.05452000,1.22
1621690963064000,0,962.64156000,1.22
1621690963084000,0,910.80107000,1.22
1621690963100000,0,322.25345000,1.22
1621690963100000,0,270.41296000,1.22
1621690963100000,0,369.97515000,1.22
1621690968450000,0,1233.05452000,1.22
1621690972453000,0,446.94860000,1.22
1621690978397000,0,496.59791000,1.22
1621690978397000,0,289.50801000,1.22
1621690978638000,0,496.59791000,1.22
1621690978638000,0,736.45661000,1.22
1621690978639000,1,163.44316000,1.22
1621690978830000,0,496.59791000,1.22
1621690979162000,1,496.59790000,1.22
1621690979162000,1,403.30185000,1.22
1621690979682000,0,2054.97549000,1.22
1621690979724000,0,2054.49830000,1.22
1621690979731000,0,311.00000000,1.22
1621690979731000,0,584.00000000,1.22
1621690980515000,0,163.06905000,1.22
1621690980722000,0,376.85551000,1.22
1621690980743000,0,1515.05093000,1.22
1621690980851000,1,163.06905000,1.22
1621690981277000,0,147.93098000,1.22
1621690981334000,0,163.06902000,1.22
1621690981334000,0,1891.42928000,1.22
1621690981413000,0,163.06902000,1.22
1621690981413000,0,376.85554000,1.22
1621690981432000,1,1233.05451000,1.22
1621690981504000,0,2089.25349000,1.22
1621690981610000,1,213.78653000,1.22
1621690982008000,1,163.06899000,1.22
1621690982008000,1,2180.06696000,1.22
1621690982008000,1,163.06902000,1.22
1621690983042000,0,1233.05451000,1.22
1621690983251000,1,1233.05452000,1.22
1621690984902000,0,899.89977000,1.22
1621690987220000,0,82.07000000,1.22
1621690987220000,0,333.15475000,1.22
1621690987220000,0,0.00001000,1.22
1621690987220000,0,817.82977000,1.22
1621690993081000,0,899.89977000,1.22
1621690995217000,1,206.31338000,1.22
1621690998228000,0,333.15475000,1.22
1621690998228000,0,82.07000000,1.22
1621690998273000,0,333.15475000,1.22
1621690998273000,0,1721.93611000,1.22
1621691000106000,0,899.89977000,1.22
1621691000224000,0,163.06901000,1.22
1621691000235000,0,170.08574000,1.22
1621691000235000,0,140.91426000,1.22
1621691000235000,0,962.65274000,1.22
1621691000245000,0,129.48752000,1.22
1621691000245000,0,311.00000000,1.22
1621691000245000,0,225.82197000,1.22
1621691000247000,0,107.33278000,1.22
1621691000247000,0,855.31991000,1.22
1621691000672000,1,1233.05451000,1.22
1621691003729000,0,1233.05452000,1.22
1621691195438000,1,962.65643000,1.22
1621691270144000,1,962.64883000,1.22
1621691270179000,1,0.00386000,1.22
1621691294527000,1,821.81522000,1.22
1621691303982000,0,1233.09132000,1.22
1621691304034000,1,1090.88594000,1.22
1621691304044000,0,0.00001000,1.22
1621691304044000,0,818.45508000,1.22
1621691316001000,1,28.73527000,1.22
1621691423321000,0,134.54244000,1.22
1621691436624000,1,205.28485000,1.22
1621691515509000,1,187.25000000,1.22
1621691523039000,1,116.92854000,1.22
1621691528144000,1,962.65848000,1.22
1621691556701000,1,205.28822000,1.22
1621691621453000,1,757.37026000,1.22
1621691651147000,1,473.28984000,1.22
1621691676548000,1,347.70070000,1.22
1621691796809000,1,141.66794000,1.22
1621691916833000,1,205.32194000,1.22
1621692001156000,1,962.66729000,1.22
1621692036992000,1,205.33880000,1.22
1621692039901000,1,283.39253000,1.22
1621692040680000,1,201.51645000,1.22
1621692040822000,1,272.41951000,1.22
1621692060583000,1,962.66729000,1.22
1621692064718000,1,962.66729000,1.22
1621692277268000,1,205.38941000,1.22
1621692397208000,1,205.40629000,1.22
1621692406894000,1,474.43999000,1.22
1621692406910000,1,77.43160000,1.22
1621692406922000,1,962.66729000,1.22
1621692430337000,1,962.66729000,1.22
1621692430337000,1,962.66729000,1.22
1621692430337000,1,962.66729000,1.22
1621692430337000,1,111.99813000,1.22
1621692430451000,1,962.66729000,1.22
1621692430463000,1,1140.00000000,1.22
1621692430524000,1,785.33458000,1.22
1621692430524000,1,177.33271000,1.22
1621692430527000,1,785.33458000,1.22
1621692430527000,1,177.33271000,1.22
1621692430529000,1,962.66729000,1.22
1621692430603000,1,962.66729000,1.22
1621692433396000,1,162.05495000,1.22
1621692433432000,1,317.79843000,1.22
1621692433491000,1,482.81391000,1.22
1621692433536000,1,177.33271000,1.22
1621692433536000,1,163.01114000,1.22
1621692433603000,1,448.22698000,1.22
1621692433622000,1,286.81258000,1.22
1621692439059000,1,164.59519000,1.22
1621692440189000,1,64.61659000,1.22
1621692441699000,1,113.79146000,1.22
1621692442808000,1,103.41638000,1.22
1621692443917000,1,103.41638000,1.22
1621692479883000,1,962.66729000,1.22
1621692480038000,1,962.66729000,1.22
1621692480057000,1,829.85740000,1.22
1621692651410000,0,140.48999000,1.22
1621692651410000,0,682.87768000,1.22
1621692666859000,0,20.54281000,1.22
1621692679293000,0,21.36452000,1.22
1621692804622000,0,237.88228000,1.22
1621692829858000,0,475.10120000,1.22
1621692830017000,1,559.65145000,1.22
1621692842267000,0,388.16665000,1.22
1621692866549000,1,506.94029000,1.22
1621693074392000,1,215.03420000,1.22
1621693174703000,1,378.56812000,1.22
1621693345221000,1,8554.84014000,1.22
1621693345232000,1,2805.65040000,1.22
1621693345280000,1,1026.71000000,1.22
1621693345291000,1,113.29000000,1.22
1621693345340000,1,962.81244000,1.22
1621693345349000,1,63.89756000,1.22
1621693345349000,1,962.81244000,1.22
1621693345349000,1,206.84748000,1.22
1621693345358000,0,962.81244000,1.22
1621693345358000,0,177.18756000,1.22
1621693345415000,1,652.27999000,1.22
1621693537710000,0,205.42876000,1.22
1621693539411000,1,17.11864000,1.22
1621693657581000,0,204.01688000,1.22
1621693816283000,1,1140.00000000,1.22
1621693816348000,0,188.55600000,1.22
1621693816411000,0,580.43343000,1.22
1621693816429000,1,532.07272000,1.22
1621693816473000,1,191.46100000,1.22
1621693816714000,1,1140.00000000,1.22
1621693816725000,1,385.41628000,1.22
1621693816748000,1,754.58372000,1.22
1621693816748000,1,478.97186000,1.22
1621693816775000,1,629.97814000,1.22
1621693816775000,1,195.04598000,1.22
1621693817516000,1,1140.00000000,1.22
1621693817547000,1,37.50000000,1.22
1621693817547000,1,1001.00960000,1.22
1621693817548000,1,138.99040000,1.22
1621693817548000,1,1038.50960000,1.22
1621693817548000,1,356.50420000,1.22
1621693817563000,1,766.95580000,1.22
1621693817563000,1,1550.65102000,1.22
1621693817645000,0,1140.00000000,1.22
1621693817681000,1,309.34898000,1.22
1621693818072000,1,871.56000000,1.22
1621693818385000,1,1140.00000000,1.22
1621693818435000,1,93.55558000,1.22
1621693818435000,1,1046.44442000,1.22
1621693819728000,1,1233.55558000,1.22
1621693819755000,1,585.70893000,1.22
1621693820065000,1,554.29107000,1.22
1621693820065000,1,679.21078000,1.22
1621693820094000,1,283.62096000,1.22
1621693820183000,0,311.74400000,1.22
1621693820208000,1,962.83174000,1.22
1621693820211000,1,270.67011000,1.22
1621693820211000,1,692.16163000,1.22
1621693820229000,1,270.67011000,1.22
1621693820229000,1,155.94591000,1.22
1621693820257000,0,367.46678000,1.22
1621693820321000,1,309.34898000,1.22
1621693820336000,1,962.83174000,1.22
1621693820382000,1,270.67011000,1.22
1621693820594000,1,497.53685000,1.22
1621693820650000,1,37.50000000,1.22
1621693820650000,1,676.80160000,1.22
1621693820783000,1,286.03014000,1.22
1621693820783000,1,1769.74474000,1.22
1621693820806000,1,286.03014000,1.22
1621693820806000,1,676.80160000,1.22
1621693820890000,1,286.03014000,1.22
1621693820890000,1,676.80160000,1.22
1621693820894000,0,280.23774000,1.22
1621693820894000,0,536.21572000,1.22
1621693820894000,0,283.62096000,1.22
1621693821089000,1,286.03014000,1.22
1621693821089000,1,37.50000000,1.22
1621693821089000,1,433.66660000,1.22
1621693821090000,1,270.72384000,1.22
1621693821559000,1,258.44130000,1.22
1621693821559000,1,37.50000000,1.22
1621693821695000,1,37.50000000,1.22
1621693821705000,1,770.04207000,1.22
1621693821856000,0,125.44278000,1.22
1621693822578000,1,628.72779000,1.22
1621693823722000,1,604.77406000,1.22
1621693823722000,1,376.79955000,1.22
1621693826652000,1,692.04473000,1.22
1621693827719000,1,541.45712000,1.22
1621693828874000,1,354.52871000,1.22
1621693830218000,1,494.67266000,1.22
1621693832094000,1,405.26980000,1.22
1621693833212000,1,159.60520000,1.22
1621693834349000,1,159.60520000,1.22
1621693836285000,1,14.34899000,1.22
1621693837445000,1,130.75954000,1.22
1621693839050000,1,107.12719000,1.22
1621693840333000,1,107.12719000,1.22
1621693977005000,0,338.31000000,1.22
1621694020134000,1,973.07359000,1.22
1621694020225000,1,260.55965000,1.22
1621694020483000,1,150.72998000,1.22
1621694020651000,1,1082.90326000,1.22
1621694020916000,0,1233.63324000,1.22
1621694021306000,1,502.17359000,1.22
1621694021504000,1,2055.83641000,1.22
1621694021518000,1,1850.96248000,1.22
1621694022219000,1,979.63171000,1.22
1621694022240000,1,253.87014000,1.22
1621694022240000,1,16.65000000,1.22
1621694022240000,1,692.46157000,1.22
1621694022831000,1,270.52014000,1.22
1621694022831000,1,962.98171000,1.22
1621694022831000,1,692.86806000,1.22
1621694022832000,1,270.11365000,1.22
1621694022832000,1,26.58237000,1.21
1621694022960000,1,666.28569000,1.21
1621694023186000,1,810.99568000,1.21
1621694023274000,1,270.52014000,1.21
1621694023745000,1,151.98603000,1.22
1621694024546000,1,429.05049000,1.22
1621694025981000,1,496.09560000,1.22
1621694027554000,1,156.50112000,1.22
1621694027554000,1,806.48059000,1.22
1621694028243000,1,278.88051000,1.22
1621694028284000,1,750.71167000,1.22
1621694028348000,1,204.04106000,1.22
1621694028348000,1,315.76382000,1.22
1621694028365000,1,750.71167000,1.22
1621694028661000,1,692.36167000,1.21
1621694028661000,1,37.50000000,1.21
1621694028661000,1,37.50000000,1.21
1621694028661000,1,195.62004000,1.21
1621694028696000,1,417.34721000,1.21
1621694028697000,1,350.01446000,1.21
1621694028697000,1,612.96725000,1.21
1621694028787000,0,376.98787000,1.22
1621694029119000,1,350.01446000,1.21
1621694029119000,1,612.96725000,1.21
1621694029119000,1,212.27004000,1.21
1621694029149000,1,137.74442000,1.21
1621694029149000,1,962.98171000,1.21
1621694029149000,1,162.30118000,1.21
1621694029444000,0,169.21448000,1.21
1621694029444000,0,204.93738000,1.22
1621694029639000,1,1072.35833000,1.21
1621694029916000,1,1153.66069000,1.21
1621694030002000,0,278.58109000,1.21
1621694030004000,0,102.90342000,1.22
1621694030026000,1,599.98167000,1.22
1621694030304000,1,79.25395000,1.21
1621694030602000,0,71.47605000,1.21
1621694030602000,0,367.85221000,1.21
1621694030602000,0,193.78556000,1.22
1621694031160000,0,316.54841000,1.21
1621694031313000,1,504.49340000,1.22
1621694031808000,0,3020.88492000,1.22
1621694031978000,1,504.21184000,1.22
1621694032111000,1,225.23633000,1.22
1621694061639000,0,185.07887000,1.22
1621694067523000,0,600.00000000,1.22
1621694067851000,1,113.66136000,1.22
1621694069713000,1,123.45130000,1.22
1621694071367000,1,101.14767000,1.22
1621694159667000,1,741.65656000,1.22
1621694159689000,1,492.28501000,1.22
1621694159801000,0,370.12092000,1.22
1621694160189000,1,1233.87890000,1.22
1621694160481000,1,149.06998000,1.22
1621694162858000,1,492.22234000,1.22
1621694168215000,1,205.71698000,1.22
1621694170103000,1,962.35736000,1.22
1621694170934000,1,164.92378000,1.22
1621694173783000,1,298.14998000,1.22
1621694174726000,1,935.64430000,1.22
1621694174835000,0,298.14998000,1.22
1621694174851000,0,190.36150000,1.22
1621694187336000,0,374.90443000,1.22
1621694187405000,0,75.43076000,1.22
1621694187789000,0,149.66480000,1.22
1621694193217000,0,300.11489000,1.22
1621694197656000,1,338.38532000,1.22
1621694202553000,1,206.28554000,1.22
1621694205590000,1,298.97398000,1.22
1621694205672000,1,298.96198000,1.22
1621694212427000,1,298.29700000,1.22
1621694235361000,1,298.96198000,1.22
1621694235363000,1,1140.00000000,1.22
1621694235363000,1,767.49930000,1.22
1621694235390000,1,466.37960000,1.22
1621694235392000,1,827.41756000,1.22
1621694235470000,0,767.49930000,1.22
1621694235725000,1,1140.00000000,1.22
1621694235725000,1,1080.08174000,1.22
1621694235725000,1,247.49241000,1.21
1621694236072000,1,1140.00000000,1.22
1621694236132000,1,93.87890000,1.22
1621694236132000,1,750.98927000,1.22
1621694236202000,1,482.81038000,1.22
1621694236202000,1,480.17132000,1.22
1621694236484000,0,348.61068000,1.22
1621694236640000,1,982.36247000,1.22
1621694236654000,1,157.63753000,1.22
1621694236654000,1,2056.56928000,1.22
1621694236654000,1,5.87492000,1.21
1621694237016000,0,600.00000000,1.22
1621694237799000,1,822.79477000,1.22
1621694237866000,1,1233.77451000,1.22
1621694237866000,1,516.09949000,1.22
1621694237920000,1,464.33283000,1.22
1621694237986000,1,253.36733000,1.22
1621694237986000,1,642.69741000,1.21
1621694238044000,1,692.51128000,1.21
1621694238044000,1,531.24980000,1.21
1621694238113000,1,347.74833000,1.21
1621694238113000,1,411.86425000,1.21
1621694238168000,1,962.98171000,1.22
1621694238410000,1,133.14670000,1.22
1621694238410000,1,137.13940000,1.21
1621694238424000,1,413.97806000,1.21
1621694238424000,1,549.00365000,1.21
1621694238458000,1,413.97806000,1.21
1621694238458000,1,335.05905000,1.21
1621694238537000,1,532.65943000,1.21
1621694238539000,1,95.26323000,1.21
1621694238539000,1,18.94127000,1.21
1621694238539000,1,18.94220000,1.21
1621694238539000,1,263.28723000,1.21
1621694238589000,1,170.21345000,1.21
1621694238675000,1,311.00000000,1.21
1621694238675000,1,38.69896000,1.21
1621694238791000,1,179.78206000,1.21
1621694238811000,1,659.34881000,1.22
1621694238835000,1,124.86825000,1.22
1621694238867000,0,18.94220000,1.22
1621694238867000,0,18.94127000,1.22
1621694238918000,1,2467.57415000,1.21
1621694238918000,1,311.00001000,1.21
1621694238918000,1,18.94314000,1.21
1621694238918000,1,18.94407000,1.21
1621694238918000,1,962.98171000,1.21
1621694238918000,1,18.94501000,1.21
1621694238918000,1,313.64036000,1.21
1621694238948000,1,962.98171000,1.21
1621694238953000,1,161.85100000,1.21
1621694239137000,1,820.07790000,1.22
1621694239254000,1,276.05051000,1.22
1621694239254000,1,2397.50487000,1.21
1621694239288000,1,276.05051000,1.21
1621694239288000,1,686.93120000,1.21
1621694239379000,1,276.05051000,1.21
1621694239379000,1,8.86497000,1.21
1621694239411000,0,18.94501000,1.22
1621694239411000,0,18.94407000,1.22
1621694239411000,0,18.94314000,1.22
1621694239732000,1,10.08098000,1.21
1621694239732000,1,18.94626000,1.21
1621694239732000,1,18.94688000,1.21
1621694239732000,1,18.94719000,1.21
1621694239732000,1,669.20126000,1.21
1621694239751000,1,293.78045000,1.21
1621694239751000,1,18.94782000,1.21
1621694239751000,1,18.94813000,1.21
1621694239751000,1,18.94876000,1.21
1621694239751000,1,631.30531000,1.21
1621694239826000,1,331.67640000,1.21
1621694239826000,1,18.94907000,1.21
1621694239826000,1,18.94969000,1.21
1621694239855000,0,311.00000000,1.21
1621694239908000,0,233.37453000,1.21
1621694239979000,0,702.48799000,1.21
1621694239999000,0,153.84928000,1.21
1621694239999000,0,8.86497000,1.22
1621694239999000,0,10.08098000,1.22
1621694239999000,0,600.00000000,1.22
1621694240169000,1,18.94688000,1.22
1621694240513000,0,18.94782000,1.21
1621694240525000,1,18.94876000,1.21
1621694240828000,1,18.94969000,1.21
1621694242470000,1,159.14214000,1.22
1621694243758000,1,168.69419000,1.22
1621694244869000,1,743.49136000,1.22
1621694245955000,1,162.53492000,1.22
1621694245955000,1,446.65628000,1.22
1621694247070000,1,303.10062000,1.22
1621694248255000,1,442.02202000,1.22
1621694249414000,1,391.86159000,1.22
1621694250561000,1,321.07849000,1.22
1621694251684000,1,78.90051000,1.22
1621694255106000,0,600.00000000,1.22
1621694255106000,0,3000.00000000,1.22
1621694255233000,0,411.91429000,1.22
1621694255250000,0,188.08571000,1.22
1621694255250000,0,616.89456000,1.22
1621694281391000,0,600.00000000,1.22
1621694281399000,0,3000.00000000,1.22
1621694284485000,0,50.76842000,1.22
1621694284506000,0,549.23158000,1.22
1621694284506000,0,684.65177000,1.22
1621694284691000,0,549.23157000,1.22
1621694284772000,1,215.25293000,1.22
1621694284895000,0,0.00001000,1.22
1621694284895000,0,963.39334000,1.22
1621694284935000,0,0.00001000,1.22
1621694284940000,0,464.16000000,1.22
1621694285067000,1,963.38999000,1.22
1621694285079000,0,399.63114000,1.22
1621694307404000,0,1233.82166000,1.22
1621694307412000,0,963.39335000,1.22
1621694307436000,0,1233.69152000,1.22
1621694307588000,0,600.00000000,1.22
1621694307588000,0,363.39335000,1.22
1621694307606000,0,600.00000000,1.22
1621694307606000,0,39.67000000,1.22
1621694307606000,0,323.58137000,1.22
1621694330158000,0,600.00000000,1.22
1621694330177000,0,1233.82166000,1.22
1621694389626000,0,373.92374000,1.22
1621694389633000,0,226.07626000,1.22
1621694389633000,0,373.92373000,1.22
1621694390244000,0,599.99999000,1.22
1621694390350000,0,0.00001000,1.22
1621694390350000,0,176.59011000,1.22
1621694426556000,1,265.25669000,1.22
1621694558037000,0,204.28152000,1.22
1621694697749000,1,409.05431000,1.22
1621694698002000,1,292.88598000,1.22
1621694698198000,1,409.05432000,1.22
1621694698201000,1,977.81869000,1.22
1621694698366000,1,292.88598000,1.22
1621694702961000,1,713.78210000,1.22
1621694703008000,1,2737.42332000,1.22
1621694787395000,1,1147.24682000,1.22
1621694862729000,0,526.15440000,1.22
1621694870457000,1,1088.07630000,1.22
1621694870458000,1,456.74697000,1.22
1621694870617000,1,112.11705000,1.22
1621694907235000,1,932.55054000,1.22
1621694918036000,0,206.53591000,1.22
1621695158306000,0,205.14829000,1.22
1621695518574000,0,205.30238000,1.22
1621695638917000,0,178.94372000,1.22
1621695758814000,0,205.05986000,1.22
1621695805132000,0,600.00000000,1.22
1621695805252000,0,299.05998000,1.22
1621696024974000,0,373.74782000,1.22
1621696026309000,0,600.00000000,1.22
1621696026309000,0,1417.13589000,1.22
1621696118916000,0,205.44069000,1.22
1621696375983000,1,2465.06453000,1.21
1621696479160000,0,206.01464000,1.22
1621696492619000,0,600.00000000,1.22
1621696492619000,0,3000.00000000,1.22
1621696492619000,0,1233.50645000,1.22
1621696492619000,0,37.50000000,1.22
1621696492619000,0,37.50000000,1.22
1621696492619000,0,37.50000000,1.22
1621696492619000,0,1233.69558000,1.22
1621696492619000,0,2055.84408000,1.22
1621696492619000,0,942.03161000,1.22
1621696564696000,1,471.53999000,1.22
1621696565465000,1,373.07605000,1.22
1621696599274000,0,204.26605000,1.22
1621697101140000,1,102.43746000,1.22
1621697102266000,1,96.53159000,1.22
1621697199576000,0,206.63650000,1.22
1621697344100000,1,205.96473000,1.22
1621697439706000,0,205.33378000,1.22
1621697679932000,0,205.84628000,1.22
1621697783323000,1,205.59693000,1.22
1621697799905000,0,80.21000000,1.22
1621697799905000,0,108.60994000,1.22
1621697801049000,1,308.57408000,1.22
1621697855381000,1,584.52925000,1.22
1621697858448000,1,102.01961000,1.22
1621697859542000,1,102.01961000,1.22
1621697860655000,1,102.01961000,1.22
1621697863477000,1,108.08243000,1.22
1621697873280000,1,112.72578000,1.22
1621697874383000,1,100.51646000,1.22
1621697875508000,1,110.48497000,1.22
1621697928435000,1,104.12837000,1.22
1621697929534000,1,104.12837000,1.22
1621697930634000,1,104.12837000,1.22
1621697931722000,1,104.12837000,1.22
1621697933256000,1,101.64542000,1.22
1621697934415000,1,109.81416000,1.22
1621697955256000,0,101.64000000,1.22
1621697955365000,0,0.01000000,1.22
1621697955365000,0,600.00000000,1.22
1621697955445000,1,600.00000000,1.22
1621697955481000,1,33.65000000,1.22
1621697955481000,1,566.35000000,1.22
1621697964605000,0,410.70780000,1.22
1621697965714000,0,600.00000000,1.22
1621697967732000,0,1202.59354000,1.22
1621697974724000,1,218.47353000,1.22
1621697988432000,0,285.23000000,1.22
1621697989706000,0,381.89000000,1.22
1621697989726000,0,296.20461000,1.22
1621697998898000,0,963.32000000,1.22
1621697998922000,0,0.00461000,1.22
1621697998922000,0,963.31539000,1.22
1621697999007000,0,0.00922000,1.22
1621697999007000,0,963.31078000,1.22
1621697999155000,0,0.01383000,1.22
1621697999155000,0,963.30617000,1.22
1621697999155000,0,0.01844000,1.22
1621697999155000,0,963.30156000,1.22
1621697999177000,0,0.02305000,1.22
1621697999177000,0,963.29695000,1.22
1621697999185000,0,0.02766000,1.22
1621697999185000,0,963.29234000,1.22
1621697999546000,0,0.03227000,1.22
1621697999546000,0,963.28773000,1.22
1621698004377000,0,963.32461000,1.22
1621698149201000,0,171.27080000,1.22
1621698149252000,0,121.36116000,1.22
1621698149252000,0,373.58498000,1.22
1621698149252000,0,963.22135000,1.22
1621698149252000,0,600.00000000,1.22
1621698149252000,0,963.22135000,1.22
1621698149770000,0,600.00000000,1.22
1621698265080000,1,295.33625000,1.22
1621698308099000,0,272.38000000,1.22
1621698741284000,0,207.68220000,1.22
1621698790651000,0,39.25836000,1.22
1621699000083000,1,244.69000000,1.22
1621699315120000,1,245.95442000,1.22
1621699355598000,1,245.95000000,1.22
1621699386967000,0,245.95000000,1.22
1621699386967000,0,574.25674000,1.22
1621699387422000,0,613.55837000,1.22
1621699387426000,0,245.95000000,1.22
1621699387572000,0,367.87519000,1.22
1621699387904000,0,6.05112000,1.22
1621699387904000,0,392.40888000,1.22
1621699388131000,0,291.98420000,1.22
1621699389462000,0,291.90536000,1.22
1621699391023000,0,376.61925000,1.22
1621699391175000,0,232.12481000,1.22
1621699457845000,0,303.01786000,1.22
1621699457903000,0,296.98214000,1.22
1621699457903000,0,1233.58786000,1.22
1621699457903000,0,617.45323000,1.22
1621699458023000,0,600.00000000,1.22
1621699458023000,0,228.64257000,1.22
1621699458023000,0,17.45323000,1.22
1621699458025000,0,582.54677000,1.22
1621699458025000,0,581.68323000,1.22
1621699463166000,1,310.35430000,1.22
1621699465481000,1,250.90658000,1.22
1621699543742000,0,561.26000000,1.22
1621699543742000,0,1233.46840000,1.22
1621699543742000,0,670.51020000,1.22
1621699636404000,1,32.41560000,1.22
1621699761911000,0,599.99000000,1.22
1621699761927000,0,0.01000000,1.22
1621699761927000,0,930.57000000,1.22
1621699795777000,0,302.89840000,1.22
1621699795777000,0,235.19114000,1.22
1621699799041000,0,902.89839000,1.22
1621699799200000,0,330.57001000,1.22
1621699799200000,0,365.00358000,1.22
1621700083110000,0,2417.70997000,1.22
1621700530386000,1,10000.00000000,1.22
1621700530541000,1,1115.02817000,1.22
1621700530792000,1,1115.02817000,1.22
1621700530792000,1,118.44793000,1.22
1621700530878000,0,1041.41717000,1.22
1621700779118000,0,205.54477000,1.22
1621700779118000,0,599.45522000,1.22
1621700980809000,1,206.00947000,1.22
1621701469547000,0,911.18500000,1.22
1621701484240000,1,819.42988000,1.22
1621701484240000,1,54.48592000,1.22
1621701484390000,1,2126.08938000,1.22
1621701484390000,1,128.64999000,1.22
1621701484398000,1,467.99999000,1.22
1621701484531000,0,819.42470000,1.22
1621701484555000,1,222.77472000,1.22
1621701484555000,1,413.65401000,1.22
1621701484561000,1,819.42470000,1.22
1621702286364000,1,657.42802000,1.22
1621702583082000,0,600.00000000,1.22
1621702595776000,0,37.50000000,1.22
1621702595777000,0,458.58000000,1.22
1621702595781000,0,1415.24000000,1.22
1621702595840000,1,500.30000000,1.22
1621702596235000,0,1126.17000000,1.22
1621702598336000,1,99.69000000,1.22
1621702599267000,0,0.01000000,1.22
1621702599267000,0,643.52000000,1.22
1621702599272000,0,0.02000000,1.22
1621702599272000,0,582.52000000,1.22
1621702599292000,0,0.02677000,1.22
1621702599292000,0,1184.82000000,1.22
1621702599292000,0,708.71323000,1.22
1621702601816000,0,37.50000000,1.22
1621702601816000,0,216.98000000,1.22
1621702601819000,0,37.51000000,1.22
1621702601819000,0,925.69000000,1.22
1621702602117000,0,37.51323000,1.22
1621702602117000,0,416.37677000,1.22
1621702602216000,0,453.89000000,1.22
1621702603628000,1,167.77907000,1.22
1621702604909000,1,175.94780000,1.22
1621702605987000,1,167.77907000,1.22
1621702607269000,1,184.11654000,1.22
1621702608355000,1,122.88346000,1.22
1621702608355000,1,27.91082000,1.22
1621702610039000,1,150.79428000,1.22
1621702611104000,1,150.79428000,1.22
1621702612188000,1,150.79428000,1.22
1621702616449000,0,37.50000000,1.22
1621702616449000,0,189.64000000,1.22
1621702627358000,0,477.54000000,1.22
1621702845788000,1,3000.00000000,1.22
1621702926264000,0,379.39457000,1.22
1621702926371000,0,599.48066000,1.22
1621703001284000,0,220.60543000,1.22
1621703001284000,0,0.51934000,1.22
1621703001284000,0,72.82914000,1.22
1621703016755000,1,264.82613000,1.22
1621703018565000,1,264.82613000,1.22
1621703020506000,1,225.06237000,1.22
1621703021604000,1,173.86951000,1.22
1621703022749000,1,142.39916000,1.22
1621703023850000,1,58.14964000,1.22
1621703023850000,1,41.85036000,1.22
1621703024977000,1,134.23144000,1.22
1621703047315000,0,16.65000000,1.22
1621703047315000,0,403.61937000,1.22
1621703056608000,0,37.50000000,1.22
1621703056608000,0,600.00000000,1.22
1621703056608000,0,204.50883000,1.22
1621703080261000,0,600.00000000,1.22
1621703080293000,0,2981.74507000,1.22
1621703315768000,0,599.99000000,1.22
1621703764490000,0,600.00000000,1.22
1621703764646000,0,600.00000000,1.22
1621703764646000,0,31.50171000,1.22
1621704025385000,1,67.51521000,1.22
1621704548265000,1,1132.35428000,1.22
1621704832768000,0,600.00000000,1.22
1621704833019000,1,106.89329000,1.22
1621704863612000,1,1233.40443000,1.22
1621704926034000,0,600.00000000,1.22
1621704926034000,0,2178.96211000,1.22
1621705002337000,1,205.44488000,1.22
1621705034680000,1,1140.00000000,1.22
1621705034697000,1,3000.00000000,1.22
1621705034811000,1,1233.38387000,1.22
1621705034813000,1,1140.00000000,1.22
1621705034813000,1,307.00000000,1.22
1621705034813000,1,608.32454000,1.22
1621705034827000,1,625.00406000,1.22
1621705034827000,1,338.17871000,1.22
1621705034915000,0,1140.00000000,1.22
1621705034920000,0,93.32860000,1.22
1621705034920000,0,307.00000000,1.22
1621705043256000,1,320.00013000,1.22
1621705044396000,1,320.00013000,1.22
1621705045500000,1,193.05501000,1.22
1621705045500000,1,126.94512000,1.22
1621705046711000,1,320.00013000,1.22
1621705047823000,1,320.00013000,1.22
1621705048921000,1,262.12303000,1.22
1621705050028000,1,262.12303000,1.22
1621705051129000,1,69.13755000,1.22
1621705051129000,1,30.86245000,1.22
1621705213734000,0,90.00000000,1.22
1621705262969000,1,218.65911000,1.22
1621705267025000,1,2.37878000,1.22
1621705267025000,1,97.62122000,1.22
1621705291596000,1,174.39798000,1.22
1621705292698000,1,142.84606000,1.22
1621705293832000,1,117.00478000,1.22
1621705297914000,1,104.00701000,1.22
1621705325141000,0,510.00000000,1.22
1621705325164000,0,850.41000000,1.22
1621705325248000,1,583.15735000,1.22
1621705363669000,1,101.77962000,1.22
1621705364789000,1,101.77962000,1.22
1621705368665000,1,107.87336000,1.22
1621705369776000,1,107.87336000,1.22
1621705370861000,1,107.87336000,1.22
1621705371967000,1,107.87336000,1.22
1621705393528000,1,112.81674000,1.22
1621705394694000,1,120.98548000,1.22
1621705395813000,1,120.98548000,1.22
1621705396914000,1,120.98548000,1.22
1621705398068000,1,120.98548000,1.22
1621705399674000,1,123.60459000,1.22
1621705400791000,1,101.24367000,1.22
1621705471282000,1,103.00746000,1.22
1621705472369000,1,103.00746000,1.22
1621705478109000,1,108.46891000,1.22
1621705479208000,1,108.46891000,1.22
1621705579774000,1,4612.62973000,1.22
1621705619192000,1,1140.00000000,1.22
1621705619222000,1,4247.37027000,1.22
1621705619321000,1,1135.76265000,1.22
1621705619332000,0,1140.00000000,1.22
1621705619341000,1,1751.09808000,1.22
1621705619343000,1,307.00000000,1.22
1621705619343000,1,799.04910000,1.22
1621705619343000,1,241.56486000,1.22
1621705619416000,0,1135.76265000,1.22
1621705619446000,1,4.23735000,1.22
1621705619467000,0,794.81175000,1.22
1621705745789000,1,283.54023000,1.22
1621705827860000,0,256.43344000,1.22
1621705828213000,0,373.82167000,1.22
1621705910684000,1,583.77718000,1.22
1621705969638000,0,599.99999000,1.22
1621705986084000,1,318.97499000,1.22
1621706311657000,0,114.95020000,1.22
1621706382839000,0,205.21141000,1.22
1621706682379000,0,3000.00000000,1.22
1621706682379000,0,600.00000000,1.22
1621706682379000,0,363.13934000,1.22
1621706860393000,1,66.57715000,1.22
1621706957961000,1,279.98247000,1.22
1621707164139000,1,467.97863000,1.22
1621707169466000,1,2187.94434000,1.22
1621707169858000,0,1140.00000000,1.22
1621707170443000,0,0.00002000,1.22
1621707335864000,0,708.82000000,1.22
1621707370710000,1,205.66317000,1.22
1621707596849000,0,205.70879000,1.22
1621707797606000,0,205.66090000,1.22
1621707797606000,0,191.04075000,1.22
1621707932526000,0,963.18000000,1.22
1621707932681000,0,0.00277000,1.22
1621707932681000,0,2999.98723000,1.22
1621708363408000,1,204.66999000,1.22
1621708442516000,1,9795.33001000,1.22
1621708442597000,1,1155.74641000,1.22
1621708490746000,1,1140.00000000,1.22
1621708903600000,1,204.68674000,1.22
1621709143826000,1,204.87999000,1.22
1621709766779000,0,1140.00000000,1.22
1621709766779000,0,1147.34563000,1.22
1621709766779000,0,3000.00000000,1.22
1621709766779000,0,963.17653000,1.22
1621709766779000,0,963.17653000,1.22
1621709766779000,0,963.17653000,1.22
1621709766779000,0,1233.47417000,1.22
1621709766779000,0,589.65061000,1.22
1621709864170000,1,205.54511000,1.22
1621710177021000,0,100.20999000,1.22
1621710368228000,1,414.04982000,1.22
1621710368699000,1,786.36180000,1.22
1621710418888000,0,279.77719000,1.22
1621710501251000,1,152.13841000,1.22
1621710502606000,1,164.76028000,1.22
1621710503683000,1,196.29993000,1.22
1621710505583000,1,206.11982000,1.22
1621710506643000,1,416.05705000,1.22
1621710506683000,1,179.04133000,1.22
1621710507790000,1,189.30283000,1.22
1621710508897000,1,205.33108000,1.22
1621710510238000,1,215.08007000,1.22
1621710511357000,1,134.35702000,1.22
1621710512468000,1,113.00534000,1.22
1621710513568000,1,122.95063000,1.22
1621710515326000,1,110.73438000,1.22
1621710520274000,0,428.69000000,1.22
1621710584666000,1,204.99999000,1.22
1621710680305000,1,123.35821000,1.22
1621711065044000,1,132.93999000,1.22
1621711151096000,1,205.59781000,1.22
1621711224173000,1,205.54189000,1.22
1621711578063000,1,241.68762000,1.22
1621711578063000,1,1234.12230000,1.22
1621711578063000,1,1234.29007000,1.22
1621711578063000,1,309.81030000,1.22
1621711586481000,1,787.03242000,1.22
1621711586507000,1,447.08988000,1.22
1621711586507000,1,787.20019000,1.22
1621711586526000,1,447.08988000,1.22
1621711586526000,1,206.25706000,1.22
1621711586561000,1,447.08988000,1.22
1621711586561000,1,516.06736000,1.22
1621711586605000,1,447.08988000,1.22
1621711586605000,1,516.06736000,1.22
1621711586641000,1,447.08988000,1.22
1621711586641000,1,2056.75305000,1.22
1621711586641000,1,516.06736000,1.22
1621711660524000,1,963.15724000,1.22
1621711660534000,1,270.96506000,1.22
1621711660578000,1,1234.29007000,1.22
1621711660578000,1,447.08988000,1.22
1621711660578000,1,822.46298000,1.22
1621711660601000,1,963.15724000,1.22
1621711660644000,1,271.13283000,1.22
1621711660644000,1,693.83503000,1.22
1621711660654000,1,269.32221000,1.22
1621711660654000,1,693.83503000,1.22
1621711660675000,0,1234.12230000,1.22
1621711660677000,0,0.16777000,1.22
1621711660677000,0,516.06736000,1.22
1621711660699000,1,269.32221000,1.22
1621711660699000,1,528.02589000,1.22
1621711662412000,1,313.28288000,1.22
1621712304043000,0,374.25030000,1.22
1621712304121000,0,135.67713000,1.22
1621712304149000,0,780.00000000,1.22
1621712304247000,0,135.67713000,1.22
1621712304323000,0,800.92671000,1.22
1621712304347000,0,135.67713000,1.22
1621713140674000,1,20.98848000,1.22
1621713345634000,0,674.51517000,1.22
1621713945681000,1,205.80840000,1.22
1621714065864000,1,205.03613000,1.22
1621714399085000,1,199.44971000,1.22
1621714449248000,0,164.34386000,1.22
1621714521203000,0,205.52504000,1.22
1621715014545000,1,350.19999000,1.22
1621715039936000,0,1222.06000000,1.22
1621715054300000,1,280.72488000,1.22
1621715054471000,1,286.33005000,1.22
1621715054722000,1,292.30832000,1.22
1621715079721000,1,292.30831000,1.22
1621715079735000,0,292.30833000,1.22
1621715443754000,1,59.03819000,1.22
1621715506662000,0,205.13391000,1.22
1621715758284000,0,366.00250000,1.22
1621715758431000,0,963.25904000,1.22
1621715758522000,0,1189.97846000,1.22
1621715758537000,0,963.25904000,1.22
1621715758829000,0,0.00001000,1.22
1621715758829000,0,963.25905000,1.22
1621715758829000,0,623.62504000,1.22
1621715795374000,1,36.63571000,1.22
1621716474374000,0,1233.59564000,1.22
1621716474374000,0,1233.46594000,1.22
1621716474374000,0,963.24239000,1.22
1621716474374000,0,963.24239000,1.22
1621716474374000,0,963.24239000,1.22
1621716474374000,0,963.24239000,1.22
1621716474374000,0,2056.17973000,1.22
1621716474374000,0,670.62000000,1.22
1621716494602000,1,34.60100000,1.22
1621716561449000,1,500.01000000,1.22
1621716766968000,1,205.52618000,1.22
1621716841529000,1,136.24675000,1.22
1621716843097000,1,126.14225000,1.22
1621716844324000,1,103.31852000,1.22
1621716887054000,1,205.52618000,1.22
1621716977265000,1,8219.57626000,1.22
1621716977805000,1,674.57904000,1.22
1621716977805000,1,1140.00000000,1.22
1621717289626000,1,258.36554000,1.22
1621717449078000,1,963.21329000,1.22
1621717607534000,1,205.34093000,1.22
1621717727674000,1,205.56221000,1.22
1621717733353000,1,104.71875000,1.22
1621717762984000,1,105.76010000,1.22
1621717819153000,1,116.77493000,1.22
1621717820297000,1,116.77493000,1.22
1621717967819000,1,205.62735000,1.22
1621718031448000,1,963.25564000,1.22
1621718345970000,1,104.17729000,1.22
1621718347051000,1,104.17729000,1.22
1621718348170000,1,104.17729000,1.22
1621718533881000,0,16.43306000,1.22
1621718928968000,1,205.51605000,1.22
1621718948339000,1,301.62490000,1.22
1621718949552000,1,257.04188000,1.22
1621718950667000,1,212.09356000,1.22
1621718951752000,1,212.09356000,1.22
1621718952832000,1,212.09418000,1.22
1621718953945000,1,173.76306000,1.22
1621719001095000,1,277.57258000,1.22
1621719002284000,1,182.16817000,1.22
1621719003733000,1,250.32395000,1.22
1621719083838000,1,937.66417000,1.22
1621719092663000,1,1126.31470000,1.22
1621719093222000,1,937.73118000,1.22
1621719097850000,0,82.29061000,1.22
1621719099352000,0,82.29061000,1.22
1621719158673000,0,82.31331000,1.22
1621719160338000,0,82.31331000,1.22
1621719196751000,1,164.65185000,1.22
1621719196751000,1,137.88063000,1.22
1621719197902000,1,239.69352000,1.22
1621719199013000,1,185.99964000,1.22
1621719200113000,1,152.38723000,1.22
1621719201192000,1,152.38723000,1.22
1621719202270000,1,94.92329000,1.22
1621719281993000,0,82.31244000,1.22
1621719284749000,0,21.19473000,1.22
1621719529246000,1,102.73746000,1.22
1621719676554000,1,860.56757000,1.22
1621719676626000,1,306.36765000,1.22
1621719676631000,1,963.30503000,1.22
1621719676682000,1,963.30503000,1.22
1621719676726000,1,963.30694000,1.22
1621719676726000,1,767.02229000,1.22
1621719676739000,1,963.30503000,1.22
1621719676740000,1,1119.06726000,1.22
1621719676760000,1,963.30503000,1.22
1621719676760000,1,270.38026000,1.22
1621719676806000,1,692.92477000,1.22
1621719676806000,1,270.38026000,1.22
1621719676840000,1,582.89087000,1.22
1621719676864000,1,307.00000000,1.22
1621719676864000,1,812.06726000,1.22
1621719676864000,1,110.03390000,1.22
1621719676864000,1,41.20387000,1.22
1621719889613000,0,205.64497000,1.22
1621720009535000,0,205.64292000,1.22
1621720026239000,0,963.30503000,1.22
1621720026239000,0,600.00000000,1.22
1621720026239000,0,1269.67077000,1.22
1621720026534000,0,599.99998000,1.22
1621720047828000,1,187.44450000,1.22
1621720048985000,1,151.74524000,1.22
1621720050089000,1,124.31899000,1.22
1621720309636000,0,102.79048000,1.22
1621720424117000,0,497.20952000,1.22
1621720425818000,1,118.45801000,1.22
1621720426890000,1,107.23365000,1.22
1621720428161000,1,144.88318000,1.22
1621720453752000,0,600.00000000,1.22
1621720454905000,1,235.93081000,1.22
1621720455680000,0,232.56505000,1.22
1621720455871000,0,134.86990000,1.22
1621720456017000,1,148.45649000,1.22
1621720456020000,0,164.79421000,1.22
1621720505535000,1,151.39040000,1.22
1621720508276000,1,697.43439000,1.22
1621720729798000,0,205.37276000,1.22
1621721050010000,1,0.00532000,1.22
1621721050010000,1,28.38206000,1.22
1621721236150000,1,911.20190000,1.22
1621721390212000,0,205.35947000,1.22
1621721401749000,0,288.88456000,1.22
1621721510364000,0,147.52531000,1.22
1621721515642000,1,289.68132000,1.22
1621721516743000,1,254.51734000,1.22
1621721517840000,1,99.02184000,1.22
1621721519313000,1,187.92886000,1.22
1621721520985000,1,16.46108000,1.22
1621721520985000,1,83.53892000,1.22
1621721521108000,0,298.36139000,1.22
1621721660678000,0,599.99000000,1.22
1621721660881000,0,0.01000000,1.22
1621721660881000,0,2999.98000000,1.22
1621721660986000,0,0.02000000,1.22
1621721660986000,0,963.39000000,1.22
1621721661020000,0,600.00000000,1.22
1621721661020000,0,0.02980000,1.22
1621721661020000,0,363.38020000,1.22
1621721661086000,0,600.00000000,1.22
1621721661086000,0,600.03960000,1.22
1621721661086000,0,33.37040000,1.22
1621721661109000,0,963.41000000,1.22
1621721661138000,0,236.63377000,1.22
1621721661138000,0,963.41980000,1.22
1621721661138000,0,3909.95643000,1.22
1621721686881000,1,740.93443000,1.22
1621721688015000,1,667.60937000,1.22
1621721689164000,1,657.11704000,1.22
1621721690571000,1,671.00820000,1.22
1621721691676000,1,457.65209000,1.22
1621721692803000,1,443.94334000,1.22
1621721693924000,1,147.20220000,1.22
1621721693924000,1,295.24504000,1.22
1621721695422000,1,368.73360000,1.22
1621721909244000,0,369.42016000,1.22
1621721939485000,1,486.90855000,1.22
1621722136047000,0,195.09750000,1.22
1621722161272000,0,518.45762000,1.22
1621722188095000,1,273.15206000,1.22
1621722189201000,1,201.41382000,1.22
1621722190306000,1,142.46317000,1.22
1621722191410000,1,120.80269000,1.22
1621722194986000,1,300.17988000,1.22
1621722483840000,1,599.99507000,1.22
1621722483858000,1,947.31780000,1.22
1621724296395000,1,147.79165000,1.22
1621724822582000,0,1001.62902000,1.22
1621724825154000,0,453.29969000,1.22
1621724825154000,0,308.82590000,1.22
1621724825377000,0,1236.24538000,1.22
1621724825485000,0,0.00001000,1.22
1621724825694000,0,599.99999000,1.22
1621724825767000,1,100.77934000,1.22
1621724825867000,1,413.67771000,1.22
1621724825867000,1,309.00036000,1.22
1621724941297000,1,492.40532000,1.22
1621724991553000,1,205.48395000,1.22
1621725008617000,1,206.13059000,1.22
1621725171605000,1,149.39341000,1.22
1621726376043000,1,141.18860000,1.22
1621726376481000,1,1235.00973000,1.22
1621726376592000,1,2111.07566000,1.22
1621726377493000,1,359.55047000,1.22
1621726377948000,1,3693.71424000,1.22
1621726479645000,0,81.63582000,1.22
1621726482827000,1,164.04996000,1.22
1621726515501000,1,287.14135000,1.22
1621726672285000,1,204.83999000,1.22
1621726747814000,1,20.00815000,1.22
1621726811215000,0,600.00000000,1.22
1621727272551000,0,205.13999000,1.22
