timestamp ms,type,amount,price
1627084836536000,0,328.96617000,1.1788
1627084837837000,1,236.64973000,1.1788
1627084848673000,0,1010.52702000,1.1789
1627084850824000,1,1010.52000000,1.1788
1627084969911000,1,49.48020000,1.1788
1627085153964000,1,158.65848000,1.1784
1627085154310000,0,158.56346000,1.1790
1627085221701000,1,133.12143000,1.1783
1627085227982000,1,215.56748000,1.1783
1627085280212000,0,169.54257000,1.1790
1627085308965000,0,945.60279000,1.1790
1627085308965000,0,1010.59257000,1.1790
1627085308965000,0,166.55821000,1.1791
1627085309153000,0,467.22817000,1.1790
1627085309246000,0,806.48065000,1.1790
1627085309246000,0,184.78076000,1.1791
1627085405959000,1,141.40217000,1.1785
1627085540764000,0,1009.63296000,1.1791
1627085540881000,0,0.98099000,1.1791
1627085540978000,1,712.45536000,1.1791
1627085672274000,1,329.25789000,1.1785
1627085676920000,1,205.35506000,1.1785
1627085689036000,1,201.28323000,1.1785
1627085726537000,1,213.68998000,1.1785
1627086294669000,0,196.49779000,1.1792
1627086466726000,1,23.91638000,1.1786
1627086467460000,0,324.94920000,1.1792
1627086469754000,0,157.00023000,1.1792
1627086507897000,1,241.78044000,1.1788
1627086559524000,1,394.57850000,1.1786
1627086582819000,1,227.49748000,1.1785
1627086589791000,1,114.38195000,1.1786
1627086612064000,1,141.14442000,1.1786
1627086617085000,1,935.51385000,1.1786
1627086631548000,1,129.68505000,1.1785
1627086700353000,0,154.37650000,1.1791
1627086768144000,1,227.42998000,1.1786
1627086770674000,1,454.07263000,1.1786
1627086773957000,1,227.54998000,1.1786
1627086790043000,0,102.56739000,1.1786
1627086959147000,0,447.44123000,1.1792
1627087037927000,0,247.25656000,1.1792
1627087070100000,0,226.80342000,1.1792
1627087089286000,1,760.28676000,1.1786
1627087159539000,1,231.06015000,1.1786
1627087255128000,1,155.92768000,1.1785
1627087255199000,1,109.53366000,1.1785
1627087255420000,0,136.61313000,1.1792
1627087255639000,0,155.81022000,1.1792
1627087256833000,1,155.93117000,1.1786
1627087277683000,1,233.41248000,1.1786
1627087282338000,1,258.68022000,1.1786
1627087309579000,1,232.37998000,1.1785
1627087310042000,1,325.32804000,1.1785
1627087315916000,1,232.37998000,1.1786
1627087336948000,1,134.17367000,1.1786
1627087339202000,1,232.04998000,1.1786
1627087342255000,1,97.93133000,1.1786
1627087365733000,1,232.70748000,1.1786
1627087365838000,1,138.41366000,1.1786
1627087370880000,1,141.86770000,1.1786
1627087412729000,1,232.14499000,1.1786
1627087426428000,1,194.88999000,1.1786
1627087489735000,1,231.47747000,1.1786
1627087493803000,1,159.26210000,1.1786
1627087500263000,1,231.69164000,1.1786
1627087500853000,1,231.55748000,1.1786
1627087504228000,1,231.85748000,1.1786
1627087520693000,1,232.13748000,1.1786
1627087676127000,1,228.67499000,1.1786
1627087695721000,1,146.65068000,1.1786
1627087716891000,1,228.57112000,1.1786
1627087718149000,1,816.02223000,1.1786
1627087728619000,1,182.92645000,1.1786
1627087756275000,1,230.36497000,1.1786
1627087779196000,1,140.47603000,1.1792
1627087803669000,0,212.51999000,1.1792
1627087807935000,0,241.83438000,1.1792
1627087810039000,0,358.16561000,1.1792
1627087810044000,0,0.00001000,1.1792
1627087810044000,0,199.32726000,1.1792
1627087817924000,0,52.68980000,1.1792
1627087817924000,0,175.58967000,1.1793
1627087887112000,1,352.59757000,1.1786
1627087897162000,1,227.40249000,1.1786
1627088005027000,1,226.17498000,1.1786
1627088017813000,1,226.82998000,1.1786
1627088029203000,1,702.00153000,1.1786
1627088029230000,1,305.22042000,1.1786
1627088211528000,1,226.27748000,1.1786
1627088280141000,1,895.31548000,1.1786
1627088284826000,1,227.22247000,1.1786
1627088416029000,0,108.99133000,1.1787
1627088416029000,0,211.94999000,1.1787
1627088416029000,0,24.21277000,1.1787
1627088416797000,1,227.49390000,1.1787
1627088456772000,0,226.69750000,1.1792
1627088469514000,1,119.75161000,1.1787
1627088515552000,1,108.43860000,1.1787
1627088528977000,1,250.14455000,1.1787
1627088570982000,1,212.03567000,1.1787
1627088601224000,1,226.16999000,1.1787
1627088630641000,1,269.14433000,1.1787
1627088630641000,1,73.66214000,1.1787
1627088692867000,1,223.18498000,1.1787
1627088699213000,1,223.22999000,1.1787
1627088703316000,1,379.56699000,1.1787
1627088707963000,1,315.62849000,1.1786
1627088723369000,1,111.18156000,1.1786
1627088729050000,1,173.18995000,1.1786
1627088811108000,1,212.15999000,1.1786
1627089019199000,1,600.00000000,1.1786
1627089019225000,1,279.73644000,1.1786
1627089060756000,1,108.15990000,1.1786
1627089075338000,1,221.78478000,1.1786
1627089087229000,1,221.99749000,1.1786
1627089171338000,1,108.23973000,1.1786
1627089176885000,1,38.89524000,1.1786
1627089208347000,1,221.91248000,1.1786
1627089304949000,1,284.23434000,1.1786
1627089305041000,0,149.65859000,1.1786
1627089305041000,0,169.35629000,1.1786
1627089347343000,0,600.00000000,1.1788
1627089369641000,0,600.00000000,1.1792
1627089370641000,0,704.85250000,1.1792
1627089411310000,1,211.86999000,1.1788
1627089537683000,1,212.50669000,1.1787
1627089600196000,1,224.03248000,1.1788
1627089603038000,1,693.74999000,1.1788
1627089691926000,1,839.73711000,1.1789
1627089703744000,1,214.54048000,1.1789
1627089751937000,0,225.75110000,1.1792
1627089858197000,1,224.92248000,1.1788
1627089866173000,1,181.11027000,1.1788
1627089882753000,1,533.27881000,1.1788
1627089883649000,0,141.95358000,1.1788
1627089886197000,1,136.75593000,1.1788
1627089887719000,1,227.98248000,1.1788
1627089896733000,0,5.19765000,1.1792
1627089896733000,0,553.07332000,1.1792
1627089938286000,1,201.31001000,1.1788
1627089997154000,1,173.38209000,1.1788
1627089997283000,1,173.39738000,1.1788
1627090018344000,1,226.65998000,1.1788
1627090018505000,1,250.96171000,1.1788
1627090044970000,1,314.95695000,1.1788
1627090084100000,1,77.21139000,1.1788
1627090095333000,0,133.00662000,1.1792
1627090109431000,1,2031.17604000,1.1789
1627090109995000,1,117.09414000,1.1789
1627090144679000,1,284.15748000,1.1788
1627090154895000,1,229.08497000,1.1788
1627090225165000,1,353.42461000,1.1788
1627090245545000,0,227.36694000,1.1792
1627090253751000,1,57.81297000,1.1788
1627090254398000,1,226.96998000,1.1788
1627090298637000,1,161.68461000,1.1787
1627090302888000,1,123.23006000,1.1787
1627090535438000,1,227.20249000,1.1788
1627090538428000,1,100.81115000,1.1788
1627090540396000,1,79.05927000,1.1788
1627090572856000,1,275.72583000,1.1788
1627090583371000,1,123.66592000,1.1788
1627090634269000,1,7932.60906000,1.1788
1627090634384000,1,536.80108000,1.1788
1627090634744000,1,63.19892000,1.1788
1627090634744000,1,2936.80108000,1.1782
1627090651440000,1,227.12748000,1.1784
1627090834222000,1,210.84548000,1.1785
1627090940388000,1,226.54030000,1.1785
1627091068398000,1,162.61421000,1.1785
1627091207315000,1,0.00001000,1.1785
1627091207315000,1,228.06247000,1.1780
1627091228882000,0,228.16248000,1.1788
1627091280795000,1,2999.99999000,1.1785
1627091378293000,1,94.09011000,1.1785
1627091423483000,1,113.79779000,1.1785
1627091493598000,0,54.37752000,1.1791
1627091493598000,0,96.21563000,1.1791
1627091793987000,1,305.37893000,1.1785
1627091794104000,1,600.00000000,1.1784
1627091794165000,0,224.72438000,1.1785
1627091795201000,0,80.65453000,1.1785
1627091823569000,0,619.09067000,1.1789
1627092503623000,0,161.80000000,1.1780
1627092503716000,0,10.32950000,1.1780
1627092505392000,1,229.92929000,1.1780
1627092639957000,0,21.73933000,1.1791
1627092639957000,0,637.16373000,1.1791
1627092659954000,0,234.78659000,1.1791
1627092684971000,1,126.14560000,1.1782
1627092724082000,1,90.47591000,1.1784
1627092734538000,0,238.33749000,1.1784
1627093075646000,0,237.41569000,1.1790
1627093089642000,1,211.32239000,1.1784
1627093096798000,1,412.79620000,1.1784
1627093104596000,0,28.97431000,1.1791
1627093104596000,0,643.35596000,1.1791
1627093104784000,0,398.20011000,1.1791
1627093108431000,0,1013.89559000,1.1791
1627093128551000,0,241.77127000,1.1791
1627093232468000,1,109.65989000,1.1784
1627093232579000,1,128.37758000,1.1784
1627093238650000,1,600.00000000,1.1784
1627093238802000,1,101.35457000,1.1780
1627093238835000,1,285.46068000,1.1780
1627093267081000,0,186.40676000,1.1789
1627093281600000,1,188.48707000,1.1782
1627093311033000,1,73.43266000,1.1783
1627093332297000,1,127.20010000,1.1784
1627093334957000,1,231.41741000,1.1784
1627093446818000,1,241.16498000,1.1784
1627093455986000,1,241.16248000,1.1783
1627093475128000,0,599.99999000,1.1789
1627093475145000,0,0.00001000,1.1789
1627093475145000,0,105.25226000,1.1789
1627093475603000,0,609.68778000,1.1789
1627093482194000,1,128.53757000,1.1789
1627093482194000,1,59.56892000,1.1789
1627093485064000,1,366.82731000,1.1784
1627093488742000,0,367.59708000,1.1789
1627093528692000,0,186.34447000,1.1790
1627093738230000,1,212.04101000,1.1790
1627093814150000,0,151.03560000,1.1790
1627093815138000,1,600.00000000,1.1780
1627093842719000,1,139.98657000,1.1782
1627093915513000,1,169.31599000,1.1784
1627093930375000,1,138.83138000,1.1784
1627093930672000,1,221.56358000,1.1784
1627093932569000,0,127.38231000,1.1790
1627093932974000,1,70.28905000,1.1784
1627093933139000,0,57.03358000,1.1784
1627093977816000,1,246.24248000,1.1782
1627094033657000,1,67.65481000,1.1784
1627094053464000,0,27.16269000,1.1790
1627094053464000,0,215.72981000,1.1790
1627094066526000,0,458.38702000,1.1790
1627094074766000,0,243.52249000,1.1784
1627094081158000,1,245.28999000,1.1784
1627094082120000,1,220.96488000,1.1784
1627094151231000,0,121.06023000,1.1786
1627094152236000,0,121.06023000,1.1786
1627094153234000,0,121.06115000,1.1786
1627094154237000,0,121.06115000,1.1786
1627094155239000,0,121.06115000,1.1786
1627094156259000,0,130.29322000,1.1786
1627094161257000,0,56.98609000,1.1785
1627094161257000,0,43.01391000,1.1785
1627094171261000,0,112.13334000,1.1785
1627094172267000,0,112.13334000,1.1785
1627094173262000,0,112.73384000,1.1785
1627094174262000,0,104.05604000,1.1785
1627094176264000,0,114.51036000,1.1785
1627094177289000,0,106.29745000,1.1785
1627094181265000,0,116.39987000,1.1784
1627094182267000,0,116.67194000,1.1784
1627094183273000,0,116.67194000,1.1784
1627094184269000,0,107.69100000,1.1784
1627094199233000,0,434.78103000,1.1784
1627094199233000,0,114.87635000,1.1784
1627094212390000,1,66.09032000,1.1784
1627094212390000,1,52.07340000,1.1779
1627094248267000,1,244.51248000,1.1780
1627094250325000,1,118.06246000,1.1780
1627094253451000,1,127.10589000,1.1780
1627094258267000,1,246.16748000,1.1780
1627094335169000,1,103.64993000,1.1781
1627094335351000,0,141.15254000,1.1781
1627094372740000,1,143.48687000,1.1781
1627094385698000,1,173.59414000,1.1781
1627094420619000,1,179.26906000,1.1781
1627094545770000,0,126.48305000,1.1784
1627094551681000,1,240.97748000,1.1784
1627094602533000,0,113.74669000,1.1787
1627094614572000,0,239.91904000,1.1787
1627094614675000,0,239.54250000,1.1787
1627094652767000,0,240.42913000,1.1784
1627094693270000,0,6.79177000,1.1787
1627094693270000,0,21.73850000,1.1790
1627094759341000,0,241.60480000,1.1789
1627094769478000,1,189.24445000,1.1784
1627094901891000,1,243.63947000,1.1784
1627094927921000,0,244.33720000,1.1787
1627094961100000,1,115.38305000,1.1784
1627094962979000,0,304.90280000,1.1785
1627094963247000,0,279.35636000,1.1785
1627094963883000,1,116.39693000,1.1779
1627094968235000,0,1009.22360000,1.1785
1627094969241000,0,3000.00000000,1.1785
1627094970777000,0,188.20734000,1.1785
1627094974031000,0,188.19762000,1.1785
1627094982945000,0,241.83229000,1.1787
1627095198823000,1,242.66010000,1.1782
1627095198983000,0,242.51960000,1.1787
1627095266593000,1,357.33990000,1.1782
1627095266593000,1,141.42752000,1.1779
1627095604319000,1,40.18672000,1.1782
1627095615765000,1,173.69590000,1.1782
1627095622585000,1,148.06239000,1.1782
1627095653885000,1,169.34295000,1.1782
1627095660473000,1,68.71204000,1.1782
1627095660473000,1,174.19295000,1.1779
1627095661981000,1,189.41571000,1.1779
1627095726086000,1,119.82133000,1.1781
1627095889368000,1,27.72224000,1.1781
1627095932421000,1,238.35499000,1.1781
1627096093143000,1,236.52498000,1.1782
1627096102710000,1,233.67748000,1.1782
1627096111701000,1,129.79754000,1.1782
1627096111701000,1,52.64609000,1.1779
1627096116033000,1,234.21750000,1.1779
1627096116036000,1,365.78250000,1.1779
1627096116038000,0,234.21750000,1.1779
1627096116059000,1,2765.78250000,1.1779
1627096116167000,0,181.57141000,1.1779
1627096116176000,1,1273.55132000,1.1779
1627096116187000,1,1273.49173000,1.1777
1627096214750000,1,233.35248000,1.1782
1627096280304000,1,233.72498000,1.1782
1627096359830000,1,366.27502000,1.1782
1627096360029000,0,234.74750000,1.1782
1627096391201000,0,234.23658000,1.1787
1627096470363000,1,74.19584000,1.1781
1627096514161000,1,525.80416000,1.1781
1627096514264000,1,382.44915000,1.1779
1627096517375000,0,1076.93385000,1.1787
1627096536412000,1,138.88372000,1.1780
1627096607535000,1,149.46579000,1.1780
1627096743111000,1,162.21141000,1.1780
1627096822565000,1,127.43363000,1.1780
1627096828868000,1,205.05003000,1.1780
1627096952645000,0,146.60228000,1.1785
1627097288090000,1,105.30490000,1.1780
1627097381283000,0,230.64978000,1.1787
1627097401094000,0,809.54643000,1.1787
1627097734041000,1,0.00003000,1.1780
1627097734041000,1,233.98746000,1.1778
1627098200754000,1,20.47824000,1.1782
1627098227123000,0,233.32129000,1.1787
1627098227377000,0,165.93697000,1.1787
1627098252477000,0,167.68515000,1.1787
1627098300665000,1,493.53466000,1.1782
1627098489427000,1,106.46534000,1.1782
1627098489427000,1,59.12908000,1.1778
1627098569838000,0,233.31248000,1.1785
1627098786662000,0,208.62399000,1.1785
1627098812947000,0,391.37601000,1.1785
1627098829138000,1,138.30978000,1.1788
1627099028064000,0,1273.72537000,1.1789
1627099028064000,0,232.84749000,1.1789
1627099033675000,1,600.00000000,1.1782
1627099033675000,1,255.22864000,1.1782
1627099034055000,1,215.63317000,1.1782
1627099034508000,1,127.17772000,1.1782
1627099035834000,0,600.00000000,1.1788
1627099037367000,1,600.00000000,1.1783
1627099037632000,1,1523.74492000,1.1783
1627099137367000,0,212.10810000,1.1782
1627099221039000,0,600.00000000,1.1785
1627099377383000,1,212.16921000,1.1781
1627099497435000,1,212.22013000,1.1781
1627099573106000,1,175.61066000,1.1781
1627099634037000,1,164.40919000,1.1780
1627099718588000,1,212.86239000,1.1781
1627099737535000,1,212.22013000,1.1783
1627099797971000,0,159.41974000,1.1783
1627099857595000,1,212.22013000,1.1783
1627099977670000,1,175.55974000,1.1783
1627100006881000,1,149.76733000,1.1779
1627100016872000,0,234.38500000,1.1785
1627100185505000,0,116.92175000,1.1780
1627100337858000,1,211.87270000,1.1780
1627100352155000,1,285.86513000,1.1780
1627100371157000,1,102.26216000,1.1780
1627100371266000,1,0.00001000,1.1780
1627100371266000,1,134.67281000,1.1778
1627100373233000,1,236.93498000,1.1778
1627100503932000,1,347.63425000,1.1778
1627100564043000,1,15.43077000,1.1778
1627100564043000,1,856.06298000,1.1778
1627100749375000,0,162.80861000,1.1785
1627100749649000,0,169.43391000,1.1785
1627100883037000,0,116.86340000,1.1782
1627100887784000,1,161.62594000,1.1782
1627100911877000,0,599.99999000,1.1785
1627100916426000,0,355.26112000,1.1785
1627100917818000,0,599.99999000,1.1785
1627100921118000,0,599.99999000,1.1790
1627100921129000,0,0.00001000,1.1790
1627100921129000,0,383.80772000,1.1790
1627101064832000,0,95.24644000,1.1785
1627101064832000,0,210.41087000,1.1785
1627101187548000,1,107.32677000,1.1785
1627101298280000,1,212.10983000,1.1784
1627101381538000,1,208.94876000,1.1784
1627101409258000,1,71.20929000,1.1784
1627101418007000,0,238.47760000,1.1790
1627101418353000,1,107.73212000,1.1784
1627101538438000,1,212.10983000,1.1782
1627101631373000,1,211.62904000,1.1792
1627101658477000,1,212.10983000,1.1786
1627101694094000,1,239.19998000,1.1786
1627101719678000,1,73.12814000,1.1786
1627101729174000,1,600.00000000,1.1786
1627101729278000,1,600.00000000,1.1780
1627101729278000,1,218.22217000,1.1780
1627101729434000,0,101.56171000,1.1786
1627101729838000,0,332.99606000,1.1786
1627101778438000,1,212.10983000,1.1783
1627101898577000,1,212.10983000,1.1783
1627101986670000,1,175.78033000,1.1783
1627102196942000,1,0.00001000,1.1783
1627102196942000,1,276.17508000,1.1780
1627102198558000,1,212.10983000,1.1780
1627102301853000,1,699.18999000,1.1786
1627102312032000,1,391.07972000,1.1786
1627102438675000,1,212.11196000,1.1786
1627102558778000,1,212.11196000,1.1784
1627102678827000,1,212.11196000,1.1785
1627102798864000,1,212.11196000,1.1785
1627102918898000,1,212.11196000,1.1784
1627103035544000,0,236.97013000,1.1786
1627103064180000,1,599.99999000,1.1780
1627103239902000,1,235.83108000,1.1779
1627103337459000,1,179.11210000,1.1779
1627103343249000,1,185.05681000,1.1779
1627103347279000,1,0.00001000,1.1779
1627103347279000,1,1273.79188000,1.1777
1627103347298000,1,369.94340000,1.1777
1627103347378000,0,600.00000000,1.1777
1627103347424000,0,436.42296000,1.1777
1627103347567000,0,237.36891000,1.1777
1627103399395000,1,211.43999000,1.1777
1627103475436000,0,109.41884000,1.1783
1627103485237000,0,600.00000000,1.1783
1627103486242000,1,236.81116000,1.1777
1627103851186000,1,355.60342000,1.1780
1627103853071000,1,148.10170000,1.1777
1627103856765000,0,87.58329000,1.1780
1627103859989000,0,208.63000000,1.1783
1627104069443000,0,237.44499000,1.1783
1627104070446000,0,600.00000000,1.1783
1627104079954000,0,88.64104000,1.1783
1627104175942000,0,511.35896000,1.1783
1627104195852000,0,600.00000000,1.1783
1627104197456000,0,334.60434000,1.1783
1627104204295000,0,335.09286000,1.1788
1627104285120000,1,236.42375000,1.1782
1627104359834000,1,116.84999000,1.1782
1627104379174000,0,71.25177000,1.1782
1627104393959000,1,236.90248000,1.1782
1627104418012000,1,236.59161000,1.1782
1627104426285000,1,127.74543000,1.1782
1627104614119000,1,238.04249000,1.1782
1627104631919000,1,238.79499000,1.1782
1627104686935000,1,833.70882000,1.1782
1627104687170000,0,169.50499000,1.1782
1627104693539000,1,100.21114000,1.1782
1627104859072000,1,237.58249000,1.1782
1627104859544000,1,596.98752000,1.1782
1627105290012000,1,238.44498000,1.1782
1627105301399000,1,102.09763000,1.1780
1627105526739000,1,237.07999000,1.1780
1627105619526000,1,290.54428000,1.1780
1627105620936000,1,243.20059000,1.1780
1627105763584000,1,532.26372000,1.1781
1627105766529000,1,203.70022000,1.1781
1627106146697000,1,190.86685000,1.1781
1627106146770000,0,141.89179000,1.1782
1627106186933000,1,227.86224000,1.1782
1627106312455000,1,880.28617000,1.1782
1627106318989000,0,228.00307000,1.1788
1627106377094000,1,213.85187000,1.1782
1627106725205000,1,109.99997000,1.1780
1627106886264000,0,549.11500000,1.1788
1627106899232000,0,5000.00000000,1.1785
1627106900594000,0,312.30376000,1.1785
1627107169060000,1,163.44795000,1.1779
1627107229694000,1,163.48874000,1.1779
1627107251540000,1,789.72856000,1.1779
1627107251810000,1,789.72856000,1.1779
1627107266554000,1,179.21496000,1.1779
1627107273592000,1,163.66274000,1.1779
1627107379425000,1,610.46151000,1.1779
1627107426165000,1,126.95453000,1.1786
1627107490075000,1,719.36000000,1.1779
1627107621911000,1,240.29152000,1.1779
1627107624278000,1,242.77116000,1.1779
1627107713306000,1,231.89391000,1.1779
1627107977207000,1,244.10997000,1.1779
1627108062374000,1,149.89152000,1.1779
1627108093786000,1,130.93047000,1.1779
1627108126761000,1,341.42679000,1.1786
1627108127772000,1,5968.51421000,1.1786
1627108264376000,0,600.00000000,1.1783
1627108431786000,1,600.00000000,1.1776
1627108431935000,0,139.76194000,1.1776
1627108508500000,0,198.85288000,1.1783
1627108509580000,0,212.57000000,1.1783
1627108557923000,1,112.10927000,1.1776
1627108629270000,1,134.38971000,1.1776
1627108746265000,0,45.80568000,1.1786
1627108755283000,0,25.44760000,1.1786
1627108783014000,1,241.58999000,1.1776
1627108906433000,0,600.00000000,1.1782
1627108912481000,1,208.74456000,1.1776
1627109415268000,0,240.56197000,1.1785
1627109543061000,1,15.27574000,1.1776
1627109543061000,1,97.85546000,1.1776
1627109551373000,1,143.33373000,1.1776
1627109551373000,1,358.87252000,1.1776
1627109551482000,1,241.12748000,1.1776
1627109551482000,1,769.51767000,1.1776
1627109551491000,1,241.12748000,1.1776
1627109551491000,1,576.12121000,1.1775
1627109587942000,0,161.11479000,1.1776
1627109588039000,0,80.01269000,1.1776
1627109629721000,0,197.03381000,1.1775
1627109629764000,0,43.12618000,1.1775
1627109766474000,1,240.54498000,1.1775
1627109770279000,1,235.27855000,1.1775
1627109794519000,1,116.13905000,1.1775
1627109794525000,1,8.03742000,1.1775
1627109827033000,1,240.56748000,1.1775
1627109890431000,1,239.76016000,1.1780
1627110344646000,1,123.49998000,1.1775
1627110521075000,1,225.07151000,1.1775
1627110521155000,1,154.22724000,1.1775
1627110521179000,1,240.31170000,1.1775
1627110521267000,1,236.18832000,1.1775
1627110521267000,1,216.96867000,1.1775
1627110521297000,1,793.66764000,1.1775
1627110521367000,0,154.22723000,1.1775
1627110521390000,1,1010.63631000,1.1774
1627110521421000,1,1010.63630000,1.1773
1627110521430000,0,157.12538000,1.1775
1627110521438000,1,600.00000000,1.1775
1627110521438000,1,0.00001000,1.1773
1627110521438000,1,410.63629000,1.1773
1627110521459000,1,600.00002000,1.1773
1627110521459000,1,410.63628000,1.1772
1627110521465000,0,600.00000000,1.1773
1627110521469000,1,600.00003000,1.1772
1627110521469000,1,410.63627000,1.1772
1627110521529000,1,600.00004000,1.1772
1627110521529000,1,410.63627000,1.1771
1627110522369000,0,410.63630000,1.1773
1627110526970000,0,197.72021000,1.1777
1627110529444000,0,600.00000000,1.1778
1627110531166000,0,225.07151000,1.1777
1627110531166000,0,600.00000000,1.1777
1627110532239000,0,600.00000000,1.1777
1627110557605000,1,126.87913000,1.1772
1627110563932000,0,319.37463000,1.1778
1627110694244000,0,600.00000000,1.1778
1627110971519000,0,234.82763000,1.1781
1627111016865000,1,136.69211000,1.1772
1627111027641000,0,16.97325000,1.1780
1627111090336000,0,240.86404000,1.1780
1627111876142000,0,240.05771000,1.1778
1627112516958000,1,220.99980000,1.1773
1627112519453000,1,358.25684000,1.1773
1627112521134000,1,661.36338000,1.1773
1627112583670000,1,117.28621000,1.1773
1627112645965000,1,100.55774000,1.1779
1627112649117000,0,769.51695000,1.1780
1627113117348000,1,241.56748000,1.1774
1627113286768000,0,416.13498000,1.1780
1627113925258000,0,212.11650000,1.1773
1627113936926000,1,223.28997000,1.1773
1627114102826000,1,721.10683000,1.1773
1627114120849000,1,1221.35041000,1.1773
1627114207829000,0,283.91183000,1.1779
1627114222709000,1,106.45425000,1.1772
1627114222752000,1,177.66228000,1.1772
1627114237577000,1,237.12749000,1.1771
1627114278552000,1,773.48423000,1.1771
1627114278613000,1,0.00001000,1.1771
1627114278613000,1,237.46920000,1.1771
1627114393206000,1,240.13749000,1.1771
1627114503458000,0,202.42410000,1.1779
1627114633672000,1,163.41242000,1.1772
1627114660519000,0,337.38780000,1.1781
1627114807515000,0,737.76699000,1.1782
1627114947176000,1,43.29301000,1.1774
1627115497169000,0,3000.00000000,1.1782
1627115497169000,0,1274.50593000,1.1782
1627115497169000,0,1274.39326000,1.1783
1627115497169000,0,1010.60882000,1.1784
1627115497169000,0,1010.60882000,1.1785
1627115497169000,0,9999.99998000,1.1786
1627115497169000,0,2123.72916000,1.1786
1627115497169000,0,1010.60882000,1.1786
1627115497169000,0,1010.60882000,1.1787
1627115497169000,0,1010.60882000,1.1788
1627115497169000,0,1010.60882000,1.1789
1627115497169000,0,489.75043000,1.1789
1627115497169000,0,1010.60882000,1.1790
1627115497169000,0,1010.60882000,1.1791
1627115497169000,0,1010.60882000,1.1792
1627115497169000,0,1010.60882000,1.1793
1627115497169000,0,1010.60882000,1.1794
1627115497169000,0,2548.22894000,1.1794
1627115497169000,0,700.53247000,1.1795
1627115500636000,1,1010.78534000,1.1777
1627115526078000,1,299.70162000,1.1776
1627115569762000,1,711.08372000,1.1776
1627115581431000,1,3000.00000000,1.1776
1627115583363000,1,1010.78534000,1.1776
1627115746832000,1,734.59044000,1.1775
1627115784435000,1,1010.78534000,1.1775
1627115882621000,1,211.59999000,1.1775
1627115904569000,1,600.00000000,1.1775
1627116000541000,1,118.51140000,1.1775
1627116002738000,1,212.31475000,1.1775
1627116033775000,1,679.93413000,1.1775
1627116039628000,1,600.00000000,1.1775
1627116039628000,1,600.00000000,1.1775
1627116122763000,1,212.32143000,1.1774
1627116278796000,1,518.91999000,1.1774
1627116362865000,1,212.19999000,1.1773
1627116682869000,0,244.08621000,1.1778
1627116972233000,0,114.43379000,1.1778
1627116972250000,0,136.79299000,1.1778
1627117126622000,1,325.28284000,1.1774
1627117129079000,0,104.68701000,1.1778
1627117129094000,0,240.85289000,1.1780
1627117157474000,1,112.96689000,1.1774
1627117157538000,1,127.63308000,1.1774
1627117282012000,0,241.40659000,1.1779
1627117282762000,0,241.36497000,1.1774
1627117337837000,1,241.97500000,1.1773
1627117580843000,0,120.50214000,1.1774
1627117584168000,0,187.97392000,1.1774
1627117609665000,0,492.15778000,1.1776
1627117616936000,0,95.58841000,1.1781
1627117616936000,0,29.96926000,1.1781
1627117627389000,0,424.82093000,1.1780
1627117627893000,0,520.14562000,1.1780
1627117674280000,1,180.15214000,1.1774
1627117708773000,1,247.48393000,1.1774
1627117770996000,0,600.00000000,1.1780
1627117771165000,1,122.69780000,1.1780
1627118080317000,1,124.30260000,1.1774
1627118203070000,1,48.06133000,1.1774
1627118203070000,1,306.18741000,1.1774
1627118203156000,1,244.10764000,1.1774
1627118203156000,1,110.14110000,1.1773
1627118223252000,0,250.05091000,1.1781
1627118346566000,1,157.92978000,1.1774
1627118542620000,0,68.23409000,1.1782
1627118542620000,0,182.56928000,1.1782
1627118707700000,0,130.62967000,1.1781
1627118707817000,1,182.72745000,1.1774
1627118707817000,1,49.69793000,1.1774
1627118805386000,1,130.68986000,1.1774
1627118805493000,1,0.00001000,1.1774
1627118805493000,1,126.42510000,1.1774
1627119015132000,0,160.53985000,1.1781
1627119080546000,1,324.99740000,1.1776
1627119206393000,1,627.57964000,1.1777
1627119310041000,0,131.18500000,1.1782
1627119324575000,0,126.58218000,1.1782
1627119474798000,1,163.63692000,1.1778
1627119484938000,1,252.31498000,1.1778
1627119585735000,0,282.56673000,1.1783
1627119617447000,1,5347.67999000,1.1778
1627120084558000,1,273.07674000,1.1777
1627120180947000,1,174.66669000,1.1777
1627120659502000,0,254.80160000,1.1783
1627120696756000,1,152.25657000,1.1777
1627120696756000,1,137.18103000,1.1773
1627120698073000,0,240.81028000,1.1782
1627120723218000,0,103.60491000,1.1780
1627120936218000,0,160.62337000,1.1774
1627120946668000,1,103.12797000,1.1774
1627120967400000,1,496.87202000,1.1774
1627120967487000,1,0.00001000,1.1774
1627120967580000,0,496.87201000,1.1774
1627121186431000,0,152.25657000,1.1779
1627121186431000,0,137.16999000,1.1779
1627121376878000,0,190.41333000,1.1780
1627121438829000,1,249.14242000,1.1777
1627121441202000,1,100.73099000,1.1774
1627121471489000,0,600.00000000,1.1779
1627121471489000,0,16.00000000,1.1783
1627121579951000,0,308.64414000,1.1780
1627121579955000,0,539.04690000,1.1780
1627121675554000,0,190.59400000,1.1780
1627121769037000,1,456.82013000,1.1775
1627121769143000,1,143.17987000,1.1775
1627121769143000,1,56.32496000,1.1773
1627122034772000,1,253.89807000,1.1775
1627122082436000,0,100.99766000,1.1781
1627122094323000,1,249.41749000,1.1775
1627122094368000,0,0.00001000,1.1775
1627122099045000,1,96.68444000,1.1775
1627122099045000,1,93.53932000,1.1773
1627122301636000,1,289.61000000,1.1774
1627122406406000,0,84.81924000,1.1779
1627122453555000,1,310.39000000,1.1774
1627122454781000,1,600.00000000,1.1773
1627122454793000,1,134.45458000,1.1773
1627122631603000,0,252.16250000,1.1779
1627122807681000,1,182.44601000,1.1775
1627123059958000,1,251.97749000,1.1774
1627123063567000,1,252.88498000,1.1774
1627123153350000,1,148.31412000,1.1773
1627123233161000,1,1010.74493000,1.1773
1627123233232000,1,0.00296000,1.1773
1627123233232000,1,379.54787000,1.1773
1627123364581000,1,125.45609000,1.1772
1627123450017000,0,252.81250000,1.1775
1627123470893000,0,135.72808000,1.1775
1627123488519000,1,365.26724000,1.1772
1627123504428000,1,181.80043000,1.1772
1627123506876000,1,181.70075000,1.1772
1627123662950000,0,211.45942000,1.1775
1627123663018000,0,293.54630000,1.1777
1627123663029000,0,1274.55323000,1.1777
1627123663048000,0,600.00000000,1.1777
1627123663048000,0,674.53103000,1.1779
1627123663052000,0,2325.46897000,1.1779
1627123663102000,1,600.00000000,1.1779
1627123663103000,1,74.53103000,1.1779
1627123663188000,0,1274.55323000,1.1777
1627123663217000,0,525.46897000,1.1779
1627123663234000,0,600.00000000,1.1779
1627123663234000,0,674.53103000,1.1779
1627123665236000,0,599.99999000,1.1777
1627123665256000,0,0.00001000,1.1777
1627123665256000,0,1274.55320000,1.1777
1627123665271000,0,0.00003000,1.1777
1627123665271000,0,599.99996000,1.1779
1627123668737000,0,600.00000000,1.1777
1627123668737000,0,1279.08184000,1.1777
1627123668746000,0,0.00001000,1.1777
1627123668746000,0,1274.55320000,1.1777
1627123829776000,1,254.58330000,1.1776
1627124101702000,0,1271.87497000,1.1776
1627124244665000,1,347.03763000,1.1773
1627124358693000,1,851.28512000,1.1772
1627124358792000,1,159.45638000,1.1772
1627124358792000,1,371.98311000,1.1772
1627124359121000,1,1010.74150000,1.1772
1627124359182000,1,426.22758000,1.1772
1627124360483000,0,650.33487000,1.1775
1627124381057000,0,159.40687000,1.1775
1627124443442000,1,288.56057000,1.1772
1627124468066000,1,1010.74150000,1.1771
1627124468129000,1,600.00000000,1.1771
1627124468144000,1,1010.74150000,1.1771
1627124468178000,1,1010.74150000,1.1770
1627124468181000,1,3000.00000000,1.1770
1627124468228000,1,1010.74150000,1.1770
1627124468228000,1,1010.74150000,1.1769
1627124468239000,1,1010.74150000,1.1769
1627124468258000,1,1010.74150000,1.1768
1627124482639000,0,307.94326000,1.1771
1627124510692000,1,259.53484000,1.1770
1627124521439000,1,307.93999000,1.1770
1627124526985000,1,32.52517000,1.1770
1627124537689000,0,127.59336000,1.1771
1627124537710000,0,0.00001000,1.1771
1627124538572000,0,100.07058000,1.1772
1627124588465000,0,588.46353000,1.1772
1627124609387000,1,133.45438000,1.1770
1627124631633000,0,533.17089000,1.1772
1627124634123000,1,120.79394000,1.1770
1627124639310000,1,145.19853000,1.1770
1627124649505000,1,108.80421000,1.1770
1627124657721000,1,91.74894000,1.1770
1627124657721000,1,441.87604000,1.1768
1627124669718000,1,399.60532000,1.1768
1627124672372000,1,200.39467000,1.1768
1627124672415000,0,127.59337000,1.1774
1627124672415000,0,38.43425000,1.1774
1627124688526000,0,200.46987000,1.1774
1627124695307000,0,266.48500000,1.1774
1627124712155000,1,110.15326000,1.1770
1627124718635000,1,137.26325000,1.1770
1627124798539000,0,108.42885000,1.1772
1627124821561000,0,265.00250000,1.1773
1627124821580000,0,209.86040000,1.1773
1627124830459000,0,127.63049000,1.1773
1627124909004000,1,182.03865000,1.1770
1627124932056000,1,139.97690000,1.1770
1627125054010000,0,25.76645000,1.1773
1627125057979000,1,262.70748000,1.1768
1627125066792000,1,190.38470000,1.1768
1627125089088000,0,108.22568000,1.1773
1627125099326000,0,375.79060000,1.1773
1627125214521000,1,202.45598000,1.1770
1627125235886000,0,600.00000000,1.1774
1627125235895000,0,627.22336000,1.1776
1627125236328000,0,583.95651000,1.1776
1627125265294000,1,130.79291000,1.1770
1627125265413000,0,129.67706000,1.1770
1627125333596000,0,108.46136000,1.1773
1627125355832000,0,491.53864000,1.1773
1627125358439000,0,648.36664000,1.1773
1627125360036000,0,600.00000000,1.1773
1627125360036000,0,5000.00000000,1.1773
1627125373244000,0,600.00000000,1.1773
1627125390087000,0,261.70403000,1.1774
1627125395563000,0,56.57613000,1.1774
1627125450285000,1,1010.72720000,1.1767
1627125450384000,1,39.99813000,1.1767
1627125450384000,1,381.22150000,1.1767
1627125517769000,0,104.90585000,1.1767
1627125672624000,1,254.83748000,1.1768
1627125837959000,1,253.34028000,1.1773
1627125843152000,0,253.34793000,1.1773
1627125885227000,1,600.00000000,1.1770
1627126017547000,0,253.30500000,1.1774
1627126062204000,0,253.20200000,1.1774
1627126062476000,0,253.20200000,1.1774
1627126067554000,0,253.21052000,1.1774
1627126114671000,0,103.88189000,1.1774
1627126134997000,0,906.98446000,1.1774
1627126262464000,0,253.07246000,1.1774
1627126270924000,0,252.86250000,1.1774
1627126388369000,0,103.88189000,1.1767
1627126398995000,1,210.44339000,1.1767
1627126511328000,1,255.11800000,1.1767
1627126528828000,1,134.43861000,1.1767
1627126552289000,1,135.09308000,1.1767
1627126694237000,1,6625.82999000,1.1770
1627126718368000,1,1062.11869000,1.1770
1627126870662000,1,252.85998000,1.1770
1627126925559000,1,324.44512000,1.1770
1627127076565000,1,205.00147000,1.1769
1627127118638000,1,767.84819000,1.1769
1627127119070000,1,406.20020000,1.1769
1627127178494000,1,251.39498000,1.1769
1627127345159000,1,212.16361000,1.1768
1627127463983000,1,359.30383000,1.1769
1627127468517000,1,1005.49998000,1.1769
1627127509548000,1,600.00000000,1.1767
1627127509602000,1,150.51113000,1.1767
1627128642128000,1,390.27467000,1.1767
1627128674836000,1,604.46000000,1.1767
1627129049715000,0,3658.25998000,1.1767
1627129051725000,0,9999.99998000,1.1767
1627129248227000,1,128.38441000,1.1766
1627129329878000,1,249.58249000,1.1766
1627129347468000,0,3663.71998000,1.1767
1627129350179000,0,234.79500000,1.1767
1627129350179000,0,2647.08808000,1.1767
1627129353853000,1,632.76249000,1.1766
1627129358644000,0,249.92000000,1.1765
1627129361063000,0,250.18500000,1.1765
1627129363321000,0,250.31447000,1.1765
1627129380403000,0,28.73713000,1.1771
1627129414535000,1,157.60119000,1.1765
1627129475534000,1,184.00000000,1.1765
1627130035034000,0,2051.91891000,1.1771
1627130236375000,0,246.41672000,1.1770
1627130578600000,1,245.53996000,1.1765
1627130578600000,1,15.16394000,1.1765
1627130617776000,1,116.66542000,1.1770
1627130620982000,0,230.37604000,1.1770
1627131121133000,0,145.53444000,1.1765
1627131121133000,0,169.51149000,1.1765
1627131178715000,0,245.45000000,1.1766
1627131183116000,1,1010.73267000,1.1765
1627131297274000,0,244.51750000,1.1770
1627131337539000,0,800.41495000,1.1770
1627131441581000,0,345.01184000,1.1767
1627131445548000,0,193.65426000,1.1767
1627131451917000,0,271.77720000,1.1767
1627131745166000,0,149.79726000,1.1764
1627132156634000,1,465.01999000,1.1764
1627132344326000,1,1010.73740000,1.1764
1627132518253000,1,2380.48698000,1.1763
1627132629129000,1,1010.73740000,1.1763
1627132633851000,1,1010.73740000,1.1762
1627132638031000,0,1043.21616000,1.1761
1627132646645000,0,9580.97693000,1.1761
1627132815233000,1,1010.75148000,1.1761
1627133141480000,1,409.43256000,1.1760
1627133159093000,1,600.00000000,1.1758
1627133159117000,1,912.94778000,1.1757
1627133161692000,1,381.44109000,1.1759
1627133429166000,0,225.69000000,1.1761
1627133599325000,0,599.99999000,1.1762
1627133599344000,0,0.00001000,1.1762
1627133599344000,0,167.66471000,1.1764
1627133635732000,0,203.20028000,1.1765
1627133642142000,0,100.81557000,1.1766
1627133661616000,0,558.71038000,1.1766
1627133756972000,0,124.07370000,1.1759
1627134189312000,1,101.23483000,1.1759
1627134189312000,1,145.82765000,1.1759
1627134259763000,0,101.23483000,1.1759
1627134333829000,1,402.86293000,1.1759
1627134339164000,1,607.74019000,1.1758
1627134917487000,0,560.96858000,1.1761
1627135137360000,1,386.98229000,1.1758
1627135142259000,0,4831.19846000,1.1765
1627135142320000,0,600.00000000,1.1766
1627135142320000,0,2400.00000000,1.1766
1627135142358000,0,600.00000000,1.1766
1627135142358000,0,39.02135000,1.1766
1627135142358000,0,607.98393000,1.1768
1627135142386000,0,245.00000000,1.1768
1627135142519000,1,600.00000000,1.1766
1627135143402000,0,1827.22451000,1.1766
1627135143417000,0,221.93861000,1.1766
1627135143768000,0,575.95133000,1.1766
1627135143775000,0,374.88555000,1.1766
1627135143775000,0,25.52183000,1.1766
1627135143834000,0,196.41677000,1.1766
1627135166524000,0,244.99999000,1.1769
1627135166529000,0,853.25001000,1.1769
1627135166761000,1,244.99998000,1.1769
1627135209427000,1,67.19860000,1.1760
1627135373669000,1,72.05715000,1.1760
1627135373744000,1,375.58046000,1.1760
1627135521230000,1,1600.05487000,1.1761
1627135604987000,1,301.37807000,1.1762
1627135625152000,0,175.29749000,1.1767
1627135729090000,1,248.06381000,1.1761
1627135818858000,0,21.48251000,1.1769
1627135818858000,0,0.00001000,1.1770
1627135818858000,0,143.06896000,1.1770
1627135933685000,0,3868.13394000,1.1767
1627135973622000,0,793.73353000,1.1770
1627135973842000,0,245.00000000,1.1770
1627135973846000,0,548.70222000,1.1770
1627135981105000,0,244.99999000,1.1770
1627135981121000,0,141.39007000,1.1770
1627136019732000,0,540.11852000,1.1770
1627136029384000,0,7.32567000,1.1770
1627136029384000,0,237.67432000,1.1770
1627136029478000,0,7.32568000,1.1770
1627136029478000,0,798.53083000,1.1770
1627136029494000,0,212.24285000,1.1770
1627136029562000,1,237.67431000,1.1770
1627136029657000,0,207.40617000,1.1770
1627136029792000,0,803.36750000,1.1770
1627136029822000,0,0.00001000,1.1770
1627136029822000,0,806.70206000,1.1771
1627136030538000,0,244.99999000,1.1770
1627136030550000,0,0.00001000,1.1770
1627136030550000,0,204.07160000,1.1771
1627136030564000,0,0.00002000,1.1771
1627136030564000,0,567.68989000,1.1771
1627136030650000,0,443.08379000,1.1771
1627136030650000,0,567.68988000,1.1772
1627136030669000,0,443.08380000,1.1772
1627136030669000,0,832.33647000,1.1772
1627136030692000,0,443.08381000,1.1772
1627136030692000,0,567.68986000,1.1772
1627136030729000,0,443.08382000,1.1772
1627136030729000,0,567.68985000,1.1773
1627136030730000,0,443.08383000,1.1773
1627136030730000,0,308.91616000,1.1773
1627136030744000,0,443.08384000,1.1773
1627136030744000,0,832.26523000,1.1774
1627136030761000,0,395.61736000,1.1774
1627136035360000,1,85.25351000,1.1770
1627136179465000,1,385.15252000,1.1765
1627136182959000,1,76.08400000,1.1772
1627136182985000,1,0.00039000,1.1772
1627136256847000,1,198.30203000,1.1767
1627136289232000,1,284.12973000,1.1768
1627136289232000,1,442.74525000,1.1768
1627136818528000,1,364.29506000,1.1765
1627136818855000,1,34.40780000,1.1765
1627136841675000,1,252.99998000,1.1765
1627136843878000,1,209.96984000,1.1765
1627136900356000,1,121.48952000,1.1765
1627136915234000,0,115.20955000,1.1765
1627136915234000,0,101.87592000,1.1765
1627136924412000,0,143.29762000,1.1773
1627137104977000,1,258.02999000,1.1765
1627137141795000,0,257.26218000,1.1773
1627137154421000,1,424.82131000,1.1765
1627137351756000,0,964.28117000,1.1772
1627137402657000,1,167.44548000,1.1766
1627137403208000,1,432.55452000,1.1766
1627137403318000,1,600.00000000,1.1765
1627137403336000,1,1010.77411000,1.1765
1627137403350000,1,1010.77411000,1.1764
1627137403359000,1,1010.77411000,1.1763
1627137403369000,1,1274.98667000,1.1763
1627137403405000,1,595.43624000,1.1762
1627137413124000,1,219.79817000,1.1766
1627137413207000,1,380.20183000,1.1766
1627137413207000,1,1634.26321000,1.1765
1627137420981000,1,217.08547000,1.1765
1627137420981000,1,155.92213000,1.1765
1627137423255000,1,600.00000000,1.1765
1627137423259000,1,2636.64060000,1.1763
1627137822012000,0,600.00000000,1.1768
1627137822012000,0,334.28584000,1.1768
1627137830378000,0,257.36098000,1.1768
1627137888452000,1,600.00000000,1.1763
1627137888514000,1,413.72443000,1.1761
1627137888574000,0,256.66021000,1.1763
1627137900384000,0,201.19360000,1.1768
1627137948843000,0,600.00000000,1.1770
1627137948862000,0,279.10868000,1.1770
1627137956705000,0,191.70130000,1.1770
1627137961863000,0,103.37204000,1.1769
1627138074325000,0,26.39963000,1.1769
1627138092231000,0,253.54519000,1.1769
1627138136175000,0,216.68314000,1.1769
1627138158257000,1,105.75279000,1.1768
1627138164350000,0,223.62712000,1.1771
1627138164712000,0,281.85703000,1.1771
1627138169092000,0,386.02466000,1.1771
1627138207487000,0,255.46482000,1.1771
1627138267802000,0,253.77994000,1.1770
1627138372422000,0,102.37714000,1.1770
1627138471646000,1,588.49167000,1.1763
1627138483638000,0,106.89409000,1.1763
1627138659150000,0,278.92008000,1.1768
1627138701698000,0,252.36499000,1.1769
1627139130336000,0,424.11058000,1.1769
1627139135812000,0,424.12611000,1.1769
1627139871286000,0,250.53000000,1.1769
1627140323960000,1,8495.96017000,1.1770
1627140541566000,1,205.00781000,1.1769
1627140615195000,1,295.27835000,1.1761
1627140914737000,0,103.90458000,1.1770
1627141065037000,0,101.02776000,1.1769
1627141266330000,1,1210.26999000,1.1761
1627141271360000,0,1272.38259000,1.1768
1627141330196000,1,187.31960000,1.1762
1627141386424000,0,385.50786000,1.1766
1627141402096000,0,996.88566000,1.1767
1627141417514000,0,222.20930000,1.1765
1627141716940000,1,392.21496000,1.1761
1627141786575000,0,145.05776000,1.1766
1627141802937000,0,248.23671000,1.1764
1627141803031000,0,7043.21377000,1.1764
1627141899686000,0,892.09519000,1.1768
1627141912084000,0,2862.93999000,1.1768
1627141929683000,0,1275.33489000,1.1768
1627141997797000,1,247.26499000,1.1768
1627142120612000,1,774.22326000,1.1761
1627142125061000,1,806.91981000,1.1762
1627142127703000,1,770.98526000,1.1762
1627142649172000,1,176.53579000,1.1768
1627142767555000,0,0.00001000,1.1768
1627142767555000,0,248.12643000,1.1768
1627142858299000,0,127.00244000,1.1767
1627142866103000,0,23.24290000,1.1766
1627142928231000,0,834.10243000,1.1767
1627143074966000,0,102.20431000,1.1767
1627143131439000,1,144.46274000,1.1761
1627143132026000,1,3541.62969000,1.1761
1627143232813000,0,71.77198000,1.1767
1627143517125000,0,212.07115000,1.1767
1627143547053000,0,0.00001000,1.1767
1627143547053000,0,215.90692000,1.1767
1627143624113000,1,207.96773000,1.1763
1627143795094000,0,193.53852000,1.1769
1627143823259000,0,1081.67735000,1.1769
1627143823282000,0,1275.24321000,1.1770
1627143823318000,0,1010.78904000,1.1771
1627143823340000,0,1010.78904000,1.1772
1627143823345000,0,1010.78904000,1.1769
1627143823352000,0,264.42683000,1.1769
1627143823352000,0,746.36221000,1.1772
1627143823372000,0,144.62232000,1.1772
1627143823418000,0,119.80451000,1.1772
1627143823418000,0,890.98453000,1.1773
1627143823431000,0,119.80451000,1.1773
1627143823431000,0,144.62232000,1.1774
1627143823431000,0,37.50000000,1.1774
1627143823431000,0,1010.78904000,1.1774
1627143823431000,0,812.50390000,1.1775
1627143827136000,0,251.23838000,1.1769
1627143833000000,0,1023.97749000,1.1769
1627143833012000,0,1275.24321000,1.1770
1627143833028000,0,1312.71587000,1.1775
1627143833139000,0,1010.78904000,1.1769
1627143833489000,0,264.42682000,1.1769
1627143833595000,0,0.00001000,1.1769
1627143833595000,0,1010.78902000,1.1775
1627143833606000,0,0.00002000,1.1775
1627143833606000,0,1010.78901000,1.1776
1627143917906000,1,116.03185000,1.1768
1627144080387000,0,994.05193000,1.1770
1627144080762000,1,231.15979000,1.1770
1627144310135000,1,424.55640000,1.1768
1627144521530000,1,139.65336000,1.1768
1627144718624000,1,405.11555000,1.1768
1627144803108000,1,248.43427000,1.1768
1627144818938000,1,108.77830000,1.1768
1627145387849000,0,9999.99998000,1.1770
1627145390663000,0,125.72203000,1.1770
1627145425126000,1,7438.26483000,1.1768
1627145541644000,1,1010.80089000,1.1767
1627145697476000,1,1717.60999000,1.1768
1627145774119000,1,116.07999000,1.1768
1627146008493000,1,1065.39440000,1.1768
1627146013723000,1,1619.14541000,1.1768
1627146104038000,1,102.42643000,1.1767
1627146114038000,1,118.58640000,1.1767
1627146187142000,1,105.15469000,1.1767
1627146552050000,0,249.26999000,1.1773
1627146585027000,1,269.54000000,1.1768
1627146854226000,1,392.88870000,1.1768
1627146914082000,1,407.65952000,1.1768
1627146998902000,1,247.72498000,1.1767
1627147031557000,1,891.79454000,1.1767
1627147066913000,1,406.62869000,1.1767
1627147138319000,1,381.29778000,1.1767
1627147138584000,1,1047.49723000,1.1767
1627147230337000,1,1270.66572000,1.1767
1627147679627000,1,70.32601000,1.1767
1627148328905000,0,127.56575000,1.1771
1627148429762000,1,751.91957000,1.1767
1627148667424000,0,248.92500000,1.1770
1627148711811000,0,130.82139000,1.1770
1627149314797000,1,100.41663000,1.1767
1627149647248000,1,297.51576000,1.1771
1627149666299000,0,158.29361000,1.1771
1627150426778000,1,1271.13210000,1.1769
1627150881510000,1,388.00929000,1.1769
1627150903370000,1,194.86018000,1.1769
1627150903657000,1,979.99998000,1.1769
1627150912795000,1,403.81990000,1.1769
1627150914768000,1,183.08008000,1.1769
1627150938818000,1,782.65345000,1.1768
1627150938897000,1,250.23003000,1.1768
1627151211361000,1,348.07041000,1.1773
1627151211502000,1,1275.39780000,1.1773
1627151211553000,1,85.71600000,1.1773
1627151211921000,1,1330.92482000,1.1773
1627151231585000,0,105.97696000,1.1773
1627151469713000,0,653.39331000,1.1771
1627151488722000,0,96.80277000,1.1771
1627151488722000,0,1178.70258000,1.1771
1627151506589000,0,23.78055000,1.1771
1627151522456000,0,31.42430000,1.1771
1627151571869000,1,139.05198000,1.1767
1627151571948000,1,732.69786000,1.1767
1627151572152000,1,139.05198000,1.1767
1627151572152000,1,162.38397000,1.1767
1627151664403000,1,243.79748000,1.1767
1627151691409000,1,200.96722000,1.1767
1627151692684000,1,155.23530000,1.1767
1627151692752000,1,1361.48868000,1.1766
1627151693312000,1,600.00000000,1.1766
1627151693326000,1,463.89161000,1.1766
1627151697803000,1,398.50669000,1.1766
1627151831758000,1,106.29298000,1.1771
1627151846288000,0,574.47471000,1.1771
1627151846343000,0,25.52529000,1.1771
1627151846343000,0,41.59792000,1.1771
1627151846343000,0,88.43000000,1.1772
1627151846343000,0,72.20648000,1.1772
1627152076711000,0,354.45941000,1.1771
1627152340473000,1,472.56981000,1.1766
1627152592775000,1,304.45387000,1.1766
1627152615972000,1,56.80655000,1.1765
1627152641292000,0,36.39182000,1.1766
1627152744241000,1,240.34748000,1.1765
1627152757393000,0,72.57500000,1.1771
1627152757393000,0,167.87419000,1.1771
1627152802181000,0,720.35250000,1.1771
1627152802181000,0,1107.68022000,1.1771
1627152802181000,0,1753.18000000,1.1772
1627152802181000,0,1275.39780000,1.1773
1627152802181000,0,587.62677000,1.1774
1627153046490000,0,241.28110000,1.1773
1627153332590000,0,106.28284000,1.1773
1627154704149000,0,206.79528000,1.1772
1627154710691000,1,28.24796000,1.1767
1627154722294000,1,236.20499000,1.1767
1627154875537000,1,335.54704000,1.1767
1627154986815000,0,302.98600000,1.1772
1627155086778000,0,237.17315000,1.1772
1627155090594000,0,905.90991000,1.1772
1627155099043000,1,32.75419000,1.1768
1627155218662000,1,30.95316000,1.1767
1627155497844000,0,178.50822000,1.1773
1627155518057000,0,1096.91199000,1.1773
1627155518057000,0,1010.80611000,1.1775
1627155518057000,0,1275.23931000,1.1776
1627155518057000,0,1010.80611000,1.1776
1627155518057000,0,0.00003000,1.1777
1627155518057000,0,1010.80611000,1.1777
1627155518057000,0,1010.80611000,1.1778
1627155518057000,0,224.16186000,1.1778
1627156012832000,1,212.44953000,1.1770
1627156013831000,1,600.00000000,1.1770
1627156026568000,1,155.41999000,1.1770
1627156037635000,1,444.58001000,1.1770
1627156042205000,1,187.06609000,1.1769
1627156042233000,1,412.93391000,1.1769
1627156064628000,1,600.00000000,1.1770
1627156066928000,1,3000.00000000,1.1769
1627156067395000,0,145.70045000,1.1776
1627156073928000,1,600.00000000,1.1769
1627156075239000,1,600.00000000,1.1769
1627156087627000,0,600.00000000,1.1775
1627156109430000,1,600.00000000,1.1769
1627156115990000,0,153.48341000,1.1775
1627156145018000,0,446.51659000,1.1775
1627156145095000,0,487.64036000,1.1775
1627156150324000,1,600.00000000,1.1769
1627156160596000,1,383.46321000,1.1769
1627156186559000,1,645.67579000,1.1769
1627156201731000,1,54.28419000,1.1769
1627156242299000,1,233.55248000,1.1770
1627156252506000,1,366.44752000,1.1770
1627156349154000,1,136.47315000,1.1770
1627156455559000,1,463.52684000,1.1770
1627157293547000,1,211.77320000,1.1770
1627157476418000,1,127.65486000,1.1769
1627157533715000,1,144.12919000,1.1769
1627157547617000,1,328.21595000,1.1769
1627157653736000,1,212.41343000,1.1768
1627157773849000,1,143.53092000,1.1768
1627157779884000,1,125.07334000,1.1768
1627157834557000,1,387.70921000,1.1767
1627157836528000,1,234.40998000,1.1767
1627157848625000,1,186.74492000,1.1768
1627157851519000,1,824.07833000,1.1768
1627157851548000,1,1010.82325000,1.1767
1627157851598000,1,1010.82325000,1.1767
1627157851615000,1,1989.17675000,1.1767
1627157851626000,1,1010.82325000,1.1767
1627157851633000,1,143.65370000,1.1767
1627157851637000,1,456.34630000,1.1767
1627157851781000,0,143.65370000,1.1767
1627157852782000,0,93.32000000,1.1767
1627157853789000,0,1010.82325000,1.1767
1627157854588000,0,2209.93200000,1.1767
1627157855386000,0,2643.08300000,1.1767
1627157872432000,0,600.00000000,1.1768
1627158014076000,0,212.35983000,1.1772
1627158014464000,0,162.01092000,1.1772
1627158134041000,0,212.35983000,1.1772
1627158237013000,0,13.26942000,1.1772
1627158237013000,0,135.58558000,1.1775
1627158237037000,0,13.26942000,1.1775
1627158237037000,0,502.87724000,1.1775
1627158242443000,0,600.00000000,1.1774
1627158242443000,0,65.02182000,1.1775
1627158501793000,0,66.54016000,1.1775
1627158647463000,0,343.67538000,1.1775
1627158794297000,0,212.29311000,1.1776
1627158835563000,0,368.13672000,1.1776
1627159034391000,0,212.28950000,1.1776
1627159154475000,0,212.28950000,1.1776
1627159274555000,0,212.28950000,1.1776
1627159514763000,0,212.28950000,1.1776
1627159634922000,0,213.06530000,1.1776
1627159754927000,0,212.28770000,1.1776
1627159995018000,0,212.28770000,1.1776
1627160125764000,1,362.86669000,1.1771
1627160239209000,1,232.13482000,1.1771
1627160388993000,0,192.88173000,1.1776
1627160425438000,1,125.44670000,1.1776
1627160457409000,1,25.10000000,1.1774
1627160607135000,0,33.54384000,1.1777
1627160942975000,1,26.67760000,1.1773
1627161259243000,1,24.69893000,1.1773
1627161262514000,1,599.99992000,1.1773
1627161265823000,1,568.03571000,1.1773
1627161322526000,1,536.81000000,1.1770
1627161581581000,0,188.53274000,1.1774
1627161582141000,0,365.37649000,1.1774
1627161588174000,0,277.63439000,1.1777
1627161631133000,1,233.27595000,1.1772
1627161735774000,0,212.45830000,1.1777
1627161742588000,1,256.01680000,1.1772
1627161797591000,0,106.85861000,1.1774
1627161841648000,0,3000.00000000,1.1775
1627161860638000,0,3000.00000000,1.1774
1627161934331000,0,600.00000000,1.1775
1627162011180000,1,456.76985000,1.1771
1627162037734000,0,77.77000000,1.1776
1627162085939000,0,600.00000000,1.1777
1627162095555000,0,212.31934000,1.1777
1627162095635000,1,103.34808000,1.1771
1627162215613000,0,212.32317000,1.1777
1627162755765000,0,175.35749000,1.1777
1627162799736000,0,600.00000000,1.1777
1627163086559000,0,583.29000000,1.1777
1627163086559000,0,600.00000000,1.1777
1627163298684000,0,98.28000000,1.1777
1627163358475000,1,267.19424000,1.1773
1627163370822000,1,261.61608000,1.1773
1627163469921000,1,71.18968000,1.1773
1627163469921000,1,169.75404000,1.1771
1627163567250000,1,238.57248000,1.1771
1627164120809000,1,111.30301000,1.1771
1627164153108000,0,600.00000000,1.1777
1627164153111000,0,632.49386000,1.1777
1627164153289000,1,171.65961000,1.1777
1627164153533000,1,95.70329000,1.1777
1627164179071000,0,233.79043000,1.1777
1627164218893000,1,66.65263000,1.1773
1627164234763000,1,533.34737000,1.1773
1627164491600000,1,143.76013000,1.1771
1627164664031000,1,120.14954000,1.1771
1627164762257000,1,336.09033000,1.1771
1627164825398000,1,167.66236000,1.1771
1627164899040000,1,120.19449000,1.1777
1627165482344000,0,474.74849000,1.1777
1627166583896000,1,600.00000000,1.1772
1627167270206000,0,125.25151000,1.1777
1627167270369000,1,121.35837000,1.1777
1627167503468000,1,3321.70565000,1.1774
1627167720125000,1,53.49330000,1.1775
1627167743531000,1,60.00042000,1.1775
1627167795168000,1,173.67311000,1.1775
1627167796726000,1,9415.41999000,1.1775
1627169874958000,0,366.31000000,1.1777
1627170252644000,0,233.69000000,1.1777
1627170252944000,0,132.09000000,1.1777
1627170253640000,0,878.74426000,1.1777
1627170256051000,0,600.00000000,1.1778
1627170263439000,0,600.00000000,1.1778
1627170327764000,0,599.99999000,1.1778
1627170375152000,0,0.00001000,1.1778
1627170376769000,0,1010.83426000,1.1778
1627170400779000,0,0.00004000,1.1779
1627170400779000,0,153.98326000,1.1779
1627170418648000,0,29.00151000,1.1779
1627170462433000,0,827.84949000,1.1779
1627170465035000,0,1010.84563000,1.1779
1627170527755000,0,774.64252000,1.1781
1627170527879000,0,236.19173000,1.1781
1627170788373000,0,264.46327000,1.1782
