timestamp ms,type,amount,price
1621900903704000,0,1173.22000000,1.22
1621900928951000,0,1275.37000000,1.22
1621900940470000,0,205.51098000,1.22
1621900940480000,0,204.70650000,1.22
1621900992164000,0,1228.13000000,1.22
1621900992171000,0,1771.87000000,1.22
1621900992657000,0,1228.07377000,1.22
1621900994111000,0,1225.49098000,1.22
1621900994244000,1,853.57504000,1.22
1621900994419000,1,1144.18146000,1.22
1621901009809000,0,6.58335000,1.22
1621901009809000,0,19.39745000,1.22
1621901015194000,0,290.86030000,1.22
1621901107385000,1,389.89092000,1.22
1621901163819000,0,18.85926000,1.22
1621901163819000,0,1791.23074000,1.22
1621901236603000,0,657.83000000,1.22
1621901236603000,0,14.49615000,1.22
1621901304092000,0,642.76431000,1.22
1621901557244000,1,537.66024000,1.22
1621901608062000,1,109.79453000,1.22
1621901608062000,1,109.79453000,1.22
1621901608062000,1,109.79453000,1.22
1621901637682000,0,578.18551000,1.22
1621901637691000,0,649.94355000,1.22
1621901637723000,0,0.00001000,1.22
1621901637723000,0,649.87965000,1.22
1621901667571000,0,578.25444000,1.22
1621901693194000,0,0.00001000,1.22
1621901693194000,0,251.49450000,1.22
1621901693204000,0,408.02252000,1.22
1621901714390000,0,251.58338000,1.22
1621901714466000,1,408.02200000,1.22
1621901714702000,0,202.69177000,1.22
1621901715011000,0,102.61618000,1.22
1621901715070000,0,503.68408000,1.22
1621901715093000,0,159.36479000,1.22
1621901715093000,0,808.99203000,1.22
1621901715168000,0,159.36479000,1.22
1621901715168000,0,968.35682000,1.22
1621901715168000,0,2453.20831000,1.22
1621901715288000,0,968.35682000,1.22
1621901715296000,0,159.36479000,1.22
1621901715296000,0,808.99203000,1.22
1621901715330000,0,159.36479000,1.22
1621901715330000,0,513.12184000,1.22
1621901715338000,1,311.00000000,1.22
1621901715482000,0,23.62800000,1.22
1621901715490000,0,0.00098000,1.22
1621901716057000,1,968.35682000,1.22
1621901718350000,0,276.29038000,1.22
1621901718351000,0,438.64144000,1.22
1621901718351000,0,529.71538000,1.22
1621901718529000,1,115.90600000,1.22
1621901768205000,0,980.88643000,1.22
1621901796456000,1,360.46330000,1.22
1621901798841000,1,156.19515000,1.22
1621901911060000,0,271.54096000,1.22
1621901966857000,1,820.24463000,1.22
1621902022448000,0,308.17958000,1.22
1621902250486000,1,313.33543000,1.22
1621902319375000,0,20.50344000,1.22
1621902446477000,1,600.00000000,1.22
1621902446500000,1,1415.35998000,1.22
1621902452113000,0,571.41129000,1.22
1621902505249000,1,600.00000000,1.22
1621902505284000,1,3000.00000000,1.22
1621902505371000,1,600.00000000,1.22
1621902505371000,1,627.87272000,1.22
1621902505389000,1,600.00000000,1.22
1621902505389000,1,600.07036000,1.22
1621902505400000,1,911.63372000,1.22
1621902505496000,1,311.00000000,1.22
1621902505504000,0,27.87272000,1.22
1621902505505000,1,1200.07036000,1.22
1621902505505000,1,289.00000000,1.22
1621902505505000,1,259.60632000,1.22
1621902528450000,1,437.00684000,1.22
1621902576907000,1,262.61236000,1.22
1621902576954000,1,297.88674000,1.22
1621902577046000,1,545.60156000,1.22
1621902577048000,1,384.45478000,1.22
1621902577049000,0,315.12217000,1.22
1621902577049000,0,212.01452000,1.22
1621902627749000,1,306.96507000,1.22
1621902806134000,0,160.90694000,1.22
1621902806134000,0,505.24083000,1.22
1621902822453000,0,908.11316000,1.22
1621902921318000,1,505.30015000,1.22
1621902921318000,1,94.69985000,1.22
1621903008176000,0,204.69524000,1.22
1621903264839000,1,100.88000000,1.22
1621903277818000,1,101.80571000,1.22
1621903279725000,1,101.80571000,1.22
1621903281315000,1,109.97710000,1.22
1621903282653000,1,94.80870000,1.22
1621903282653000,1,1.19360000,1.22
1621903288909000,1,519.49826000,1.22
1621903368399000,0,204.67347000,1.22
1621903368721000,1,204.67347000,1.22
1621903488428000,0,204.67346000,1.22
1621903488789000,1,204.74853000,1.22
1621903488789000,1,8.06492000,1.22
1621903672664000,0,271.45135000,1.22
1621903672666000,0,172.69999000,1.22
1621903673090000,0,172.92733000,1.22
1621903739369000,0,36.01910000,1.22
1621904089124000,0,204.63660000,1.22
1621904209097000,0,22.51340000,1.22
1621904209097000,0,182.11482000,1.22
1621904320575000,0,148.00149000,1.22
1621904329485000,0,203.93029000,1.22
1621904569599000,0,169.32000000,1.22
1621904569599000,0,35.28142000,1.22
1621904689868000,0,204.59807000,1.22
1621905050067000,0,204.59807000,1.22
1621905089378000,0,384.11640000,1.22
1621905091303000,0,324.51746000,1.22
1621905091303000,0,799.76983000,1.22
1621905091303000,0,1251.91000000,1.22
1621905170212000,0,18.87195000,1.22
1621905170212000,0,18.87102000,1.22
1621905170212000,0,166.43200000,1.22
1621905290265000,0,18.87009000,1.22
1621905290265000,0,18.92568000,1.22
1621905290265000,0,18.86916000,1.22
1621905290265000,0,18.92475000,1.22
1621905290265000,0,128.91801000,1.22
1621905410471000,0,204.46066000,1.22
1621905530778000,0,18.86823000,1.22
1621905530778000,0,18.92381000,1.22
1621905530778000,0,166.70227000,1.22
1621905540009000,1,388.90101000,1.22
1621905651052000,0,204.51605000,1.22
1621905670052000,0,272.35457000,1.22
1621905771352000,0,204.02869000,1.22
1621906011320000,0,204.51104000,1.22
1621906028470000,0,203.61000000,1.22
1621906131656000,0,204.52777000,1.22
1621906201833000,0,1575.95541000,1.22
1621906214504000,1,319.13122000,1.22
1621906251609000,0,204.52777000,1.22
1621906256530000,1,21.46789000,1.22
1621906274646000,0,85.07054000,1.22
1621906371655000,0,204.51940000,1.22
1621906612094000,0,204.51104000,1.22
1621906931492000,0,18.86731000,1.22
1621906931492000,0,18.92288000,1.22
1621906931492000,0,600.11929000,1.22
1621907452312000,0,18.86638000,1.22
1621907452312000,0,18.92194000,1.22
1621907452312000,0,18.86545000,1.22
1621907452312000,0,18.92101000,1.22
1621907452312000,0,128.89239000,1.22
1621907552543000,0,233.24333000,1.22
1621907692409000,0,202.27067000,1.22
1621907775617000,0,287.02600000,1.22
1621907799974000,0,1416.59999000,1.22
1621907893978000,1,101.41005000,1.22
1621908018805000,1,106.89225000,1.22
1621908020036000,1,106.89225000,1.22
1621908052906000,0,203.75218000,1.22
1621908055156000,1,102.94807000,1.22
1621908070890000,1,108.76547000,1.22
1621908072032000,1,108.76547000,1.22
1621908080415000,1,109.34227000,1.22
1621908089440000,1,109.89864000,1.22
1621908090531000,1,109.89864000,1.22
1621908091940000,1,109.89864000,1.22
1621908130483000,1,102.23123000,1.22
1621908131898000,1,102.23123000,1.22
1621908136368000,1,317.89749000,1.22
1621908219087000,1,100.02624000,1.22
1621908387165000,0,580.21380000,1.22
1621908554083000,1,0.00001000,1.22
1621908554083000,1,149.29436000,1.22
1621908555302000,1,149.29437000,1.22
1621908556533000,1,159.88578000,1.22
1621908557847000,1,159.88578000,1.22
1621908558911000,1,159.88578000,1.22
1621908559992000,1,130.70245000,1.22
1621908561115000,1,130.70245000,1.22
1621908562253000,1,106.84584000,1.22
1621908563375000,1,106.84584000,1.22
1621908756956000,1,391.40757000,1.22
1621908757114000,1,0.00322000,1.22
1621908757114000,1,647.00262000,1.22
1621909013246000,1,204.55120000,1.22
1621909034670000,0,374.15161000,1.22
1621909144698000,0,139.51829000,1.22
1621909908975000,1,112.72458000,1.22
1621909918577000,0,1139.99998000,1.22
1621909918745000,0,1139.99998000,1.22
1621909918954000,0,445.79002000,1.22
1621909919062000,1,1025.74033000,1.22
1621910093225000,0,204.54637000,1.22
1621910213275000,0,204.57259000,1.22
1621910328461000,0,99.60309000,1.22
1621910473875000,1,104.15181000,1.22
1621910483932000,1,109.66309000,1.22
1621910488933000,1,114.16868000,1.22
1621910491043000,1,266.13499000,1.22
1621910492118000,1,217.57733000,1.22
1621910573382000,0,104.15000000,1.22
1621910693442000,0,204.59473000,1.22
1621910813503000,0,204.59473000,1.22
1621911053813000,0,203.81914000,1.22
1621911097365000,1,429.99997000,1.22
1621911476345000,1,146.23907000,1.22
1621911477429000,1,119.56178000,1.22
1621911478739000,1,119.56178000,1.22
1621911480121000,1,114.09381000,1.22
1621911481472000,1,114.09381000,1.22
1621911488409000,0,37.50000000,1.22
1621911488409000,0,336.60831000,1.22
1621911626391000,0,372.52474000,1.22
1621911725844000,1,310.02810000,1.22
1621911824984000,1,411.38569000,1.22
1621911826231000,1,411.38569000,1.22
1621911827770000,1,411.38569000,1.22
1621911829050000,1,411.38569000,1.22
1621911830431000,1,411.38569000,1.22
1621911831765000,1,411.38569000,1.22
1621911833071000,1,411.38569000,1.22
1621911834507000,1,336.31548000,1.22
1621911862480000,1,195.37038000,1.22
1621911862600000,1,584.75594000,1.22
1621911923918000,1,967.81619000,1.22
1621911923944000,1,1167.15962000,1.22
1621911924066000,1,328.38536000,1.22
1621911925174000,1,178.61779000,1.22
1621911926300000,1,178.61779000,1.22
1621911927386000,1,178.61779000,1.22
1621911928494000,1,103.74682000,1.22
1621911943924000,1,967.98555000,1.22
1621911943924000,1,1346.85841000,1.22
1621911963670000,1,8652.94505000,1.22
1621911963683000,1,0.19654000,1.22
1621911963683000,1,1226.39662000,1.22
1621911963796000,1,0.38651000,1.22
1621911963796000,1,967.42441000,1.22
1621911963811000,1,0.56114000,1.22
1621911963811000,1,484.16201000,1.22
1621911964244000,1,340.66999000,1.22
1621912004917000,1,1226.78313000,1.22
1621912004917000,1,587.94661000,1.22
1621912005238000,1,967.98555000,1.22
1621912007939000,1,167.83981000,1.22
1621912009013000,1,145.39101000,1.22
1621912011127000,1,118.86631000,1.22
1621912012429000,1,108.46628000,1.22
1621912015246000,0,37.50000000,1.22
1621912015246000,0,37.50000000,1.22
1621912015246000,0,127.54746000,1.22
1621912015646000,1,202.54746000,1.22
1621912019169000,1,128.27368000,1.22
1621912019169000,1,39.56613000,1.22
1621912020919000,1,118.86631000,1.22
1621912135381000,1,204.64408000,1.22
1621912169526000,0,206.69719000,1.22
1621912178724000,0,374.09341000,1.22
1621912183883000,0,1890.02495000,1.22
1621912184192000,1,374.26666000,1.22
1621912184192000,1,67.57187000,1.22
1621912184192000,1,217.88281000,1.22
1621912213547000,0,148.00555000,1.22
1621912255434000,1,204.13334000,1.22
1621912255510000,1,204.62155000,1.22
1621912261521000,1,189.68286000,1.22
1621912261587000,0,245.14014000,1.22
1621912262708000,1,110.33229000,1.22
1621912263978000,1,110.33229000,1.22
1621912265304000,1,110.33229000,1.22
1621912296993000,1,142.62040000,1.22
1621912298109000,1,116.59745000,1.22
1621912310046000,0,248.89000000,1.22
1621912375349000,0,205.06489000,1.22
1621912375551000,1,205.32096000,1.22
1621912375666000,1,205.06489000,1.22
1621912375744000,1,320.77251000,1.22
1621912375746000,1,119.41767000,1.22
1621912375848000,0,492.98961000,1.22
1621912495324000,0,204.63307000,1.22
1621912495643000,1,219.21306000,1.22
1621912495753000,1,204.41504000,1.22
1621912563914000,1,204.95877000,1.22
1621912563914000,1,305.44906000,1.22
1621912624741000,0,204.60795000,1.22
1621912735472000,0,204.61130000,1.22
1621912735815000,1,204.61130000,1.22
1621912739469000,1,204.77321000,1.22
1621912739469000,1,90.97594000,1.22
1621912739471000,1,279.22749000,1.22
1621912739474000,1,190.33653000,1.22
1621912739596000,1,163.51824000,1.22
1621912739596000,1,502.72995000,1.22
1621912739596000,1,179.20004000,1.22
1621912739648000,1,318.51095000,1.22
1621912739648000,1,207.63607000,1.22
1621912797860000,1,251.30326000,1.22
1621912799381000,1,251.30326000,1.22
1621912800714000,1,205.44416000,1.22
1621912802067000,1,205.44416000,1.22
1621912803162000,1,167.95366000,1.22
1621912804231000,1,137.30462000,1.22
1621912839700000,0,1110.39642000,1.22
1621912840216000,0,0.00001000,1.22
1621912840555000,1,968.01989000,1.22
1621912840637000,0,74.50927000,1.22
1621912855475000,0,204.61297000,1.22
1621912856068000,0,204.61297000,1.22
1621912976358000,1,204.65724000,1.22
1621913095840000,0,204.62470000,1.22
1621913096048000,1,0.02572000,1.22
1621913096263000,0,204.62470000,1.22
1621913145269000,0,204.58223000,1.22
1621913145269000,0,171.38337000,1.22
1621913145411000,0,375.62350000,1.22
1621913150027000,1,75.86006000,1.22
1621913196073000,1,102.18430000,1.22
1621913197217000,1,102.18430000,1.22
1621913198345000,1,102.18430000,1.22
1621913216144000,1,204.66323000,1.22
1621913216650000,0,204.66323000,1.22
1621913281308000,1,165.86050000,1.22
1621913282432000,1,38.83857000,1.22
1621913282432000,1,61.16143000,1.22
1621913283547000,1,278.75458000,1.22
1621913284645000,1,278.75458000,1.22
1621913285757000,1,278.75458000,1.22
1621913286882000,1,22.81008000,1.22
1621913286882000,1,77.18992000,1.22
1621913288805000,1,260.50716000,1.22
1621913336880000,0,203.57236000,1.22
1621913456012000,0,204.62470000,1.22
1621913456647000,0,191.40517000,1.22
1621913576022000,0,204.62637000,1.22
1621913576507000,1,204.62637000,1.22
1621913601547000,1,103.84975000,1.22
1621913602787000,1,100.91798000,1.22
1621913696248000,0,204.63475000,1.22
1621913822059000,1,204.63475000,1.22
1621913936374000,0,204.66323000,1.22
1621913970919000,0,374.35163000,1.22
1621914001613000,1,137.96927000,1.22
1621914002894000,1,137.96927000,1.22
1621914004113000,1,137.96927000,1.22
1621914005421000,1,112.78890000,1.22
1621914006658000,1,112.78890000,1.22
1621914056547000,0,204.66323000,1.22
1621914103768000,1,204.74414000,1.22
1621914103768000,1,173.67123000,1.22
1621914176689000,1,204.67496000,1.22
1621914296745000,0,204.58116000,1.22
1621914416844000,0,204.62302000,1.22
1621914536797000,0,204.67663000,1.22
1621914594000000,1,169.71780000,1.22
1621914776981000,0,204.64144000,1.22
1621914897034000,0,204.64145000,1.22
1621915017113000,0,204.64145000,1.22
1621915072974000,0,388.48413000,1.22
1621915137318000,0,204.55772000,1.22
1621915168731000,0,388.33155000,1.22
1621915257299000,0,204.55772000,1.22
1621915412854000,1,204.55772000,1.22
1621915412854000,1,174.48740000,1.22
1621915495453000,1,107.95455000,1.22
1621915497437000,0,204.55772000,1.22
1621915531101000,0,67.69453000,1.22
1621915609477000,1,379.25818000,1.22
1621915609575000,1,588.69722000,1.22
1621915617535000,0,204.55772000,1.22
1621915651547000,1,377.80379000,1.22
1621915854692000,1,204.55438000,1.22
1621915854692000,1,175.29203000,1.22
1621915977725000,0,204.55438000,1.22
1621916097747000,0,204.55772000,1.22
1621916159369000,1,232.59035000,1.22
1621916160501000,1,198.30308000,1.22
1621916161719000,1,208.36123000,1.22
1621916162928000,1,170.32628000,1.22
1621916164300000,1,170.32628000,1.22
1621916165487000,1,203.01184000,1.22
1621916166631000,1,203.01184000,1.22
1621916167766000,1,165.95339000,1.22
1621916198893000,1,1638.73999000,1.22
1621916198933000,1,375.35973000,1.22
1621916199684000,1,375.33999000,1.22
1621916217803000,0,204.55772000,1.22
1621916337814000,0,204.55772000,1.22
1621916457895000,0,204.57446000,1.22
1621916582022000,0,204.30441000,1.22
1621916697991000,0,204.57111000,1.22
1621916818071000,0,204.55438000,1.22
1621916861401000,1,474.76643000,1.22
1621916862754000,1,474.76643000,1.22
1621916901765000,1,102.79118000,1.22
1621916938159000,0,118.49650000,1.22
1621917058167000,0,204.55103000,1.22
1621917178686000,1,103.66992000,1.22
1621917281244000,1,2571.49533000,1.22
1621917281484000,1,933.62718000,1.22
1621917283579000,1,502.77999000,1.22
1621917283674000,1,305.37999000,1.22
1621917298469000,0,204.53262000,1.22
1621917332840000,1,763.12876000,1.22
1621917333947000,1,623.84848000,1.22
1621917374131000,0,163.55086000,1.22
1621917505829000,0,2082.69175000,1.22
1621917538489000,0,204.53261000,1.22
1621917658573000,0,144.25000000,1.22
1621917778615000,0,204.51923000,1.22
1621917898662000,0,204.51589000,1.22
1621918018773000,0,204.51087000,1.22
1621918138745000,0,204.51087000,1.22
1621918225074000,1,381.73681000,1.22
1621918258879000,0,204.49079000,1.22
1621918378911000,0,204.50752000,1.22
1621918499032000,0,204.50752000,1.22
1621918499274000,1,203.51013000,1.22
1621918503053000,1,549.48952000,1.22
1621918547377000,0,20.98486000,1.22
1621918588123000,1,101.05480000,1.22
1621918589407000,1,109.22619000,1.22
1621918619152000,0,204.50752000,1.22
1621918666873000,1,123.00056000,1.22
1621918699479000,0,237.19649000,1.22
1621918739218000,0,204.50752000,1.22
1621918979581000,0,204.50752000,1.22
1621918996776000,0,146.06559000,1.22
1621919099719000,0,204.50752000,1.22
1621919173572000,0,607.67387000,1.22
1621919219825000,0,204.50752000,1.22
1621919309835000,1,101.41329000,1.22
1621919314791000,1,107.40032000,1.22
1621919319347000,1,1249.84000000,1.22
1621919319571000,1,104.12162000,1.22
1621919324028000,1,101.44248000,1.22
1621919325482000,1,100.00000000,1.22
1621919326721000,1,3.06504000,1.22
1621919340015000,0,204.49916000,1.22
1621919364614000,1,106.31976000,1.22
1621919460089000,0,204.49414000,1.22
1621919463539000,1,200.00000000,1.22
1621919464511000,1,108.55124000,1.22
1621919580082000,0,204.50418000,1.22
1621919700260000,0,22.95582000,1.22
1621919700260000,0,181.54836000,1.22
1621919820220000,0,204.48410000,1.22
1621919855947000,1,108.16241000,1.22
1621919859544000,1,104.74508000,1.22
1621919864472000,1,110.12380000,1.22
1621919865738000,1,118.29519000,1.22
1621919866991000,1,106.73335000,1.22
1621919868418000,1,106.73335000,1.22
1621919869572000,1,103.57749000,1.22
1621919920639000,1,214.60593000,1.22
1621919921895000,1,175.33017000,1.22
1621919923026000,1,143.30180000,1.22
1621919924161000,1,143.30180000,1.22
1621919940380000,0,204.49079000,1.22
1621920060479000,0,204.49414000,1.22
1621920093767000,0,1022.12000000,1.22
1621920093909000,0,0.00848000,1.22
1621920093909000,0,739.09152000,1.22
1621920094009000,0,228.87162000,1.22
1621920094127000,0,967.96000000,1.22
1621920094155000,0,0.00314000,1.22
1621920094155000,0,234.37686000,1.22
1621920094245000,1,739.08838000,1.22
1621920135888000,0,992.11538000,1.22
1621920135888000,0,132.42173000,1.22
1621920145132000,1,23.64658000,1.22
1621920180616000,0,204.47407000,1.22
1621920300663000,0,204.47407000,1.22
1621920420677000,0,204.54433000,1.22
1621920603201000,1,154.38527000,1.22
1621920604469000,1,50.15739000,1.22
1621920604469000,1,49.84261000,1.22
1621920611145000,0,193.61135000,1.22
1621920717396000,1,105.81810000,1.22
1621920719075000,1,98.72456000,1.22
1621920719075000,1,8.71266000,1.22
1621920722675000,1,107.43722000,1.22
1621920781016000,1,204.56442000,1.22
1621920784130000,1,134.41562000,1.22
1621920784325000,1,147.00362000,1.22
1621920901011000,0,204.60293000,1.22
1621920921741000,0,224.38901000,1.22
1621920968977000,1,107.47196000,1.22
1621920970112000,1,107.47196000,1.22
1621920971246000,1,107.47196000,1.22
1621921020777000,1,109.70306000,1.22
1621921021221000,0,204.60125000,1.22
1621921044366000,1,33.89846000,1.22
1621921090390000,0,128.89305000,1.22
1621921108838000,1,378.53055000,1.22
1621921112361000,1,327.66999000,1.22
1621921205204000,0,328.77849000,1.22
1621921261637000,1,204.61967000,1.22
1621921330356000,1,565.42497000,1.22
1621921380011000,1,1045.87968000,1.22
1621921381497000,0,204.61800000,1.22
1621921501650000,1,204.61967000,1.22
1621921506096000,0,311.92000000,1.22
1621921741508000,0,204.62805000,1.22
1621921861639000,0,204.62805000,1.22
1621921899795000,0,505.72243000,1.22
1621921899795000,0,75.23429000,1.22
1621921935307000,1,204.62805000,1.22
1621921935307000,1,392.46195000,1.22
1621921945946000,1,6057.25876000,1.22
1621921945946000,1,1226.89000000,1.22
1621921945946000,1,896.04453000,1.22
1621921946500000,1,255.74547000,1.22
1621921946500000,1,121.82000000,1.22
1621922022080000,0,1226.89852000,1.22
1621922022270000,0,0.00001000,1.22
1621922022270000,0,1151.79470000,1.22
1621922022292000,0,0.00001000,1.22
1621922022444000,0,619.16418000,1.22
1621922022450000,1,1151.78999000,1.22
1621922022450000,1,327.01428000,1.22
1621922022485000,0,911.11000000,1.22
1621922022624000,0,514.77415000,1.22
1621922022624000,0,168.93621000,1.22
1621922022624000,0,1361.13964000,1.22
1621922022655000,0,683.71633000,1.22
1621922022655000,0,742.16781000,1.22
1621922022887000,0,168.94252000,1.22
1621922022996000,1,168.94000000,1.22
1621922022996000,1,2045.04000000,1.22
1621922023093000,0,0.00001000,1.22
1621922023093000,0,18.86452000,1.22
1621922023093000,0,18.92007000,1.22
1621922023300000,0,0.00001000,1.22
1621922023300000,0,18.86359000,1.22
1621922023300000,0,18.91913000,1.22
1621922023301000,1,911.11000000,1.22
1621922023452000,0,1226.96376000,1.22
1621922023452000,0,1226.95624000,1.22
1621922023462000,0,0.00752000,1.22
1621922023462000,0,334.70347000,1.22
1621922023525000,0,799.04250000,1.22
1621922023538000,0,2453.92000000,1.22
1621922023643000,1,733.88825000,1.22
1621922023643000,1,334.69750000,1.22
1621922023646000,0,0.00752000,1.22
1621922023646000,0,0.00001000,1.22
1621922023646000,0,18.86266000,1.22
1621922023646000,0,18.91821000,1.22
1621922023646000,0,18.86174000,1.22
1621922023646000,0,18.91727000,1.22
1621922023646000,0,18.86081000,1.22
1621922023646000,0,18.91634000,1.22
1621922023646000,0,18.85988000,1.22
1621922023646000,0,18.91541000,1.22
1621922023646000,0,647.92264000,1.22
1621922024026000,0,5736.40000000,1.22
1621922024042000,1,733.88000000,1.22
1621922024042000,1,0.00825000,1.22
1621922024495000,0,959.85926000,1.22
1621922024944000,0,348.96506000,1.22
1621922024961000,0,877.99870000,1.22
1621922024961000,0,1575.92882000,1.22
1621922024986000,0,469.01078000,1.22
1621922025072000,1,1096.25889000,1.22
1621922025072000,1,1226.96376000,1.22
1621922025072000,1,1226.96376000,1.22
1621922025084000,0,1263.18069000,1.22
1621922025124000,0,1190.74683000,1.22
1621922025221000,0,155.81810000,1.22
1621922025231000,0,18.85895000,1.22
1621922025231000,0,18.91447000,1.22
1621922025231000,0,906.13499000,1.22
1621922025529000,0,306.97140000,1.22
1621922025613000,0,426.89361000,1.22
1621922025613000,0,18.91354000,1.22
1621922025613000,0,18.91261000,1.22
1621922025613000,0,5.44878000,1.22
1621922025613000,0,13.46289000,1.22
1621922025613000,0,2916.79857000,1.22
1621922025688000,0,657.55394000,1.22
1621922026170000,1,123.11999000,1.22
1621922039642000,1,3000.00000000,1.22
1621922044445000,1,3000.00000000,1.22
1621922052289000,0,1226.96375000,1.22
1621922053847000,1,911.11000000,1.22
1621922053847000,1,168.93000000,1.22
1621922055240000,1,488.97000000,1.22
1621922478955000,1,204.40124000,1.22
1621922489148000,1,911.74534000,1.22
1621922636044000,1,123.15292000,1.22
1621922821894000,0,206.06367000,1.22
1621922865253000,0,2999.99000000,1.22
1621922865283000,0,0.01000000,1.22
1621922865283000,0,651.41000000,1.22
1621922927140000,0,25.59878000,1.22
1621922991015000,0,1227.05409000,1.22
1621923007536000,0,500.30000000,1.22
1621923007931000,0,82.25978000,1.22
1621923007931000,0,968.08738000,1.22
1621923008068000,0,176.70693000,1.22
1621923008068000,0,384.28852000,1.22
1621923048627000,0,911.74650000,1.22
1621923048671000,0,451.31089000,1.22
1621923048675000,0,1227.05409000,1.22
1621923048675000,0,0.00001000,1.22
1621923048675000,0,817.92732000,1.22
1621923048745000,0,409.06153000,1.22
1621923048745000,0,559.07023000,1.22
1621923048837000,1,2523.08911000,1.22
1621923048837000,1,407.09408000,1.22
1621923167017000,0,212.18693000,1.22
1621923235786000,1,379.47343000,1.22
1621923313917000,1,378.51192000,1.22
1621923395100000,1,1267.48443000,1.22
1621923395205000,1,595.06400000,1.22
1621923395258000,1,1267.48443000,1.22
1621923601352000,0,148.61070000,1.22
1621923647526000,1,988.67517000,1.22
1621923648422000,1,565.39999000,1.22
1621923709012000,0,412.92766000,1.22
1621923709012000,0,402.81818000,1.22
1621923709012000,0,378.40848000,1.22
1621923709012000,0,7.31805000,1.22
1621923710119000,0,12.25528000,1.22
1621923710119000,0,378.51000000,1.22
1621923776109000,0,1226.23000000,1.22
1621923876815000,0,3.86390000,1.22
1621923876815000,0,0.00155000,1.22
1621923876815000,0,25.83489000,1.22
1621924125990000,1,382.59494000,1.22
1621924125990000,1,352.58290000,1.22
1621924176841000,1,3971.12723000,1.22
1621924485885000,0,378.82334000,1.22
1621924485885000,0,3.69377000,1.22
1621924503573000,0,319.35871000,1.22
1621924684329000,0,3.78890000,1.22
1621924684329000,0,378.04992000,1.22
1621924684393000,0,367.03563000,1.22
1621924684600000,0,51.09276000,1.22
1621924684834000,0,163.56886000,1.22
1621924685268000,0,265.92326000,1.22
1621924685518000,0,0.00002000,1.22
1621924685518000,0,191.59428000,1.22
1621924685706000,0,27.91558000,1.22
1621924685946000,1,102.35000000,1.22
1621924685987000,0,373.12651000,1.22
1621924686247000,1,242.91661000,1.22
1621924686324000,0,163.57000000,1.22
1621924686567000,0,374.09000000,1.22
1621924686693000,0,140.26416000,1.22
1621924689677000,0,367.32942000,1.22
1621924703051000,0,128.35698000,1.22
1621924757826000,1,204.30034000,1.22
1621924757826000,1,178.20859000,1.22
1621924941347000,1,339.22000000,1.22
1621924949062000,1,523.19616000,1.22
1621925064250000,1,40.09150000,1.22
1621925130900000,0,380.81496000,1.22
1621925180132000,1,288.77921000,1.22
1621925180132000,1,92.42588000,1.22
1621925395459000,0,2067.60825000,1.22
1621925395645000,0,1146.65991000,1.22
1621925395822000,0,144.61444000,1.22
1621925396012000,0,2999.99999000,1.22
1621925396195000,0,167.66607000,1.22
1621925396371000,0,0.00001000,1.22
1621925396371000,0,862.41999000,1.22
1621925396525000,0,0.00001000,1.22
1621925396525000,0,18.91074000,1.22
1621925396525000,0,18.90980000,1.22
1621925396691000,0,0.00001000,1.22
1621925396691000,0,18.90888000,1.22
1621925396691000,0,18.90793000,1.22
1621925396946000,0,0.00001000,1.22
1621925396946000,0,18.90701000,1.22
1621925396946000,0,18.90607000,1.22
1621925709958000,1,2999.99183000,1.22
1621925710092000,1,0.00817000,1.22
1621925710092000,1,295.29769000,1.22
1621925827243000,0,28.27596000,1.22
1621925827243000,0,175.43391000,1.22
1621925838881000,0,1224.75000000,1.22
1621925929809000,1,114.85620000,1.22
1621925931082000,1,114.85620000,1.22
1621925932444000,1,102.00093000,1.22
1621925944209000,0,204.36953000,1.22
1621925967444000,1,101.07023000,1.22
1621926262783000,0,0.00001000,1.22
1621926262783000,0,18.90515000,1.22
1621926262783000,0,18.90421000,1.22
1621926262783000,0,18.87381000,1.22
1621926262783000,0,18.90235000,1.22
1621926262783000,0,18.90142000,1.22
1621926262783000,0,18.90048000,1.22
1621926262783000,0,268.27750000,1.22
1621926263060000,0,383.99990000,1.22
1621926352053000,0,18.89955000,1.22
1621926352053000,0,1.68438000,1.22
1621926447706000,0,17.21424000,1.22
1621926447706000,0,18.89769000,1.22
1621926447706000,0,18.89676000,1.22
1621926447706000,0,101.46813000,1.22
1621926475504000,1,257.80738000,1.22
1621926475589000,1,244.31312000,1.22
1621926475675000,1,126.02496000,1.22
1621926475714000,1,354.13245000,1.22
1621926544511000,0,18.89583000,1.22
1621926544511000,0,18.89490000,1.22
1621926544511000,0,118.90028000,1.22
1621926576162000,1,242.06950000,1.22
1621926576162000,1,141.86813000,1.22
1621926805029000,1,130.56888000,1.22
1621927016636000,1,0.00003000,1.22
1621927016636000,1,385.62057000,1.22
1621927016716000,1,267.44172000,1.22
1621927028359000,1,569.45743000,1.22
1621927057261000,1,145.26024000,1.22
1621927063639000,1,384.72831000,1.22
1621927063711000,1,147.04708000,1.22
1621927063867000,1,185.39605000,1.22
1621927064024000,1,104.81772000,1.22
1621927064211000,1,0.00005000,1.22
1621927064211000,1,397.74770000,1.22
1621927064385000,1,0.00004000,1.22
1621927064385000,1,102.76801000,1.22
1621927064563000,1,1232.20395000,1.22
1621927064732000,1,179.18283000,1.22
1621927064804000,1,1485.84521000,1.22
1621927064817000,1,967.20517000,1.22
1621927064838000,1,967.20517000,1.22
1621927064864000,1,967.20517000,1.22
1621927064920000,1,967.20517000,1.22
1621927064924000,1,967.20517000,1.22
1621927064924000,1,518.64003000,1.22
1621927400905000,0,904.36117000,1.22
1621927704111000,0,204.38566000,1.22
1621927704111000,0,3000.00000000,1.22
1621927704111000,0,1223.56588000,1.22
1621927704111000,0,1223.73059000,1.22
1621927704111000,0,2511.06000000,1.22
1621927704111000,0,10530.75343000,1.22
1621927704111000,0,18.88745000,1.22
1621927704111000,0,18.88652000,1.22
1621927704111000,0,2039.16835000,1.22
1621927704111000,0,18.88559000,1.22
1621927704111000,0,18.88466000,1.22
1621927704111000,0,18.88373000,1.22
1621927704111000,0,5000.00000000,1.23
1621927704111000,0,967.31240000,1.23
1621927704111000,0,18.88280000,1.23
1621927704111000,0,967.32265000,1.23
1621927704111000,0,18.88187000,1.23
1621927704111000,0,967.32265000,1.23
1621927704111000,0,18.88094000,1.23
1621927704111000,0,967.32265000,1.23
1621927704111000,0,2448.08030000,1.23
1621927704111000,0,967.32265000,1.23
1621927704111000,0,18.88001000,1.23
1621927704111000,0,967.32265000,1.23
1621927704111000,0,18.87908000,1.23
1621927704111000,0,967.32265000,1.23
1621927704111000,0,18.87815000,1.23
1621927704111000,0,967.32265000,1.23
1621927704111000,0,18.87722000,1.23
1621927704111000,0,967.32265000,1.23
1621927704111000,0,18.87629000,1.23
1621927704111000,0,967.32265000,1.23
1621927704111000,0,24.63054000,1.23
1621927704111000,0,967.32265000,1.23
1621927704111000,0,18.87536000,1.23
1621927704111000,0,967.32265000,1.23
1621927704111000,0,18.87443000,1.23
1621927704111000,0,967.32265000,1.23
1621927704111000,0,18.87350000,1.23
1621927704111000,0,967.32265000,1.23
1621927704111000,0,18.87257000,1.23
1621927704111000,0,967.32265000,1.23
1621927704111000,0,24.62549000,1.23
1621927704111000,0,18.87164000,1.23
1621927704111000,0,967.32265000,1.23
1621927704111000,0,967.32265000,1.23
1621927704111000,0,18.87071000,1.23
1621927704111000,0,967.32265000,1.23
1621927704111000,0,18.86978000,1.23
1621927704111000,0,967.32265000,1.23
1621927704111000,0,18.86885000,1.23
1621927704111000,0,352.62013000,1.23
1621927707920000,0,967.23738000,1.22
1621927708019000,0,256.49321000,1.22
1621927708019000,0,710.74417000,1.22
1621927708109000,0,512.98642000,1.22
1621927708112000,1,454.25096000,1.22
1621927708193000,0,769.47963000,1.22
1621927708468000,1,197.75775000,1.22
1621927708468000,1,967.23738000,1.22
1621927708468000,1,967.23738000,1.22
1621927708468000,1,967.23738000,1.22
1621927708959000,1,967.23738000,1.22
1621927744746000,1,204.34560000,1.22
1621927791145000,1,52.99917000,1.22
1621927810812000,1,914.25955000,1.22
1621927811481000,1,967.27608000,1.22
1621927832877000,1,383.67785000,1.22
1621927864683000,1,204.34356000,1.22
1621927932670000,1,517.70999000,1.22
1621927932997000,1,449.52739000,1.22
1621927992625000,1,967.23321000,1.22
1621927992788000,1,0.00417000,1.22
1621927992788000,1,250.53517000,1.22
1621927992876000,1,2749.46483000,1.22
1621927992920000,1,292.69999000,1.22
1621928000173000,1,5247.11066000,1.22
1621928001847000,1,334.86999000,1.22
1621928344995000,0,204.11694000,1.22
1621928585461000,0,204.16362000,1.22
1621928677537000,1,875.91420000,1.22
1621928705569000,0,204.14194000,1.22
1621928778211000,1,1023.67837000,1.22
1621928794462000,0,204.13735000,1.22
1621928794462000,0,3000.00000000,1.22
1621928794462000,0,118.05000000,1.22
1621928794462000,0,6079.91377000,1.22
1621928794462000,0,1223.95026000,1.22
1621928794462000,0,1223.77052000,1.22
1621928794462000,0,37.50000000,1.22
1621928794462000,0,2040.13351000,1.22
1621928794462000,0,2039.52602000,1.23
1621928794462000,0,967.42887000,1.23
1621928794462000,0,967.37907000,1.23
1621928794462000,0,967.37907000,1.23
1621928794462000,0,967.36604000,1.23
1621928794462000,0,967.36604000,1.23
1621928794462000,0,967.36604000,1.23
1621928794462000,0,967.36604000,1.23
1621928794462000,0,967.36604000,1.23
1621928794462000,0,967.36604000,1.23
1621928794462000,0,967.36604000,1.23
1621928794462000,0,967.36604000,1.23
1621928794462000,0,967.36604000,1.23
1621928794462000,0,2088.77284000,1.23
1621928794462000,0,967.36604000,1.23
1621928794462000,0,967.36604000,1.23
1621928794462000,0,967.36604000,1.23
1621928794462000,0,4080.50011000,1.23
1621928794462000,0,967.36604000,1.23
1621928794462000,0,18.86792000,1.23
1621928794462000,0,24.62043000,1.23
1621928794462000,0,1640.00000000,1.23
1621928794462000,0,967.36604000,1.23
1621928794462000,0,18.86700000,1.23
1621928794462000,0,967.36604000,1.23
1621928794462000,0,18.86607000,1.23
1621928794462000,0,18.86514000,1.23
1621928794462000,0,83.12622000,1.23
1621928798780000,0,967.41991000,1.22
1621928798865000,0,256.72513000,1.22
1621928798865000,0,710.69478000,1.22
1621928798944000,0,513.45026000,1.22
1621928799001000,1,397.95000000,1.22
1621928799081000,1,56.01965000,1.22
1621928799081000,1,967.41991000,1.22
1621928799654000,1,967.41991000,1.22
1621928799654000,1,967.41991000,1.22
1621928799654000,1,967.41991000,1.22
1621928799654000,1,967.41991000,1.22
1621928799654000,1,967.41991000,1.22
1621928799977000,1,1224.14504000,1.22
1621928800149000,1,1775.85496000,1.22
1621928806022000,1,81.65000000,1.22
1621928824081000,1,473.46970000,1.22
1621928825961000,0,204.13813000,1.22
1621928856044000,1,967.47864000,1.22
1621928881922000,1,379.01999000,1.22
1621928934534000,0,107.50044000,1.22
1621928945953000,0,204.12053000,1.22
1621929058823000,1,422.31363000,1.22
1621929059137000,1,545.19359000,1.22
1621929066291000,1,204.31999000,1.22
1621929066350000,1,68.18120000,1.22
1621929107565000,1,448.04998000,1.22
1621929166808000,0,422.22041000,1.22
1621929166808000,0,264.28133000,1.22
1621929270384000,1,967.42668000,1.22
1621929276753000,1,383.39626000,1.22
1621929276848000,1,383.40091000,1.22
1621929279247000,1,200.65759000,1.22
1621929279247000,1,150.99392000,1.22
1621929279692000,1,167.33952000,1.22
1621929281245000,1,105.40631000,1.22
1621929306550000,1,204.11999000,1.22
1621929324860000,1,34.60078000,1.22
1621929485706000,1,967.47245000,1.22
1621929559730000,1,967.45476000,1.22
1621929560357000,1,311.00000000,1.22
1621929560357000,1,967.45476000,1.22
1621929571234000,1,733.77756000,1.22
1621929571236000,1,233.67720000,1.22
1621929571267000,1,733.41094000,1.22
1621929571384000,1,0.36662000,1.22
1621929571384000,1,967.45476000,1.22
1621929571384000,1,733.41094000,1.22
1621929571384000,1,7353.89765000,1.22
1621929715684000,0,451.62480000,1.22
1621929715684000,0,160.51657000,1.22
1621929718222000,0,611.41793000,1.22
1621929734107000,1,409.74198000,1.22
1621929803823000,1,205.25067000,1.22
1621929803823000,1,180.52486000,1.22
1621929803997000,1,248.82580000,1.22
1621929807514000,0,205.25067000,1.22
1621929990302000,1,450.22251000,1.22
1621929990322000,1,321.59722000,1.22
1621929990322000,1,60.90278000,1.22
1621929990483000,1,450.22251000,1.22
1621929990491000,1,450.22252000,1.22
1621929990580000,1,353.57292000,1.22
1621930097652000,1,420.07654000,1.22
1621930117329000,1,455.88664000,1.22
1621930301943000,1,220.74769000,1.22
1621930301953000,1,0.00489000,1.22
1621930301953000,1,741.75017000,1.22
1621930762718000,1,183.59400000,1.22
1621930765701000,1,110.48639000,1.22
1621930767411000,1,110.48639000,1.22
1621930769100000,1,110.48639000,1.22
1621930773557000,1,128.69757000,1.22
1621930930161000,1,67.87272000,1.22
1621930930161000,1,1043.29000000,1.22
1621930930161000,1,515.24683000,1.22
1621930930161000,1,1037.43000000,1.22
1621930930161000,1,1036.91000000,1.22
1621930930161000,1,1036.44000000,1.22
1621930930161000,1,1039.71000000,1.22
1621930931857000,1,1042.96000000,1.22
1621930934599000,1,1063.64000000,1.22
1621930935651000,1,1060.88000000,1.22
1621930936640000,1,1055.13000000,1.22
1621930937267000,1,1051.60000000,1.22
1621930937851000,1,1048.04000000,1.22
1621930938443000,1,1042.75000000,1.22
1621930939242000,1,1038.17000000,1.22
1621930940288000,1,1034.22000000,1.22
1621930941236000,1,1028.85000000,1.22
1621930942245000,1,1024.55000000,1.22
1621930942848000,1,1019.48000000,1.22
1621930943471000,1,1014.89000000,1.22
1621930944258000,1,1011.68000000,1.22
1621930944847000,1,1007.94000000,1.22
1621930945476000,1,1003.88000000,1.22
1621930946439000,1,1001.02000000,1.22
1621931086331000,1,203.85023000,1.22
1621931086331000,1,175.23274000,1.22
1621931167838000,0,119.97704000,1.22
1621931237816000,1,507.12207000,1.22
1621931287719000,1,204.31999000,1.22
1621931527738000,1,204.26999000,1.22
1621931647804000,1,203.74999000,1.22
1621931767978000,1,204.42999000,1.22
1621931772174000,1,104.40596000,1.22
1621931773303000,1,104.40596000,1.22
1621931989805000,1,8165.29829000,1.22
1621931990341000,1,809.06983000,1.22
1621931990341000,1,1004.21000000,1.22
1621931990341000,1,1008.70000000,1.22
1621931990341000,1,1014.81000000,1.22
1621932009561000,1,204.18999000,1.22
1621932159401000,0,203.93999000,1.22
1621932159401000,0,169.87827000,1.22
1621932272793000,1,883.51001000,1.22
1621932272793000,1,1068.99000000,1.22
1621932488412000,1,203.75999000,1.22
1621932803127000,0,440.74000000,1.22
1621932883689000,1,218.28999000,1.22
1621933060235000,0,600.00000000,1.22
1621933089173000,0,203.61243000,1.22
1621933310682000,0,600.00000000,1.22
1621933329255000,0,204.17118000,1.22
1621933388366000,0,600.00000000,1.22
1621933388507000,0,173.23908000,1.22
1621933447805000,1,78.00000000,1.22
1621933569524000,0,204.12114000,1.22
1621933751509000,0,17.97558000,1.22
1621933758824000,1,22.00000000,1.22
1621933766434000,0,22.00000000,1.22
1621933773957000,1,22.00000000,1.22
1621933782069000,0,22.00000000,1.22
1621933790186000,1,22.00000000,1.22
1621933799834000,0,17.97558000,1.22
1621933803654000,1,22.00000000,1.22
1621933808013000,0,22.00000000,1.22
1621933812299000,1,22.00000000,1.22
1621933817171000,0,22.00000000,1.22
1621933822008000,1,22.00000000,1.22
1621934005614000,1,216.25249000,1.22
1621934005614000,1,111.05751000,1.22
1621934021519000,0,77.64852000,1.22
1621934169901000,0,203.52484000,1.22
1621934216956000,1,201.67710000,1.22
1621934216956000,1,416.15040000,1.22
1621934216972000,1,239.83177000,1.22
1621934216989000,1,201.67710000,1.22
1621934216989000,1,377.99572000,1.22
1621934217096000,1,216.92875000,1.22
1621934217138000,1,557.46952000,1.22
1621934217138000,1,86.38862000,1.22
1621934217242000,0,201.67709000,1.22
1621934217408000,1,227.03833000,1.22
1621934217506000,1,130.54013000,1.22
1621934217813000,1,167.71458000,1.22
1621934218167000,1,752.70539000,1.22
1621934218171000,1,416.81981000,1.22
1621934218171000,1,759.14661000,1.22
1621934218171000,1,47.64937000,1.22
1621934218246000,0,500.30000000,1.22
1621934218253000,0,48.93297000,1.22
1621934218279000,1,416.81981000,1.22
1621934218289000,1,283.35628000,1.22
1621934218301000,0,341.30843000,1.22
1621934218306000,1,263.35063000,1.22
1621934218306000,1,147.17130000,1.22
1621934218312000,1,496.63462000,1.22
1621934218317000,0,311.00000000,1.22
1621934218317000,0,134.48190000,1.22
1621934391166000,1,203.61107000,1.22
1621934391166000,1,171.24131000,1.22
1621934562030000,1,203.98955000,1.22
1621934726182000,0,17.97543000,1.22
1621934729910000,1,0.00001000,1.22
1621934729910000,1,21.99999000,1.22
1621934734205000,0,22.00000000,1.22
1621934738477000,1,22.00000000,1.22
1621934743282000,0,22.00000000,1.22
1621934743832000,1,791.13947000,1.22
1621934744094000,1,0.39587000,1.22
1621934744099000,1,689.22217000,1.22
1621934744231000,1,4796.99998000,1.22
1621934744249000,0,311.00000000,1.22
1621934748082000,1,22.00000000,1.22
1621934848008000,1,679.08234000,1.22
1621934848008000,1,544.72313000,1.22
1621934848032000,1,410.50514000,1.22
1621934848038000,1,4247.77175000,1.22
1621934848038000,1,679.08234000,1.22
1621934848038000,1,276.14593000,1.22
1621934848039000,1,83.19945000,1.22
1621934848039000,1,944.12055000,1.22
1621934848229000,1,279.46530000,1.22
1621934848229000,1,330.29469000,1.22
1621934882212000,0,16.34237000,1.22
1621934996698000,0,494.96000000,1.22
1621935135620000,0,17.97999000,1.22
1621935139372000,1,22.00000000,1.22
1621935143644000,0,22.00000000,1.22
1621935147908000,1,22.00000000,1.22
1621935152737000,0,22.00000000,1.22
1621935157533000,1,22.00000000,1.22
1621935218257000,0,371.40703000,1.22
1621935218698000,0,600.00000000,1.22
1621935218698000,0,655.76036000,1.22
1621935224873000,1,371.44235000,1.22
1621935224873000,1,81.73765000,1.22
1621935366041000,0,349.18620000,1.22
1621935490863000,1,204.56169000,1.22
1621935731019000,1,204.44665000,1.22
1621935870033000,1,100.00000000,1.22
1621935870229000,1,92.39999000,1.22
1621935896304000,0,325.44554000,1.22
1621935904373000,0,81.62506000,1.22
1621935971125000,0,203.89705000,1.22
1621935971290000,0,114.47789000,1.22
1621935971290000,0,88.89100000,1.22
1621936173858000,0,81.38935000,1.22
1621936310559000,0,123.19537000,1.22
1621936310559000,0,106.96067000,1.22
1621936331700000,0,180.84444000,1.22
1621936332808000,0,180.84444000,1.22
1621936333940000,0,190.75995000,1.22
1621936335015000,1,189.44693000,1.22
1621936335056000,0,179.94847000,1.22
1621936336188000,0,112.07491000,1.22
1621936337320000,0,101.37317000,1.22
1621936338453000,0,101.37317000,1.22
1621936372327000,0,104.53261000,1.22
1621936506265000,1,9079.66999000,1.22
1621936506736000,1,920.33001000,1.22
1621936506736000,1,1.66999000,1.22
1621936506754000,1,197.81846000,1.22
1621936506776000,1,546.12774000,1.22
1621936506776000,1,677.75761000,1.22
1621936507045000,1,745.61619000,1.22
1621936507045000,1,478.40399000,1.22
1621936507067000,0,107.14635000,1.22
1621936507123000,1,67.72375000,1.22
1621936507123000,1,745.61619000,1.22
1621936507123000,1,1004.89798000,1.22
1621936507123000,1,221.57100000,1.22
1621936507185000,0,745.61619000,1.22
1621936507212000,0,55.16766000,1.22
1621936519063000,0,763.34580000,1.22
1621936523074000,0,687.01080000,1.22
1621936523074000,0,687.01080000,1.22
1621936526269000,0,687.01080000,1.22
1621936527670000,0,687.01080000,1.22
1621936529430000,0,687.01080000,1.22
1621936530650000,0,248.17550000,1.22
1621936530650000,0,687.01080000,1.22
1621936531157000,0,687.01080000,1.22
1621936533923000,0,262.87626000,1.22
1621936535416000,0,262.87626000,1.22
1621936536577000,0,112.71732000,1.22
1621936536577000,0,113.18154000,1.22
1621936536577000,0,36.97740000,1.22
1621936537669000,0,246.53348000,1.22
1621936538813000,0,246.53348000,1.22
1621936540076000,0,246.53348000,1.22
1621936541312000,0,180.72957000,1.22
1621936541312000,0,65.80391000,1.22
1621936542724000,0,106.49138000,1.22
1621936544072000,0,106.49138000,1.22
1621936545977000,0,114.66277000,1.22
1621936673400000,0,142.25420000,1.22
1621936674514000,0,142.25420000,1.22
1621936675643000,0,137.15787000,1.22
1621936676701000,0,101.89605000,1.22
1621936677818000,0,101.89605000,1.22
1621936691607000,0,204.22684000,1.22
1621936730113000,0,1430.89000000,1.22
1621936730113000,0,1443.41000000,1.22
1621936762468000,0,100.20065000,1.22
1621936811656000,0,204.22684000,1.22
1621936863809000,0,371.14696000,1.22
1621936931756000,0,204.22684000,1.22
1621937051915000,0,204.22851000,1.22
1621937077498000,0,183.22759000,1.22
1621937103471000,0,102.81941000,1.22
1621937107563000,0,109.72449000,1.22
1621937107563000,0,256.68966000,1.22
1621937107945000,0,366.41415000,1.22
1621937109521000,0,365.82100000,1.22
1621937117578000,0,692.42117000,1.22
1621937119767000,0,163.24267000,1.22
1621937119767000,0,203.97938000,1.22
1621937132613000,0,368.19250000,1.22
1621937172049000,0,204.27585000,1.22
1621937222227000,0,364.44523000,1.22
1621937224073000,0,284.30215000,1.22
1621937292744000,0,3413.30293000,1.22
1621937292744000,0,3000.00000000,1.22
1621937292744000,0,600.00000000,1.22
1621937292744000,0,967.66235000,1.22
1621937292744000,0,1224.34488000,1.22
1621937292744000,0,794.68984000,1.22
1621937293024000,0,204.44142000,1.22
1621937339011000,1,205.17798000,1.22
1621937357636000,0,304.33256000,1.22
1621937363879000,0,600.00000000,1.22
1621937363879000,0,3000.00000000,1.22
1621937363879000,0,1224.13505000,1.22
1621937363879000,0,1808.38016000,1.22
1621937363879000,0,967.66235000,1.22
1621937363879000,0,967.66235000,1.22
1621937363879000,0,967.66235000,1.23
1621937363879000,0,464.49774000,1.23
1621937364285000,0,600.00000000,1.22
1621937419500000,1,863.14622000,1.22
1621937419852000,1,1065.15736000,1.22
1621937419852000,1,1934.84264000,1.22
1621937419867000,1,204.58629000,1.22
1621937419893000,1,860.57107000,1.22
1621937419893000,1,363.56398000,1.22
1621937419894000,1,311.00000000,1.22
1621937419980000,1,549.57107000,1.22
1621937419980000,1,6005.53891000,1.22
1621937420617000,1,459.35026000,1.22
1621937435201000,1,614.21963000,1.22
1621937439842000,0,199.99998000,1.22
1621937439842000,0,600.00000000,1.22
1621937439842000,0,3000.00000000,1.23
1621937439842000,0,967.66235000,1.23
1621937439842000,0,967.66235000,1.23
1621937439842000,0,967.66235000,1.23
1621937439842000,0,967.66235000,1.23
1621937439842000,0,967.66235000,1.23
1621937439842000,0,967.66235000,1.23
1621937439842000,0,394.02592000,1.23
1621937530100000,1,1874.09555000,1.22
1621937530108000,1,1125.90445000,1.22
1621937530191000,1,967.61519000,1.22
1621937530256000,1,906.48036000,1.22
1621937530256000,1,61.13483000,1.22
1621937530258000,1,249.86517000,1.22
1621937530258000,1,967.61519000,1.22
1621937530258000,1,6.58477000,1.22
1621937530280000,1,961.03042000,1.22
1621937530293000,1,1224.06513000,1.22
1621937530335000,1,967.61519000,1.22
1621937530395000,1,967.61519000,1.22
1621937530479000,0,6.58477000,1.22
1621937530521000,0,100.00000000,1.22
1621937553498000,1,54.44354000,1.22
1621937553525000,1,365.55646000,1.22
1621937553551000,1,419.99998000,1.22
1621937553604000,1,431.24998000,1.22
1621937554010000,1,485.69350000,1.22
1621937554114000,1,409.33894000,1.22
1621937554142000,1,409.33893000,1.22
1621937554652000,1,420.00000000,1.22
1621937557818000,1,81.89730000,1.22
1621937558042000,1,344.10269000,1.22
1621937558241000,1,81.89730000,1.22
1621937558421000,1,417.00000000,1.22
1621937558608000,1,73.15881000,1.22
1621937601864000,0,600.00000000,1.22
1621937601864000,0,3000.00000000,1.23
1621937601864000,0,967.64776000,1.23
1621937601864000,0,967.64776000,1.23
1621937601864000,0,967.64776000,1.23
1621937601864000,0,967.60563000,1.23
1621937601864000,0,967.66235000,1.23
1621937601864000,0,1224.14005000,1.23
1621937601864000,0,337.64869000,1.23
1621937604203000,0,22.46212000,1.22
1621937624940000,0,288.53788000,1.22
1621937624940000,0,600.00000000,1.22
1621937624940000,0,591.60000000,1.23
1621937624940000,0,967.66235000,1.23
1621937624940000,0,1224.14005000,1.23
1621937624940000,0,967.66235000,1.23
1621937624940000,0,967.66235000,1.23
1621937624940000,0,967.63982000,1.23
1621937624940000,0,967.66235000,1.23
1621937624940000,0,1224.01019000,1.23
1621937624940000,0,967.61299000,1.23
1621937624940000,0,265.80967000,1.23
1621937625079000,0,288.53787000,1.23
1621937635449000,1,103.11663000,1.22
1621937641777000,0,300.90959000,1.23
1621937641961000,0,299.09041000,1.23
1621937660258000,0,600.00000000,1.23
1621937660258000,0,1223.94527000,1.23
1621937660258000,0,1224.14005000,1.23
1621937660258000,0,967.66235000,1.23
1621937660258000,0,2040.01698000,1.23
1621937660258000,0,967.66235000,1.23
1621937660258000,0,967.66235000,1.23
1621937660258000,0,18.86421000,1.23
1621937660258000,0,24.61538000,1.23
1621937660258000,0,18.86328000,1.23
1621937660258000,0,967.66235000,1.23
1621937660258000,0,18.86235000,1.23
1621937660258000,0,960.04308000,1.23
1621937676270000,1,166.04800000,1.23
1621937677405000,1,135.52810000,1.23
1621937678497000,1,135.52810000,1.23
1621937679676000,1,110.61780000,1.23
1621937684177000,1,100.29377000,1.23
1621937699310000,0,600.00000000,1.23
1621937699310000,0,1223.87037000,1.23
1621937699310000,0,7.61927000,1.23
1621937699310000,0,18.86143000,1.23
1621937699310000,0,1223.87037000,1.23
1621937699310000,0,6.02320000,1.23
1621937699310000,0,12.83730000,1.23
1621937699310000,0,24.61034000,1.23
1621937699310000,0,967.66235000,1.23
1621937699310000,0,18.85957000,1.23
1621937699310000,0,967.66235000,1.23
1621937699310000,0,2448.28009000,1.23
1621937699310000,0,967.66235000,1.23
1621937699310000,0,24.59285000,1.23
1621937699310000,0,0.01244000,1.23
1621937699310000,0,967.66235000,1.23
1621937699310000,0,519.91337000,1.23
1621937702443000,0,144.51034000,1.23
1621937702444000,0,455.48966000,1.23
1621937702550000,1,144.51000000,1.23
1621937702667000,1,0.00033000,1.23
1621937703827000,0,163.64227000,1.23
1621937704893000,0,204.87782000,1.23
1621937704934000,0,286.83221000,1.23
1621937704981000,0,41.13063000,1.23
1621937705857000,1,190.43415000,1.23
1621937708253000,1,622.95761000,1.23
1621937709402000,1,154.23986000,1.23
1621937709402000,1,468.71775000,1.23
1621937710666000,1,614.78622000,1.23
1621937711773000,1,523.63100000,1.23
1621937713628000,0,1223.80048000,1.23
1621937713628000,0,690.95982000,1.23
1621937713628000,0,2039.66746000,1.23
1621937713628000,0,2448.28009000,1.23
1621937713628000,0,24.60025000,1.23
1621937713628000,0,24.58284000,1.23
1621937713628000,0,0.01236000,1.23
1621937713628000,0,363.09777000,1.23
1621937713628000,0,24.59016000,1.23
1621937713628000,0,3160.40877000,1.23
1621937720454000,1,4296.07097000,1.23
1621937736528000,1,1140.00000000,1.23
1621937736528000,1,7019.20235000,1.23
1621937737036000,1,2980.79765000,1.23
1621937737036000,1,3000.00000000,1.23
1621937757559000,1,344.48120000,1.23
1621937758662000,1,344.48120000,1.23
1621937759677000,1,278.67304000,1.23
1621937759677000,1,44.78082000,1.23
1621937760795000,1,220.92537000,1.23
1621937762040000,1,180.31401000,1.23
1621937763156000,1,147.16800000,1.23
1621937764271000,1,137.23056000,1.23
1621937765376000,1,101.33846000,1.23
1621937767425000,0,600.00000000,1.23
1621937767425000,0,3000.00000000,1.23
1621937767425000,0,1223.88036000,1.23
1621937767425000,0,1223.80547000,1.23
1621937767425000,0,952.31417000,1.23
1621937774123000,1,304.99002000,1.23
1621937776049000,1,239.44473000,1.23
1621937776656000,0,304.99000000,1.23
1621937776656000,0,600.00000000,1.23
1621937776656000,0,95.01000000,1.23
1621937783961000,0,239.45000000,1.23
1621937783961000,0,260.55000000,1.23
1621937797837000,0,90.00000000,1.23
1621937856379000,1,367.89829000,1.23
1621937922250000,1,124.51667000,1.23
1621937922455000,1,30.40000000,1.23
1621937922625000,1,25.84846000,1.23
1621937922787000,1,786.83416000,1.23
1621937922953000,1,0.00001000,1.23
1621937922953000,1,62.35381000,1.23
1621937923129000,1,905.28162000,1.23
1621937923341000,1,0.00001000,1.23
1621937923341000,1,1507.63660000,1.23
1621937923437000,1,1180.44996000,1.23
1621937923540000,1,311.91344000,1.23
1621937923540000,1,160.55379000,1.23
1621937924631000,1,443.08000000,1.23
1621937925190000,1,364.00164000,1.23
1621937925395000,1,0.00001000,1.23
1621937925395000,1,103.23951000,1.23
1621937928377000,1,103.02996000,1.23
1621937950904000,0,142.59863000,1.23
1621937951102000,1,135.11740000,1.23
1621937952203000,1,110.28200000,1.23
1621937955264000,1,106.35428000,1.23
1621937955423000,1,336.79924000,1.23
1621937982868000,1,579.63145000,1.23
1621937983051000,1,2419.96867000,1.23
1621937983122000,1,761.35840000,1.23
1621937983129000,1,967.63544000,1.23
1621937983218000,1,967.63544000,1.23
1621937983264000,1,788.18556000,1.22
1621937983264000,1,27.57457000,1.22
1621937984010000,0,788.18556000,1.22
1621938015851000,0,582.81675000,1.23
1621938187182000,0,24.27695000,1.23
1621938204012000,0,286.92790000,1.23
1621938239744000,1,100.00000000,1.22
1621938244076000,0,220.09250000,1.23
1621938246289000,0,68.70265000,1.23
1621938246289000,0,151.60333000,1.23
1621938253783000,0,290.18933000,1.23
1621938304208000,1,138.80378000,1.23
1621938305733000,1,113.28830000,1.23
1621938309109000,1,715.49731000,1.23
1621938309109000,1,252.09476000,1.22
1621938341485000,1,27.42521000,1.22
1621938344313000,1,354.12906000,1.22
1621938344313000,1,967.59207000,1.22
1621938344313000,1,806.97903000,1.22
1621938344313000,1,967.59207000,1.22
1621938345404000,1,967.59207000,1.22
1621938389249000,1,201.82239000,1.22
1621938414852000,0,160.90000000,1.22
1621938434500000,1,765.76968000,1.22
1621938463285000,0,100.76605000,1.22
1621938464403000,0,100.76605000,1.22
1621938465516000,0,100.76605000,1.22
1621938466619000,0,110.96072000,1.22
1621938467746000,0,110.96072000,1.22
1621938468881000,0,110.96072000,1.22
1621938470025000,0,110.96072000,1.22
1621938471172000,0,110.96072000,1.22
1621938472303000,0,110.49032000,1.22
1621938472303000,0,0.47040000,1.22
1621938473544000,0,110.96072000,1.22
1621938474553000,0,110.96072000,1.22
1621938475821000,0,88.60816000,1.22
1621938475821000,0,22.35256000,1.22
1621938476945000,0,110.96072000,1.22
1621938478070000,0,110.96072000,1.22
1621938479199000,0,110.96072000,1.22
1621938631849000,1,600.00000000,1.22
1621938631875000,1,967.59206000,1.22
1621938631899000,1,0.00001000,1.22
1621938632028000,0,644.02904000,1.22
1621938632051000,1,538.46552000,1.22
1621938632115000,0,262.01853000,1.22
1621938748741000,0,216.28390000,1.22
1621938755243000,1,632.33342000,1.22
1621938755257000,1,632.33342000,1.22
1621938756441000,1,269.99999000,1.22
1621938759776000,1,632.33119000,1.22
1621938759805000,1,0.00223000,1.22
1621938759810000,1,632.33342000,1.22
1621938759810000,1,967.77192000,1.22
1621938759810000,1,573.94467000,1.22
1621938759898000,1,377.11534000,1.22
1621938759898000,1,363.76465000,1.22
1621938759916000,0,144.51000000,1.22
1621938759924000,1,859.22535000,1.22
1621938759924000,1,108.54657000,1.22
1621938759935000,0,120.37553000,1.22
1621938760274000,0,702.88435000,1.22
1621938760274000,0,446.43565000,1.22
1621938760427000,1,490.19288000,1.22
1621938760432000,1,109.80712000,1.22
1621938760511000,1,859.22535000,1.22
1621938760542000,1,967.77192000,1.22
1621938760555000,1,967.77192000,1.22
1621938760557000,1,967.77192000,1.22
1621938760670000,1,600.00000000,1.22
1621938760670000,1,367.77192000,1.22
1621938760674000,1,600.00000000,1.22
1621938760674000,1,311.00000000,1.22
1621938760674000,1,28.34048000,1.22
1621938760674000,1,28.43144000,1.22
1621938760687000,1,939.34048000,1.22
1621938760687000,1,28.43144000,1.22
1621938760687000,1,922.00000000,1.22
1621938760822000,0,490.18962000,1.22
1621938762643000,1,661.41038000,1.22
1621938769167000,1,1104.00000000,1.22
1621938769868000,1,1098.45000000,1.22
1621938770509000,1,1092.66000000,1.22
1621938771483000,1,1086.98000000,1.22
1621938772473000,1,1081.97000000,1.22
1621938772845000,1,1155.93000000,1.22
1621938772858000,1,600.00000000,1.22
1621938772858000,1,555.92999000,1.22
1621938772952000,1,429.70174000,1.22
1621938772997000,1,77.37234000,1.22
1621938773067000,1,570.38592000,1.22
1621938773866000,1,770.67857000,1.22
1621938778531000,1,156.26886000,1.22
1621938783925000,1,294.66143000,1.22
1621938783925000,1,1050.29194000,1.22
1621938784257000,1,11.04806000,1.22
1621938784257000,1,37.50000000,1.22
1621938784257000,1,755.12049000,1.22
1621938784305000,1,218.34818000,1.22
1621938787233000,1,311.00000000,1.22
1621938787269000,1,320.86494000,1.22
1621938787312000,1,130.89506000,1.22
1621938787681000,1,109.02304000,1.22
1621938787805000,1,201.38696000,1.22
1621938787805000,1,109.02303000,1.22
1621938788014000,1,669.38798000,1.22
1621938788315000,1,74.57700000,1.22
1621938794182000,1,215.13199000,1.22
1621938794182000,1,43.55000000,1.22
1621938794879000,1,474.35208000,1.22
1621938795300000,1,81.75000000,1.22
1621938807619000,1,214.31123000,1.22
1621938807636000,1,214.31123000,1.22
1621938807734000,1,42.59546000,1.22
1621938807734000,1,171.71577000,1.22
1621938807738000,1,214.31123000,1.22
1621938807751000,1,214.31123000,1.22
1621938807816000,1,214.31123000,1.22
1621938808306000,1,252.46054000,1.22
1621938808306000,1,386.94402000,1.22
1621938808557000,1,214.31123000,1.22
1621938809089000,1,250.96616000,1.22
1621938809102000,1,211.86859000,1.22
1621938809102000,1,147.96093000,1.22
1621938810031000,1,660.43274000,1.22
1621938818833000,1,214.31123000,1.22
1621938822047000,1,43.90510000,1.22
1621938822047000,1,265.54490000,1.22
1621938845781000,1,81.74000000,1.22
1621938853112000,1,131.34504000,1.22
1621938853254000,1,203.58000000,1.22
1621938859872000,0,599.65565000,1.22
1621938879980000,0,0.34435000,1.22
1621938879980000,0,81.52963000,1.22
1621938880168000,0,204.68776000,1.22
1621938880408000,0,286.56677000,1.22
1621938881967000,0,81.78655000,1.22
1621938882091000,0,26.95892000,1.22
1621938882211000,1,81.78655000,1.22
1621938904622000,1,247.30536000,1.22
1621938993703000,1,34.00000000,1.22
1621939256906000,1,1019.98946000,1.22
1621939290916000,1,0.51054000,1.22
1621939290916000,1,72.60746000,1.22
1621939291170000,1,73.11100000,1.22
1621939297101000,1,410.99000000,1.22
1621939298143000,1,159.97548000,1.22
1621939298144000,1,304.82606000,1.22
1621939298144000,1,142.77967000,1.22
1621939298974000,1,251.01447000,1.22
1621939299124000,1,418.29000000,1.22
1621939299307000,1,215.93586000,1.22
1621939299307000,1,34.92936000,1.22
1621939299309000,1,250.84958000,1.22
1621939301141000,1,196.59545000,1.22
1621939301357000,1,443.31999000,1.22
1621939301433000,1,105.28562000,1.22
1621939301433000,1,172.86991000,1.22
1621939394033000,1,181.71001000,1.22
1621939394055000,1,418.28999000,1.22
1621939394055000,1,45.22690000,1.22
1621939394892000,1,721.70837000,1.22
1621939394901000,1,122.57222000,1.22
1621939433951000,0,685.69130000,1.22
1621939453476000,1,147.65274000,1.22
1621939490394000,1,538.50148000,1.22
1621939490394000,1,133.23605000,1.22
1621939493218000,1,337.05111000,1.22
1621939694076000,0,81.12032000,1.22
1621939750506000,0,600.00000000,1.22
1621939750506000,0,967.91284000,1.22
1621939750506000,0,1138.16497000,1.22
1621939750620000,1,600.00000000,1.22
1621939817549000,1,276.66474000,1.22
1621939817614000,1,276.66474000,1.22
1621939874185000,1,159.40798000,1.22
1621939874241000,1,311.00000000,1.22
1621939874241000,1,208.00410000,1.22
1621939924624000,0,44.95365000,1.22
1621939934068000,1,203.91999000,1.22
1621940054341000,1,204.55999000,1.22
1621940062018000,0,284.98081000,1.22
1621940062031000,0,284.98083000,1.22
1621940075649000,1,600.00000000,1.22
1621940075802000,1,257.75997000,1.22
1621940085479000,1,274.08866000,1.22
1621940085498000,1,278.85983000,1.22
1621940132721000,1,278.14359000,1.22
1621940132770000,1,278.14359000,1.22
1621940132805000,1,278.14359000,1.22
1621940132851000,1,278.14359000,1.22
1621940224823000,1,977.30732000,1.22
1621940224837000,1,977.30732000,1.22
1621940225093000,1,370.04036000,1.22
1621940225209000,1,3447.94055000,1.22
1621940278016000,1,894.41660000,1.22
1621940279183000,1,632.17998000,1.22
1621940280137000,1,164.12220000,1.22
1621940294637000,1,204.21999000,1.22
1621940414792000,1,203.82999000,1.22
1621940420794000,1,463.11284000,1.22
1621940420794000,1,556.30284000,1.22
1621940420794000,1,1003.33000000,1.22
1621940420794000,1,537.24716000,1.22
1621940420852000,1,463.11284000,1.22
1621940420852000,1,814.97319000,1.22
1621940420852000,1,572.55716000,1.22
1621940420968000,1,463.11284000,1.22
1621940420968000,1,483.21714000,1.22
1621940421059000,1,330.93750000,1.22
1621940421059000,1,818.77248000,1.22
1621940422383000,1,166.85460000,1.22
1621940436786000,1,74.07292000,1.22
1621940436786000,1,958.03602000,1.22
1621940436897000,1,122.10397000,1.22
1621940436909000,1,0.00001000,1.22
1621940436909000,1,815.54510000,1.22
1621940436909000,1,94.44986000,1.22
1621940456926000,0,132.01301000,1.22
1621940457344000,0,331.09982000,1.22
1621940463300000,0,488.41375000,1.22
1621940475104000,0,217.10999000,1.22
1621940523798000,0,685.36988000,1.22
1621940523802000,0,50.87112000,1.22
1621940523802000,0,2860.40058000,1.22
1621940524044000,1,685.36830000,1.22
1621940524044000,1,108.67000000,1.22
1621940524147000,0,150.26687000,1.22
1621940524220000,0,134.44305000,1.22
1621940524232000,0,150.20036000,1.22
1621940524272000,0,150.21652000,1.22
1621940524274000,0,150.20036000,1.22
1621940524390000,0,509.81689000,1.22
1621940544776000,0,3000.00000000,1.22
1621940544856000,0,1224.58477000,1.22
1621940544857000,0,967.97114000,1.22
1621940544857000,0,224.80123000,1.22
1621940545004000,1,1224.58477000,1.22
1621940545065000,1,967.97114000,1.22
1621940548408000,0,874.88813000,1.22
1621940548460000,0,349.69664000,1.22
1621940548460000,0,843.26692000,1.22
1621940548790000,0,1192.96356000,1.22
1621940549007000,0,31.62120000,1.22
1621940549223000,0,0.00001000,1.22
1621940549223000,0,156.51661000,1.22
1621940549379000,0,0.00001000,1.22
1621940549379000,0,967.96527000,1.22
1621940549753000,0,0.00001000,1.22
1621940549753000,0,967.96351000,1.22
1621940552299000,0,1192.96356000,1.22
1621940552501000,0,31.62120000,1.22
1621940552877000,0,0.00001000,1.22
1621940552877000,0,100.29003000,1.22
1621940720722000,1,108.67399000,1.22
1621940720722000,1,287.78904000,1.22
1621940720722000,1,449.54508000,1.22
1621941159158000,1,184.38209000,1.22
1621941159178000,1,0.00001000,1.22
1621941159178000,1,184.38208000,1.22
1621941159181000,1,913.83788000,1.22
1621941255839000,0,184.40470000,1.22
1621941307144000,1,240.70638000,1.22
1621941472045000,0,600.00000000,1.22
1621941472045000,0,1400.03000000,1.22
1621941472045000,0,37.50000000,1.22
1621941472045000,0,967.88969000,1.22
1621941472045000,0,1224.25494000,1.22
1621941472045000,0,914.47006000,1.22
1621941472045000,0,967.88463000,1.22
1621941472045000,0,653.80452000,1.23
1621941658644000,1,508.43929000,1.22
1621941735925000,0,733.85000000,1.22
1621941735964000,0,0.00412000,1.22
1621941735964000,0,733.85412000,1.22
1621941735964000,0,300.71176000,1.22
1621941736158000,0,204.06452000,1.22
1621941736267000,1,733.85000000,1.22
1621941816987000,1,458.17999000,1.22
1621941825214000,0,107.74527000,1.22
1621941827561000,0,104.37494000,1.22
1621941830102000,0,101.60712000,1.22
1621941832863000,0,104.67681000,1.22
1621941834834000,0,106.65770000,1.22
1621941839537000,0,108.16176000,1.23
1621941840613000,0,100.81928000,1.23
1621941844702000,0,117.45927000,1.23
1621941846590000,0,128.96551000,1.23
1621941848018000,0,175.45397000,1.23
1621941849758000,0,190.11463000,1.23
1621941851394000,0,114.49546000,1.23
1621941852629000,0,105.68141000,1.23
1621941860651000,0,105.33458000,1.23
1621941861812000,0,105.33458000,1.23
1621941862928000,0,105.33458000,1.23
1621941864090000,0,105.33458000,1.23
1621941867928000,0,106.12866000,1.23
1621941966505000,0,203.22805000,1.22
1621941973454000,1,600.00000000,1.22
1621941973454000,1,202.28333000,1.22
1621941973454000,1,9541.82001000,1.22
1621941973454000,1,2589.91666000,1.22
1621941976213000,0,194.02023000,1.23
1621941977367000,0,190.86646000,1.23
1621941978421000,0,165.61718000,1.23
1621941979532000,0,135.12586000,1.23
1621941980544000,0,120.53764000,1.23
1621942216472000,0,203.48987000,1.23
1621942302596000,1,50.10000000,1.22
1621942336453000,0,204.04506000,1.23
1621942456687000,0,204.05019000,1.23
1621942594045000,0,367.38790000,1.23
1621942640526000,0,232.61209000,1.23
1621942640627000,0,0.00001000,1.23
1621942640627000,0,2436.53000000,1.23
1621942640764000,0,600.00000000,1.23
1621942640764000,0,367.78265000,1.23
1621942640765000,0,232.21735000,1.23
1621942640765000,0,735.58705000,1.23
1621942640770000,0,232.21735000,1.23
1621942640770000,0,735.56530000,1.23
1621942640794000,0,232.23069000,1.23
1621942640794000,0,967.78988000,1.23
1621942640891000,1,600.00000000,1.23
1621942640894000,0,967.78265000,1.23
1621942640896000,0,967.78265000,1.23
1621942640896000,0,0.02372000,1.23
1621942640953000,1,135.56530000,1.23
1621942696845000,0,206.09244000,1.23
1621942821284000,0,203.76383000,1.22
1621943004989000,0,374.00000000,1.23
1621943057109000,1,204.26694000,1.23
1621943108981000,1,3000.00000000,1.22
1621943108988000,1,7000.00000000,1.22
1621943170024000,0,77.73653000,1.22
1621943417135000,0,203.68820000,1.23
1621943491342000,1,560.31177000,1.23
1621943788803000,1,245.46817000,1.23
1621943788915000,1,1711.40711000,1.23
1621943796520000,0,408.26000000,1.23
1621943796743000,0,118.49962000,1.23
1621943796779000,0,33.55038000,1.23
1621943796849000,1,254.78800000,1.23
1621943799256000,1,114.62557000,1.23
1621943799256000,1,882.82808000,1.23
1621943799888000,1,421.33436000,1.23
1621943831974000,1,734.32999000,1.23
1621943914514000,0,1223.64574000,1.23
1621943914514000,0,3000.00000000,1.23
1621943914514000,0,1223.65073000,1.23
1621943914514000,0,1260.01000000,1.23
1621943914514000,0,967.68520000,1.23
1621943914514000,0,1908.80871000,1.23
1621943918474000,1,967.70298000,1.23
1621943918474000,1,967.66388000,1.22
1621943918474000,1,2234.62292000,1.22
1621943918474000,1,967.64773000,1.22
1621943919621000,1,17.81646000,1.22
1621943919621000,1,967.64773000,1.22
1621943919621000,1,7173.50516000,1.22
1621944011946000,1,778.36841000,1.22
1621944017849000,0,204.02849000,1.23
1621944054728000,1,978.54816000,1.22
1621944101055000,1,3375.39351000,1.22
1621944101200000,1,3000.00000000,1.22
1621944101216000,1,967.64773000,1.22
1621944134366000,1,910.43471000,1.22
1621944134380000,1,967.64773000,1.22
1621944134438000,1,605.98352000,1.22
1621944134444000,1,967.64773000,1.22
1621944134527000,1,967.64773000,1.22
1621944134575000,1,967.64773000,1.22
1621944134586000,1,967.64773000,1.22
1621944134591000,1,1223.91032000,1.22
1621944134666000,1,311.00000000,1.22
1621944134716000,1,294.98352000,1.22
1621944134716000,1,311.00000000,1.22
1621944134716000,1,361.66421000,1.22
1621944134872000,1,311.00000000,1.22
1621944134900000,1,294.98352000,1.22
1621944134900000,1,928.92680000,1.22
1621944135027000,1,294.98352000,1.22
1621944135027000,1,605.98352000,1.22
1621944135053000,0,66.68069000,1.22
1621944135053000,0,548.77050000,1.22
1621944135053000,0,400.38514000,1.22
1621944135766000,1,600.00000000,1.22
1621944135766000,1,322.00000000,1.22
1621944135900000,1,600.00000000,1.22
1621944135900000,1,367.64773000,1.22
1621944135914000,1,600.00000000,1.22
1621944135914000,1,1223.84541000,1.22
1621944135914000,1,1026.44014000,1.22
1621944135914000,1,1115.61000000,1.22
1621944135914000,1,1114.26000000,1.22
1621944135914000,1,257.60232000,1.22
1621944136009000,1,856.19768000,1.22
1621944136009000,1,967.64773000,1.22
1621944136009000,1,215.89693000,1.22
1621944136010000,0,600.00000000,1.22
1621944136042000,1,751.75080000,1.22
1621944136042000,1,215.89693000,1.22
1621944136062000,1,380.44942000,1.22
1621944136064000,0,623.84541000,1.22
1621944136310000,1,967.64773000,1.22
1621944137884000,1,204.12679000,1.22
1621944138241000,1,205.71678000,1.22
1621944138410000,1,200.80000000,1.22
1621944239100000,1,241.66922000,1.22
1621944323508000,1,424.80584000,1.22
1621944378127000,0,204.04348000,1.23
1621944389143000,0,347.30000000,1.23
1621944389578000,0,2448.65000000,1.23
1621944398713000,0,910.46000000,1.23
1621944498592000,0,0.00424000,1.23
1621944498592000,0,204.02925000,1.23
1621944669792000,0,62.55401000,1.23
1621944711189000,0,62.84263000,1.23
1621944738618000,0,203.98355000,1.23
1621944857730000,1,298.29379000,1.23
1621944858899000,0,203.95692000,1.23
1621944973628000,0,16.30904000,1.23
1621944979166000,0,203.95692000,1.23
1621945068129000,0,302.59464000,1.23
1621945099206000,0,203.92032000,1.23
1621945168253000,1,434.67553000,1.23
1621945168685000,1,408.54287000,1.23
1621945168971000,1,689.32395000,1.23
1621945169038000,1,739.72325000,1.23
1621945169180000,1,739.72325000,1.23
1621945219372000,0,203.92364000,1.23
1621945339493000,0,203.95359000,1.23
1621945408781000,1,109.08838000,1.23
1621945436413000,1,233.85896000,1.22
1621945574077000,1,149.65176000,1.22
1621945574215000,0,203.99019000,1.22
1621945574325000,1,219.92419000,1.22
1621945579892000,0,203.97522000,1.23
1621945661553000,1,282.30978000,1.22
1621945732223000,0,600.00000000,1.23
1621945732223000,0,367.72802000,1.23
1621945732268000,0,1223.49600000,1.23
1621945732278000,0,1408.77598000,1.23
1621945732308000,0,967.72165000,1.23
1621945732320000,1,600.00000000,1.23
1621945732361000,0,0.00001000,1.23
1621945732361000,0,967.72804000,1.23
1621945732361000,0,1223.49602000,1.23
1621945732361000,0,967.70731000,1.23
1621945732361000,0,160.65178000,1.23
1621945732415000,1,600.00000000,1.23
1621945732472000,1,367.72168000,1.23
1621945732676000,0,600.00000000,1.23
1621945732676000,0,1223.49602000,1.23
1621945732676000,0,600.00000000,1.23
1621945732676000,0,5113.89901000,1.23
1621945797253000,0,879.18834000,1.23
1621945797393000,0,592.07858000,1.23
1621945820085000,0,203.93196000,1.23
1621946085041000,1,202.85274000,1.22
1621946099268000,1,81.78564000,1.22
1621946148024000,1,2403.44000000,1.22
1621946152214000,1,596.56000000,1.22
1621946152214000,1,829.40590000,1.22
1621946152214000,1,311.00000000,1.22
1621946152214000,1,2263.03410000,1.22
1621946155475000,1,3000.00000000,1.22
1621946155475000,1,311.00000000,1.22
1621946155475000,1,689.00000000,1.22
1621946180230000,0,203.99520000,1.23
1621946198726000,0,209.35687000,1.23
1621946204089000,0,209.36505000,1.23
1621946300479000,0,204.05181000,1.23
1621946421529000,1,75.01600000,1.22
1621946432272000,1,202.68375000,1.23
1621946500902000,0,447.06000000,1.23
1621946501065000,0,179.52000000,1.23
1621946613014000,0,203.56324000,1.22
1621946660803000,0,160.52342000,1.23
1621946772360000,1,482.44999000,1.22
1621946773977000,1,274.82010000,1.22
1621946774182000,1,235.93999000,1.22
1621946781064000,0,203.86721000,1.23
1621946787677000,1,24.49295000,1.22
1621946796115000,1,30.01582000,1.22
1621946901195000,0,204.04030000,1.23
1621947021410000,0,204.04122000,1.23
1621947063093000,0,81.76746000,1.23
1621947141517000,0,204.03289000,1.23
1621947258921000,1,957.88207000,1.22
1621947258921000,1,957.88207000,1.22
1621947258921000,1,4011.54129000,1.22
1621947258921000,1,10000.00000000,1.22
1621947259010000,0,957.88207000,1.22
1621947259040000,0,8160.06789000,1.22
1621947259174000,0,287.88380000,1.22
1621947259557000,0,8160.06789000,1.22
1621947260843000,0,287.88380000,1.22
1621947261629000,0,204.21124000,1.22
1621947262739000,0,287.88380000,1.22
1621947263866000,0,287.88380000,1.22
1621947264996000,0,287.88380000,1.22
1621947266185000,0,243.14586000,1.22
1621947267321000,0,243.14586000,1.22
1621947290331000,0,122.68479000,1.22
1621947332919000,0,423.26964000,1.22
1621947333011000,0,81.78577000,1.22
1621947333232000,0,94.94458000,1.22
1621947422555000,0,348.29000000,1.22
1621947489921000,0,63.08564000,1.22
1621947529281000,0,520.49679000,1.22
1621947543037000,0,338.15863000,1.22
1621947545882000,1,272.06778000,1.22
1621947641777000,0,204.83950000,1.22
1621947653946000,0,386.15308000,1.22
1621947661646000,0,649.10163000,1.22
1621947662171000,0,1661.22510000,1.22
1621947662214000,1,27.93222000,1.22
1621947662214000,1,178.82276000,1.22
1621947662379000,0,1056.98682000,1.22
1621947662379000,0,649.74265000,1.22
1621947668498000,0,299.16536000,1.22
1621947718205000,1,855.72999000,1.22
1621947983840000,0,694.73882000,1.22
1621947984487000,0,694.73882000,1.22
1621948074977000,1,600.00000000,1.22
1621948074977000,1,27.06686000,1.22
1621948075244000,0,599.99510000,1.22
1621948085840000,0,490.35000000,1.22
1621948101763000,0,203.99345000,1.22
1621948104214000,0,796.28000000,1.22
1621948104217000,0,1020.38000000,1.22
1621948136064000,0,1226.25000000,1.22
1621948138020000,0,192.24093000,1.22
1621948396203000,1,599.99184000,1.22
1621948396379000,1,0.00816000,1.22
1621948396379000,1,361.49523000,1.22
1621948596295000,0,612.32000000,1.22
1621948629913000,0,203.78315000,1.22
1621948733087000,1,226.17016000,1.22
1621948784480000,0,879.40130000,1.22
1621948784533000,0,1030.77613000,1.22
1621948822017000,0,204.93156000,1.22
1621948824242000,0,103.62973000,1.22
1621948830327000,0,951.04000000,1.22
1621948830511000,0,417.10000000,1.22
1621948852201000,1,631.61508000,1.22
1621948852220000,1,0.00064000,1.22
1621948852220000,1,404.21608000,1.22
1621948852361000,1,563.69209000,1.22
1621948852374000,1,0.00215000,1.22
1621948852374000,1,445.52105000,1.22
1621948880269000,0,484.24000000,1.22
1621948942007000,0,203.72082000,1.22
1621949002626000,0,1140.00000000,1.22
1621949002626000,0,1140.00000000,1.22
1621949002626000,0,719.99000000,1.22
1621949002695000,0,2280.01000000,1.22
1621949002695000,0,12033.12000000,1.22
1621949005725000,0,722.50000000,1.22
1621949005758000,0,436.56000000,1.22
1621949005758000,0,1010.30077000,1.22
1621949005758000,0,695.53923000,1.22
1621949006034000,0,335.05000000,1.22
1621949006161000,0,486.20000000,1.22
1621949006379000,0,335.62000000,1.22
1621949006502000,0,487.04000000,1.22
1621949078311000,0,1098.92643000,1.22
1621949234439000,1,286.67846000,1.22
1621949302430000,1,204.45961000,1.22
1621949322688000,0,151.28134000,1.22
1621949323605000,0,1722.82000000,1.22
1621949323792000,0,3338.91000000,1.22
1621949365407000,0,1140.00000000,1.22
1621949365407000,0,1140.00000000,1.22
1621949365407000,0,2496.64000000,1.22
1621949367891000,0,101.93182000,1.22
1621949384238000,0,4781.05000000,1.22
1621949424590000,0,151.38000000,1.22
1621949444964000,1,495.58442000,1.22
1621949461211000,1,1542.41419000,1.22
1621949486620000,0,131.50157000,1.22
1621949542412000,1,19.36581000,1.22
1621949542412000,1,184.63228000,1.22
1621949557079000,1,1367.11772000,1.22
1621949557079000,1,1550.72000000,1.22
1621949558031000,0,1540.53000000,1.22
1621949558800000,0,1520.94000000,1.22
1621949559289000,0,1511.40000000,1.22
1621949559797000,0,1501.95000000,1.22
1621949560287000,0,1492.63000000,1.22
1621949561069000,0,1483.62000000,1.22
1621949561512000,0,1474.78000000,1.22
1621949562288000,0,1466.06000000,1.22
1621949562756000,0,1457.49000000,1.22
1621949563217000,0,1228.65833000,1.22
1621949563217000,0,220.40167000,1.22
1621949563999000,0,347.65279000,1.22
1621949563999000,0,37.40010000,1.22
1621949584927000,0,496.45700000,1.22
1621949585398000,0,97.14518000,1.22
1621949722293000,1,204.11253000,1.22
1621949928211000,0,692.27000000,1.22
1621949990661000,0,8.10963000,1.22
1621949990661000,0,624.07922000,1.22
1621950029651000,0,204.21205000,1.22
1621950197338000,0,8162.76554000,1.22
1621950197894000,0,1011.30390000,1.22
1621950447213000,1,327.86150000,1.22
1621950447611000,1,96.50892000,1.22
1621950623455000,1,204.86999000,1.22
1621950678210000,0,16.33036000,1.22
1621951200719000,0,1223.42867000,1.22
1621951214116000,1,437.41040000,1.22
1621951214190000,1,81.97823000,1.22
1621951214283000,1,121.37251000,1.22
1621951214288000,1,204.99840000,1.22
1621951214376000,1,157.25046000,1.22
1621951293629000,1,368.32320000,1.22
1621951362639000,1,204.06649000,1.22
1621951814709000,0,20.43526000,1.22
1621951983631000,1,284.47635000,1.22
1621951983631000,1,25377.68615000,1.22
1621952085322000,0,111.60408000,1.22
1621952291788000,1,91.50990000,1.22
1621952357360000,1,95.00000000,1.22
1621952494557000,1,600.00000000,1.22
1621952510131000,1,17.78675000,1.22
1621952510131000,1,10.50909000,1.22
1621952549070000,1,59.75652000,1.22
1621952590089000,0,348.64838000,1.22
1621952661615000,1,639.92758000,1.22
1621952661635000,1,334.67681000,1.22
1621952661635000,1,1267.44785000,1.22
1621952686278000,0,288.05432000,1.22
1621952686278000,0,558.10462000,1.22
1621952727683000,1,55.05084000,1.22
1621952762194000,0,809.03413000,1.22
1621952784815000,0,377.62341000,1.22
1621952803801000,1,326.55997000,1.22
1621952809109000,1,326.56000000,1.22
1621952852010000,1,133.41125000,1.22
1621952862885000,0,349.02740000,1.22
1621952965600000,1,25.10000000,1.22
1621953195926000,0,150.77533000,1.22
1621953210917000,1,168.50618000,1.22
1621953210917000,1,214.02702000,1.22
1621953274764000,1,600.00000000,1.22
1621953274764000,1,81.74638000,1.22
1621953429837000,1,133.17232000,1.22
1621953585365000,1,101.26653000,1.22
1621953586499000,1,47.28569000,1.22
1621953586499000,1,52.71431000,1.22
1621953595625000,1,103.14414000,1.22
1621953596729000,1,103.14414000,1.22
1621953597833000,1,103.14414000,1.22
1621953598970000,1,103.14414000,1.22
1621953600091000,1,103.14414000,1.22
1621953601228000,1,103.14414000,1.22
1621953602367000,1,103.14414000,1.22
1621953603501000,1,103.14414000,1.22
1621953604659000,1,103.14414000,1.22
1621953605868000,1,103.14414000,1.22
1621953606969000,1,103.14414000,1.22
1621953608090000,1,103.14414000,1.22
1621953609209000,1,103.14414000,1.22
1621953610312000,1,103.14414000,1.22
1621953611446000,1,102.97160000,1.22
1621953618842000,0,261.90164000,1.22
1621953748586000,1,101.53872000,1.22
1621953748586000,1,273.15867000,1.22
1621953823021000,1,165.64772000,1.22
1621953823021000,1,19080.97478000,1.22
1621953829589000,1,204.44449000,1.22
1621953944594000,1,46.00208000,1.22
1621954114478000,0,305.88960000,1.22
1621954121651000,1,41.10053000,1.22
1621954154994000,0,999.91826000,1.22
1621954172973000,0,383.02969000,1.22
1621954209503000,0,291.83087000,1.22
1621954212787000,0,100.47357000,1.22
1621954270537000,1,132.56333000,1.22
1621954270537000,1,308.24798000,1.22
1621954270537000,1,357.13354000,1.22
1621954345599000,1,60.19895000,1.22
1621954396952000,1,10496.69024000,1.22
1621954416907000,1,208.99598000,1.22
1621954417096000,1,25.10000000,1.22
1621954417128000,1,234.09598000,1.22
1621954463781000,1,6763.22021000,1.22
1621954570868000,0,289.70889000,1.22
1621954574813000,1,654.19472000,1.22
1621954753906000,0,490.28713000,1.22
1621954815364000,0,118.31249000,1.22
1621954818035000,0,371.50543000,1.22
1621954818279000,0,3923.59067000,1.22
1621954828689000,0,8165.69835000,1.22
1621954839726000,0,264.67591000,1.22
1621954839802000,0,265.27983000,1.22
1621954843294000,0,264.92707000,1.22
1621954922721000,0,250.98136000,1.22
1621954922721000,0,7913.71693000,1.22
1621954933610000,0,200.56923000,1.22
1621954937783000,0,156.37852000,1.22
1621954938920000,0,156.37852000,1.22
1621954940165000,0,156.37852000,1.22
1621954940630000,0,8164.33166000,1.22
1621954941149000,0,8164.33166000,1.22
1621954941307000,0,156.37852000,1.22
1621954941705000,0,8164.33166000,1.22
1621954942400000,0,156.37852000,1.22
1621954943537000,0,156.37832000,1.22
1621954944649000,0,142.66638000,1.22
1621954946164000,0,126.50910000,1.22
1621954947278000,0,126.50910000,1.22
1621954948385000,0,126.50910000,1.22
1621954948437000,0,174.29226000,1.22
1621954949661000,0,103.29476000,1.22
1621954950780000,0,103.29476000,1.22
1621954952011000,0,103.29476000,1.22
1621954994422000,0,8164.79828000,1.22
1621954994980000,0,8164.79828000,1.22
1621955025375000,0,1200.44674000,1.22
1621955030233000,1,260.17060000,1.22
1621955030508000,1,298.94754000,1.22
1621955030854000,0,298.88964000,1.22
1621955031630000,0,625.82091000,1.22
1621955035789000,0,172.76242000,1.22
1621955037538000,0,131.04938000,1.22
1621955037546000,1,275.54660000,1.22
1621955040967000,0,726.11210000,1.22
1621955040967000,0,3870.25507000,1.22
1621955062563000,0,8165.16495000,1.22
1621955063094000,0,8165.16495000,1.22
1621955063702000,0,8165.16495000,1.22
1621955075051000,0,204.45215000,1.22
1621955075409000,0,204.40738000,1.22
1621955077260000,0,8165.16495000,1.22
1621955077782000,0,8165.16495000,1.22
1621955078344000,0,8165.16495000,1.22
1621955085621000,0,313.04092000,1.22
1621955104813000,1,220.71567000,1.22
1621955238531000,1,85.26559000,1.22
1621955238531000,1,1246.60000000,1.22
1621955238531000,1,1244.58000000,1.22
1621955254226000,0,366.73550000,1.22
1621955269150000,0,228.72844000,1.22
1621955277979000,0,634.89617000,1.22
1621955360271000,1,1133.86229000,1.22
1621955360271000,1,1433.24000000,1.22
1621955360271000,1,1431.79000000,1.22
1621955360454000,0,5377.61521000,1.22
1621955464390000,0,368.28742000,1.22
1621955464494000,0,556.54016000,1.22
1621955491489000,0,367.94698000,1.22
1621955501140000,0,365.60048000,1.22
1621955508401000,0,365.79164000,1.22
1621955778614000,0,166.81158000,1.22
1621955779733000,0,176.93555000,1.22
1621955780822000,0,176.93555000,1.22
1621955781962000,0,176.93555000,1.22
1621955783170000,0,187.26597000,1.22
1621955784297000,0,140.99205000,1.22
1621955785444000,0,140.99204000,1.22
1621955786096000,0,40.57909000,1.22
1621955798128000,0,176.01991000,1.22
1621955823472000,0,494.52762000,1.22
1621955861752000,1,161.70430000,1.22
1621955879985000,0,112.59738000,1.22
1621955879996000,0,204.55492000,1.22
1621955887577000,0,148.65134000,1.22
1621955888725000,0,148.65134000,1.22
1621955890223000,0,111.37326000,1.22
1621955908300000,0,300.66057000,1.22
1621955908313000,1,300.66303000,1.22
1621955908455000,1,307.54174000,1.22
1621955908923000,0,106.45062000,1.22
1621955919274000,1,175.98826000,1.22
1621955919274000,1,125.09156000,1.22
1621955956494000,0,103.32014000,1.22
1621955957630000,0,103.32014000,1.22
1621956008019000,1,600.00000000,1.22
1621956008019000,1,1290.42570000,1.22
1621956008019000,1,1448.62000000,1.22
1621956008019000,1,1027.32000000,1.22
1621956008019000,1,1066.27000000,1.22
1621956008019000,1,3000.00000000,1.22
1621956008019000,1,1225.19491000,1.22
1621956008019000,1,311.00000000,1.22
1621956008019000,1,1225.26497000,1.22
1621956008019000,1,922.00000000,1.22
1621956008019000,1,2041.43293000,1.22
1621956008019000,1,968.20751000,1.22
1621956008019000,1,10511.43358000,1.22
1621956008019000,1,968.20751000,1.22
1621956008019000,1,968.20751000,1.22
1621956008019000,1,555.93538000,1.22
1621956662585000,0,204.06910000,1.22
1621956662590000,0,397.63852000,1.22
1621956943796000,1,983.21498000,1.22
1621956944914000,0,202.36147000,1.22
1621956944968000,0,496.44331000,1.22
1621956959480000,0,39.15012000,1.22
1621956959480000,0,5231.39269000,1.22
1621956964663000,0,2999.99970000,1.22
1621956964879000,0,2336.85354000,1.22
1621956964879000,0,663.14616000,1.22
1621956965447000,0,582.53907000,1.22
1621956965797000,0,968.46000000,1.22
1621956965857000,0,968.44000000,1.22
1621956965994000,0,164.36004000,1.22
1621956966132000,0,582.53888000,1.22
1621956966452000,1,406.96666000,1.22
1621956966463000,0,221.56756000,1.22
1621956966487000,0,744.99591000,1.22
1621956968038000,0,122.89441000,1.22
1621956968363000,0,100.55656000,1.22
1621956971298000,1,406.93847000,1.22
1621956972735000,1,77.23078000,1.22
1621956972735000,1,22.76922000,1.22
1621956973978000,1,400.72314000,1.22
1621956975103000,1,369.66907000,1.22
1621956975670000,0,1096.74163000,1.22
1621956976131000,0,283.90129000,1.22
1621956976180000,1,90.19906000,1.22
1621956976180000,1,9.80094000,1.22
1621956976217000,0,301.43833000,1.22
1621956977592000,1,313.59200000,1.22
1621956978779000,1,286.67309000,1.22
1621956979452000,0,71.50945000,1.22
1621956980627000,1,265.95820000,1.22
1621956981737000,1,150.64231000,1.22
1621956983260000,1,234.57609000,1.22
1621956984485000,0,410.67000000,1.22
1621956985220000,0,218.81000000,1.22
1621956985666000,0,3128.29336000,1.22
1621956991345000,1,1849.20453000,1.22
1621957070062000,1,1197.31471000,1.22
1621957121789000,0,296.54235000,1.22
1621957128267000,0,552.67524000,1.22
1621957149029000,0,542.51000000,1.22
1621957161979000,0,282.81925000,1.22
1621957170325000,0,213.67175000,1.22
1621957170822000,0,474.77442000,1.22
1621957172255000,1,730.00000000,1.22
1621957225027000,0,144.68737000,1.22
1621957270108000,0,178.36764000,1.22
1621957455007000,0,469.45000000,1.22
1621957491982000,0,331.02513000,1.22
1621957567825000,0,268.73818000,1.22
1621957597252000,1,106.22086000,1.22
1621957645225000,0,204.40719000,1.22
1621957740362000,0,8168.76672000,1.22
1621957740895000,0,8168.76672000,1.22
1621957741494000,0,8168.76672000,1.22
1621957765550000,0,204.39900000,1.22
1621957798154000,0,3988.93365000,1.22
1621957826678000,1,128.22320000,1.22
1621957885505000,0,204.35555000,1.22
1621957912250000,0,155.57375000,1.22
1621958005797000,0,204.35555000,1.22
1621958125695000,0,204.36541000,1.22
1621958245852000,0,204.39382000,1.22
1621958366117000,0,204.38044000,1.22
1621958409478000,1,96.58107000,1.22
1621958528660000,0,297.69881000,1.22
1621958606233000,0,204.44785000,1.22
1621958610516000,1,101.34705000,1.22
1621958611635000,1,101.34705000,1.22
1621958612736000,1,1.73816000,1.22
1621958612736000,1,98.26184000,1.22
1621958614869000,1,47.48318000,1.22
1621958614869000,1,55.72067000,1.22
1621958616864000,1,113.30334000,1.22
1621958618057000,1,113.30334000,1.22
1621958619193000,1,113.30334000,1.22
1621958620346000,1,123.50711000,1.22
1621958621551000,1,123.50711000,1.22
1621958622658000,1,133.65000000,1.22
1621958623770000,1,143.69696000,1.22
1621958624891000,1,122.51813000,1.22
1621958632663000,0,600.00000000,1.22
1621958632663000,0,1310.20471000,1.22
1621958633094000,1,122.20225000,1.22
1621958634338000,1,122.20225000,1.22
1621958635436000,1,122.20225000,1.22
1621958646196000,1,281.77258000,1.22
1621958647283000,1,281.77258000,1.22
1621958648381000,1,21.87831000,1.22
1621958726508000,0,160.59408000,1.22
1621958846836000,0,204.52609000,1.22
1621958852453000,0,310.60243000,1.22
1621959087036000,0,204.50602000,1.22
1621959087414000,0,204.68588000,1.22
1621959207383000,0,204.50769000,1.22
1621959327433000,0,204.51773000,1.22
1621959447611000,0,204.53279000,1.22
1621959567817000,0,204.53279000,1.22
1621959631952000,0,599.99999000,1.22
1621959632028000,0,449.41779000,1.22
1621959808082000,0,132.97163000,1.22
1621959928190000,0,204.52070000,1.22
1621960048187000,0,204.47423000,1.22
1621960168414000,0,204.47423000,1.22
1621960186394000,0,105.22672000,1.22
1621960187517000,0,105.22672000,1.22
1621960188858000,0,105.22672000,1.22
1621960190240000,0,105.22672000,1.22
1621960192634000,0,105.22468000,1.22
1621960192762000,0,115.27665000,1.22
1621960195008000,0,115.27665000,1.22
1621960196110000,0,115.27665000,1.22
1621960197564000,0,115.27665000,1.22
1621960199448000,0,115.27665000,1.22
1621960200603000,0,115.27665000,1.22
1621960202244000,0,102.30159000,1.22
1621960204092000,0,8.59272000,1.22
1621960204092000,0,91.40728000,1.22
1621960205497000,0,118.79120000,1.22
1621960207345000,0,118.79120000,1.22
1621960208469000,0,118.79120000,1.22
1621960209673000,0,118.79120000,1.22
1621960210830000,0,118.79120000,1.22
1621960212041000,0,137.69070000,1.22
1621960213197000,0,147.69137000,1.22
1621960214294000,0,169.62113000,1.22
1621960215621000,0,199.70778000,1.22
1621960216982000,0,144.10983000,1.22
1621960251353000,0,110.01724000,1.22
1621960256234000,1,373.25834000,1.22
1621960256349000,1,574.03462000,1.22
1621960256583000,1,61.86283000,1.22
1621960256584000,1,1205.41628000,1.22
1621960256799000,1,441.44220000,1.22
1621960256988000,1,343.98572000,1.22
1621960257054000,1,0.00001000,1.22
1621960257054000,1,243.18041000,1.22
1621960257161000,1,30.73202000,1.22
1621960257183000,1,422.85514000,1.22
1621960257292000,1,217.23243000,1.22
1621960257293000,1,2221.53390000,1.22
1621960257400000,0,313.59200000,1.22
1621960257463000,0,383.17557000,1.22
1621960261591000,1,888.73079000,1.22
1621960261781000,0,758.65704000,1.22
1621960262038000,1,573.45636000,1.22
1621960262951000,0,2061.57836000,1.22
1621960288523000,0,204.45734000,1.22
1621960359312000,0,105.50201000,1.22
1621960360452000,0,105.50201000,1.22
1621960361575000,0,113.66503000,1.22
1621960366462000,0,101.42692000,1.22
1621960367564000,0,111.70889000,1.22
1621960384498000,0,100.43316000,1.22
1621960385565000,0,100.43316000,1.22
1621960528812000,0,204.00975000,1.22
1621960539662000,1,204.49916000,1.22
1621960539662000,1,168.87915000,1.22
1621960539716000,1,204.49915000,1.22
1621960577617000,1,369.51075000,1.22
1621960648898000,0,204.42963000,1.22
1621961009155000,0,204.46887000,1.22
1621961031834000,0,395.53000000,1.22
1621961129334000,0,204.46587000,1.22
1621961214594000,1,1228.93745000,1.22
1621961249272000,0,204.48761000,1.22
1621961369348000,0,204.48594000,1.22
1621961489573000,0,204.48594000,1.22
1621961609622000,0,204.41750000,1.22
1621961729888000,0,204.47758000,1.22
1621961841683000,1,21.99316000,1.22
1621961844814000,1,36.13286000,1.22
1621961849818000,0,204.46085000,1.22
1621962143787000,0,98.50253000,1.22
1621962145669000,0,204.14887000,1.22
1621962237051000,0,26.64816000,1.22
1621962283561000,0,154.02475000,1.22
1621962416532000,1,69.85440000,1.22
1621962572885000,1,127.24671000,1.22
1621962589839000,0,311.11611000,1.22
1621962656570000,0,419.39000000,1.22
1621963390736000,0,231.45999000,1.22
1621963401352000,1,144.27158000,1.22
1621963401805000,1,307.77280000,1.22
1621963401836000,1,226.30948000,1.22
1621963418099000,0,229.86820000,1.22
1621963419855000,0,229.86820000,1.22
1621963421081000,0,219.87005000,1.22
1621963422202000,0,179.57822000,1.22
1621963423305000,0,179.57822000,1.22
1621963424400000,0,146.66938000,1.22
1621963424835000,1,81.96046000,1.22
1621963426857000,1,81.96046000,1.22
1621963445890000,0,102.06063000,1.22
1621963457356000,0,7583.80111000,1.22
1621963480972000,0,286.85775000,1.22
1621963482095000,0,81.94616000,1.22
1621963483217000,0,204.99950000,1.22
1621963483270000,0,163.85018000,1.22
1621963484922000,0,81.87885000,1.22
1621963493179000,0,1544.70799000,1.22
1621963530783000,0,204.40654000,1.22
1621963608116000,0,371.73157000,1.22
1621963612543000,0,499.67690000,1.22
1621963632163000,0,371.19447000,1.22
1621963647932000,1,286.93707000,1.22
1621963647932000,1,286.94191000,1.22
1621963647932000,1,204.91031000,1.22
1621963675629000,1,76.28075000,1.22
1621963748973000,0,371.51613000,1.22
1621963749989000,0,98.48795000,1.22
1621963771079000,0,204.46922000,1.22
1621963858814000,0,104.04709000,1.22
1621963867453000,0,105.04934000,1.22
1621963868584000,0,105.04934000,1.22
1621963870147000,0,133.49418000,1.22
1621963871311000,0,109.02954000,1.22
1621963891065000,0,204.46922000,1.22
1621963924503000,0,100.76361000,1.22
1621963925608000,0,100.76361000,1.22
1621963938320000,0,286.77944000,1.22
1621963938344000,0,81.93619000,1.22
1621963938543000,0,204.84321000,1.22
1621963938657000,0,204.84323000,1.22
1621963939397000,0,139.24936000,1.22
1621963939463000,0,139.25977000,1.22
1621963939545000,0,161.98228000,1.22
1621963939607000,0,256.19936000,1.22
1621963939641000,0,233.51470000,1.22
1621963952075000,0,116.06698000,1.22
1621963953582000,0,116.06698000,1.22
1621963954660000,0,116.06698000,1.22
1621963998537000,0,102.42241000,1.22
1621964001034000,0,8165.96507000,1.22
1621964001596000,0,8165.96507000,1.22
1621964002138000,0,8165.96507000,1.22
1621964002670000,0,2531.53538000,1.22
1621964002670000,0,5634.42969000,1.22
1621964003151000,0,8165.96507000,1.22
1621964011150000,0,204.39836000,1.22
1621964031520000,0,104.32575000,1.22
1621964033147000,0,8165.46498000,1.22
1621964033668000,0,8165.03161000,1.22
1621964034267000,0,4016.09909000,1.22
1621964044732000,0,0.00090000,1.22
1621964046592000,1,506.71999000,1.22
1621964047288000,1,506.87520000,1.22
1621964131290000,0,204.33869000,1.22
1621964215204000,1,20.35680000,1.22
1621964284378000,1,204.32716000,1.22
1621964284482000,0,595.67284000,1.22
1621964491603000,0,204.24702000,1.22
1621964611495000,0,204.32549000,1.22
1621964672117000,0,100.72854000,1.22
1621964731546000,0,204.26323000,1.22
1621964851615000,0,204.21482000,1.22
1621964931870000,1,204.32716000,1.22
1621964931870000,1,168.61619000,1.22
1621964931980000,1,204.31693000,1.22
1621964945541000,1,736.86088000,1.22
1621964946991000,1,985.26994000,1.22
1621964971800000,0,204.20011000,1.22
1621965211782000,0,204.33869000,1.22
1621965332092000,0,204.31638000,1.22
1621965373353000,1,204.20624000,1.22
1621965373353000,1,169.77279000,1.22
1621965452089000,0,204.33050000,1.22
1621965504171000,0,371.52097000,1.22
1621965504215000,0,24.14853000,1.22
1621965504215000,0,371.52096000,1.22
1621965558416000,1,853.55485000,1.22
1621965572347000,0,204.30712000,1.22
1621965581654000,0,395.69285000,1.22
1621965581665000,0,0.00003000,1.22
1621965644072000,0,371.43135000,1.22
1621965691991000,0,204.27373000,1.22
1621965812160000,0,204.27206000,1.22
1621965855105000,1,108.93000000,1.22
1621965923061000,1,151.46147000,1.22
1621965932264000,0,204.27540000,1.22
1621966052270000,0,204.25871000,1.22
1621966172354000,0,204.25203000,1.22
1621966652379000,0,204.23367000,1.22
1621966772558000,0,134.06989000,1.22
1621966792085000,0,178.14648000,1.22
1621967132717000,1,204.23200000,1.22
1621967132717000,1,169.44527000,1.22
1621967140115000,0,231.21669000,1.22
1621967376599000,0,179.63982000,1.22
1621967376613000,0,179.69394000,1.22
1621967376642000,0,179.69394000,1.22
1621967387617000,0,659.98231000,1.22
1621967406731000,0,102.52946000,1.22
1621967407860000,0,106.72847000,1.22
1621967408993000,0,106.72847000,1.22
1621967410193000,0,134.74775000,1.22
1621967411008000,0,373.83327000,1.22
1621967411128000,0,63.52672000,1.22
1621967411377000,0,130.32999000,1.22
1621967413667000,0,147.62593000,1.22
1621967414855000,0,163.51813000,1.22
1621967415212000,1,180.32249000,1.22
1621967415212000,1,600.00000000,1.22
1621967415212000,1,3000.00000000,1.22
1621967415212000,1,550.20680000,1.22
1621967415212000,1,348.97071000,1.22
1621967415936000,0,143.94642000,1.22
1621967422280000,0,101.55036000,1.22
1621967424382000,0,140.38099000,1.22
1621967425439000,0,161.82631000,1.22
1621967428087000,0,135.58020000,1.22
1621967429221000,0,146.12271000,1.22
1621967430405000,0,146.12271000,1.22
1621967431492000,0,119.27170000,1.22
1621967432757000,0,108.22153000,1.22
1621967433845000,0,128.57490000,1.22
1621967717283000,0,2924.53562000,1.22
1621967783172000,0,8161.49975000,1.22
1621967783661000,0,6597.74871000,1.22
1621967783661000,0,1563.75104000,1.22
1621967784226000,0,436.25896000,1.22
1621968203469000,0,629.46403000,1.22
1621968583642000,0,92.82240000,1.22
1621968887050000,1,320.30000000,1.22
1621969053792000,0,204.11527000,1.22
1621969086689000,0,97.94131000,1.22
1621969173705000,0,204.12382000,1.22
1621969317050000,1,276.57199000,1.22
1621969317051000,1,719.70309000,1.22
1621969322393000,1,125.91700000,1.22
1621969413707000,1,137.88141000,1.22
1621969562705000,0,132.73528000,1.22
1621969565103000,1,371.78753000,1.22
1621969565191000,1,433.93225000,1.22
1621969565525000,1,1783.66712000,1.22
1621969565551000,1,180.10576000,1.22
1621969600640000,0,156.74999000,1.22
1621969660566000,1,369.86301000,1.22
1621969661223000,1,369.86299000,1.22
1621969666239000,0,307.87972000,1.22
1621969955439000,0,97.62767000,1.22
1621969957999000,0,97.54626000,1.22
1621969958529000,0,97.54626000,1.22
1621969966519000,0,97.47632000,1.22
1621969967038000,0,97.47632000,1.22
1621969975197000,0,97.40383000,1.22
1621969977760000,0,97.40383000,1.22
1621969984048000,0,97.33216000,1.22
1621969984653000,0,97.33216000,1.22
1621970050729000,0,290.42000000,1.22
1621970306359000,0,97.25821000,1.22
1621970319336000,1,97.25821000,1.22
1621970327552000,0,97.18254000,1.22
1621970411197000,0,59.99710000,1.22
1621970460331000,0,270.67067000,1.22
1621970482124000,1,20.99532000,1.22
1621970485473000,0,183.97281000,1.22
1621970613857000,1,97.18699000,1.22
1621970616670000,0,97.12332000,1.22
1621970627035000,1,97.12332000,1.22
1621970635265000,0,97.05122000,1.22
1621970648247000,1,97.05122000,1.22
1621970656449000,0,96.97998000,1.22
1621970669547000,1,96.97998000,1.22
1621970789279000,0,600.00000000,1.22
1621970789279000,0,400.03239000,1.22
1621971092449000,0,96.89915000,1.22
1621971158036000,1,263.89000000,1.22
1621971193520000,1,113.05743000,1.22
1621971218533000,1,96.90203000,1.22
1621971221396000,0,96.82514000,1.22
1621971225707000,0,600.00000000,1.22
1621971226793000,1,96.82514000,1.22
1621971234846000,0,96.78395000,1.22
1621971257829000,1,723.27025000,1.22
1621971257983000,1,159.76927000,1.22
1621971323512000,1,23.67896000,1.22
1621971326076000,1,874.10847000,1.22
1621971562463000,1,96.78513000,1.22
1621971565183000,0,96.71325000,1.22
1621971573174000,1,96.71325000,1.22
1621971577341000,1,773.47868000,1.22
1621971581306000,0,96.65829000,1.22
1621971623263000,1,6499.57770000,1.22
1621971644995000,1,96.65956000,1.22
1621971715176000,1,996.45556000,1.22
1621971846938000,0,599.94118000,1.22
1621972054652000,0,204.16180000,1.22
1621972174775000,0,204.16680000,1.22
1621972278728000,1,779.35470000,1.22
1621972342820000,1,135.15008000,1.22
1621972360151000,1,193.91499000,1.22
1621972362824000,1,75.55600000,1.22
1621972405539000,1,535.31359000,1.22
1621972442602000,1,204.22017000,1.22
1621972442602000,1,447.38535000,1.22
1621972584566000,1,51.75000000,1.22
1621972652925000,1,20.00653000,1.22
1621972684461000,0,101.78050000,1.22
1621972699712000,0,600.00000000,1.22
1621972699712000,0,108.47658000,1.22
1621972714960000,0,109.93580000,1.22
1621972803711000,1,369.43347000,1.22
1621972805343000,1,163.61235000,1.22
1621972828838000,1,470.76878000,1.22
1621972853205000,0,408.89272000,1.22
1621972853215000,0,191.10728000,1.22
1621972853215000,0,217.72504000,1.22
1621972902459000,0,249.01844000,1.22
1621973148805000,1,685.51329000,1.22
1621973148805000,1,314.48671000,1.22
1621973197993000,0,211.45179000,1.22
1621973197993000,0,115.68685000,1.22
1621973197993000,0,41.92312000,1.22
1621973441102000,0,204.20000000,1.22
1621973625646000,0,368.51834000,1.22
1621973915533000,0,138.86046000,1.22
1621973984448000,1,361.97999000,1.22
1621974484847000,0,368.92739000,1.22
1621974532037000,1,102.18145000,1.22
1621974532037000,1,268.30086000,1.22
1621975111735000,0,175.21607000,1.22
1621975235811000,0,102.17227000,1.22
1621975741697000,1,277.90569000,1.22
1621975804596000,0,282.53301000,1.22
1621975804596000,0,139.36014000,1.22
1621975816078000,0,48.40227000,1.22
1621975848356000,1,688.20618000,1.22
1621975848356000,1,219.27886000,1.22
1621975848425000,1,468.92732000,1.22
1621975848425000,1,755.70744000,1.22
1621975955858000,0,102.17310000,1.22
1621976007771000,1,8975.99170000,1.22
1621976007771000,1,1224.63476000,1.22
1621976007882000,0,1224.63476000,1.22
1621976008041000,0,8163.73180000,1.22
1621976008562000,0,8163.73180000,1.22
1621976009152000,0,8163.73180000,1.22
1621976009598000,0,1224.55978000,1.22
1621976009781000,0,8163.73180000,1.22
1621976010360000,0,8163.73180000,1.22
1621976011038000,0,8163.73180000,1.22
1621976011134000,0,1224.55978000,1.22
1621976011633000,0,1989.55842000,1.22
1621976022613000,0,20.00000000,1.22
1621976076366000,1,24.76000000,1.22
1621976159053000,0,23.34167000,1.22
1621976171032000,0,278.87027000,1.22
1621976284192000,0,319.00886000,1.22
1621976435088000,0,599.81381000,1.22
1621976529133000,0,318.27880000,1.22
1621976529133000,0,59.23148000,1.22
1621976556056000,0,204.10346000,1.22
1621976626070000,0,105.60078000,1.22
1621976676140000,0,204.09512000,1.22
1621976796300000,0,204.11512000,1.22
1621976865564000,0,834.31437000,1.22
1621976865564000,0,635.90583000,1.22
1621976865599000,0,198.40854000,1.22
1621976865670000,1,635.90583000,1.22
1621976916544000,0,204.12344000,1.22
1621976952623000,1,690.99162000,1.22
1621977235773000,0,968.06092000,1.22
1621977235812000,0,968.06092000,1.22
1621977235899000,0,968.06092000,1.22
1621977235937000,0,600.00000000,1.22
1621977235946000,0,368.06092000,1.22
1621977235946000,0,600.00000000,1.22
1621977236023000,0,968.06092000,1.22
1621977236088000,0,600.00000000,1.22
1621977236088000,0,2400.00000000,1.22
1621977236089000,0,600.00000000,1.22
1621977236089000,0,368.06092000,1.23
1621977236147000,0,600.00000000,1.22
1621977236147000,0,368.06092000,1.23
1621977236269000,0,600.00000000,1.22
1621977236269000,0,231.93908000,1.23
1621977236269000,0,136.12184000,1.23
1621977236275000,0,831.93908000,1.23
