timestamp ms,type,amount,price
1624667485694000,1,231.77115000,1.1922
1624667487695000,1,231.77115000,1.1922
1624667488741000,1,231.77115000,1.1922
1624667489699000,1,222.39355000,1.1922
1624667490713000,1,222.39355000,1.1922
1624669726083000,0,419.76030000,1.1922
1624669994564000,1,152.48902000,1.1917
1624671603150000,1,269.26222000,1.1917
1624678539557000,0,152.99326000,1.1921
1624678562740000,0,53.99536000,1.1921
1624678573424000,0,36.05079000,1.1921
1624678576153000,0,36.07807000,1.1921
1624678719481000,1,103.59434000,1.1918
1624678725901000,1,101.93018000,1.1919
1624678726906000,1,101.93018000,1.1919
1624678738931000,1,109.84369000,1.1919
1624678745202000,1,107.08542000,1.1919
1624678751587000,1,104.80429000,1.1919
1624678758054000,1,102.92851000,1.1920
1624678759061000,1,102.92851000,1.1920
1624678763544000,1,102.78049000,1.1920
1624678777487000,1,107.95138000,1.1920
1624678779502000,1,117.90558000,1.1920
1624678780486000,1,117.90558000,1.1920
1624678782910000,1,126.14507000,1.1920
1624678784916000,1,134.38455000,1.1920
1624678785933000,1,134.38455000,1.1920
1624678786909000,1,134.38455000,1.1920
1624678791534000,1,117.90558000,1.1921
1624680532340000,0,49.77541000,1.1922
1624681873669000,1,154.48140000,1.1919
1624683609616000,0,69.31447000,1.1923
1624683609866000,0,137.03203000,1.1923
1624683610732000,0,34.71453000,1.1923
1624683611446000,0,354.27264000,1.1923
1624683760947000,1,158.39289000,1.1921
1624683761938000,1,120.40738000,1.1921
1624683848337000,0,102.64206000,1.1923
1624683851841000,1,137.89383000,1.1922
1624683851860000,1,311.17424000,1.1922
1624683852113000,1,123.17654000,1.1922
1624683852809000,1,206.16519000,1.1922
1624683853850000,1,197.24575000,1.1922
1624683854823000,1,147.93775000,1.1922
1624683855805000,1,122.00860000,1.1922
1624683858802000,1,107.19783000,1.1923
1624686422908000,0,141.43544000,1.1930
1624687095142000,1,226.46798000,1.1922
1624687213090000,0,115.13402000,1.1929
1624687373636000,0,991.48640000,1.1927
1624687398698000,0,995.81666000,1.1927
1624687533705000,0,1010.20441000,1.1927
1624687559565000,0,209.65665000,1.1927
1624687559565000,0,527.06155000,1.1927
1624688311443000,1,358.64438000,1.1920
1624688312417000,1,241.43837000,1.1920
1624688422318000,1,128.70657000,1.1919
1624688423292000,1,128.70657000,1.1920
1624688424315000,1,130.87995000,1.1920
1624688425317000,1,130.87995000,1.1920
1624688426335000,1,107.95418000,1.1920
1624688429347000,1,103.63236000,1.1920
1624688892633000,1,209.70691000,1.1921
1624689012715000,1,209.69811000,1.1922
1624689132771000,1,209.69811000,1.1922
1624689252764000,1,209.69460000,1.1923
1624689372970000,1,209.68756000,1.1923
1624689612973000,1,209.67701000,1.1924
1624689718856000,1,1140.00000000,1.1924
1624689718856000,1,7248.16877000,1.1924
1624689719458000,1,5739.39968000,1.1924
1624689721127000,1,1140.00000000,1.1916
1624689721127000,1,1618.64999000,1.1916
1624689733168000,1,209.66293000,1.1917
1624689853082000,1,208.31999000,1.1917
1624689973309000,1,209.16999000,1.1917
1624690093329000,1,209.21999000,1.1916
1624690179957000,1,103.67632000,1.1916
1624690181642000,1,103.67632000,1.1916
1624690213565000,1,209.52999000,1.1915
1624690333536000,1,209.71999000,1.1915
1624690427967000,1,107.84742000,1.1915
1624690573618000,1,209.58999000,1.1915
1624690609098000,1,116.39658000,1.1915
1624690693786000,1,209.81955000,1.1915
1624690814016000,1,209.81955000,1.1914
1624690876519000,1,784.44638000,1.1914
1624690876538000,1,994.26593000,1.1913
1624690876560000,1,2151.99999000,1.1912
1624690934170000,1,209.83716000,1.1912
1624691054290000,1,209.83680000,1.1912
1624691164312000,1,994.31849000,1.1912
1624691174421000,1,209.51999000,1.1912
1624691181109000,1,232.13567000,1.1912
1624691251832000,0,3731.23347000,1.1916
1624691294603000,1,209.73999000,1.1913
1624691294952000,0,209.62817000,1.1916
1624691385870000,1,458.56999000,1.1912
1624691414916000,0,208.16689000,1.1916
1624691485538000,1,51.99953000,1.1912
1624691617738000,1,117.67966000,1.1912
1624691675639000,1,876.64908000,1.1912
1624691713666000,1,114.96097000,1.1911
1624691727972000,1,879.36777000,1.1911
1624691875345000,0,222.22011000,1.1911
1624691875346000,0,197.18061000,1.1911
1624691875389000,0,7136.51862000,1.1911
1624691875424000,0,755.18470000,1.1911
1624691875829000,0,2358.32490000,1.1911
1624691876254000,0,419.82375000,1.1911
1624691876377000,0,1407.18649000,1.1911
1624691876378000,0,7884.88648000,1.1911
1624691876378000,0,222.24904000,1.1911
1624691877173000,0,419.84620000,1.1911
1624691877382000,0,12628.91407000,1.1911
1624691878224000,0,419.86864000,1.1911
1624691880476000,0,1173.95319000,1.1911
1624691880513000,0,11036.16649000,1.1911
1624691881547000,0,419.86864000,1.1911
1624691881704000,0,1629.39905000,1.1911
1624691881705000,0,1258.31000000,1.1911
1624691882002000,0,1173.96159000,1.1911
1624691882198000,0,8568.57857000,1.1911
1624691885179000,0,419.89108000,1.1911
1624691885327000,0,7554.27629000,1.1911
1624691895545000,0,208.85735000,1.1911
1624691946090000,1,131.83082000,1.1911
1624691946411000,0,131.80959000,1.1911
1624692023351000,1,1048.11166000,1.1912
1624692039010000,0,600.00000000,1.1912
1624692039010000,0,577.23170000,1.1912
1624692135394000,0,209.57545000,1.1912
1624692255293000,0,1096.97035000,1.1912
1624692255656000,0,209.98916000,1.1912
1624692437149000,1,101.66155000,1.1910
1624692438506000,1,101.66155000,1.1910
1624692495534000,1,209.73999000,1.1910
1624692495636000,0,209.58384000,1.1912
1624692615582000,1,209.27999000,1.1909
1624692616010000,0,209.55434000,1.1912
1624692616307000,0,180.86182000,1.1912
1624692616307000,0,28.38751000,1.1912
1624692618884000,1,423.72306000,1.1909
1624692619290000,0,423.65090000,1.1912
1624692624731000,1,361.37663000,1.1909
1624693037217000,1,446.13999000,1.1909
1624693040954000,1,581.63338000,1.1909
1624693040954000,1,37.50000000,1.1909
1624693041980000,1,564.88851000,1.1908
1624693044300000,1,1027.77337000,1.1909
1624693044720000,1,954.99446000,1.1909
1624693045407000,1,274.23500000,1.1908
1624693045499000,1,617.70546000,1.1908
1624693045499000,1,994.40271000,1.1908
1624693046417000,1,128.87000000,1.1907
1624693047104000,1,338.69293000,1.1907
1624693048110000,1,338.69293000,1.1907
1624693049140000,1,188.14685000,1.1907
1624693049140000,1,0.00222000,1.1906
1624693049140000,1,160.57773000,1.1906
1624693050233000,1,215.76213000,1.1906
1624693051231000,1,187.99438000,1.1906
1624693052255000,1,155.07994000,1.1906
1624693053259000,1,165.36119000,1.1906
1624693099462000,0,208.98601000,1.1910
1624693389469000,1,109.62734000,1.1906
1624693389469000,1,89.37266000,1.1905
1624693424159000,1,199.00000000,1.1905
1624693447282000,1,275.01954000,1.1905
1624693448323000,1,275.01954000,1.1905
1624693449290000,1,155.99097000,1.1905
1624693450411000,1,123.63409000,1.1904
1624693451423000,1,101.99193000,1.1904
1624693452383000,1,101.99193000,1.1904
1624693577021000,0,209.54268000,1.1911
1624694341290000,0,600.00000000,1.1909
1624694341290000,0,658.48136000,1.1911
1624694344590000,0,600.00000000,1.1910
1624694344590000,0,3000.00000000,1.1910
1624694344590000,0,2341.51864000,1.1911
1624694344590000,0,1097.12065000,1.1911
1624694351374000,0,161.51782000,1.1911
1624694351374000,0,868.82427000,1.1911
1624694351374000,0,600.00000000,1.1911
1624694440224000,0,751.95427000,1.1911
1624694581118000,0,600.00000000,1.1911
1624694581118000,0,506.68420000,1.1911
1624694594916000,0,600.00000000,1.1911
1624694594916000,0,648.49602000,1.1911
1624694753986000,0,49.08411000,1.1910
1624694924170000,1,384.24590000,1.1906
1624695038688000,1,169.03529000,1.1904
1624695039720000,1,39.43124000,1.1904
1624695039720000,1,100.02896000,1.1904
1624695040727000,1,115.05968000,1.1904
1624695044188000,1,104.70043000,1.1904
1624695072751000,1,113.64777000,1.1904
1624695074772000,1,131.67051000,1.1904
1624695075764000,1,108.63529000,1.1904
1624695077904000,1,210.09999000,1.1904
1624695081336000,1,103.14683000,1.1904
1624695081624000,0,54.94739000,1.1907
1624695105296000,1,104.82758000,1.1904
1624695106773000,1,2.17293000,1.1904
1624695106773000,1,97.82707000,1.1904
1624695113931000,1,1689.03999000,1.1904
1624695114939000,1,1470.92239000,1.1904
1624695139077000,1,101.20991000,1.1904
1624695165512000,1,103.55729000,1.1904
1624695166821000,1,103.55729000,1.1904
1624695197870000,1,209.60999000,1.1904
1624695212841000,1,209.59142000,1.1904
1624695212841000,1,101.78248000,1.1904
1624695213826000,1,248.67410000,1.1904
1624695214845000,1,248.67410000,1.1904
1624695215824000,1,248.67410000,1.1904
1624695216832000,1,246.07564000,1.1904
1624695217849000,1,190.92880000,1.1904
1624695218824000,1,190.92880000,1.1904
1624695219869000,1,157.53473000,1.1904
1624695220854000,1,129.98139000,1.1904
1624695221853000,1,107.24722000,1.1904
1624695225485000,1,8394.28797000,1.1904
1624695234786000,1,8394.41033000,1.1904
1624695234823000,1,1259.16156000,1.1904
1624695235409000,1,327.42811000,1.1904
1624695251480000,1,167.00190000,1.1904
1624695252445000,1,137.79392000,1.1904
1624695253447000,1,137.72692000,1.1904
1624695254467000,1,123.01990000,1.1904
1624695255467000,1,101.50420000,1.1904
1624695256495000,1,101.50420000,1.1904
1624695257470000,1,101.50420000,1.1904
1624695314291000,1,353.55853000,1.1903
1624695315296000,1,291.72501000,1.1903
1624695316291000,1,267.84818000,1.1903
1624695317979000,1,185.45333000,1.1902
1624695318439000,1,180.25124000,1.1904
1624695318439000,1,17.49639000,1.1902
1624695319538000,1,136.16476000,1.1902
1624695320536000,1,112.35104000,1.1902
1624695321523000,1,112.35104000,1.1902
1624695439236000,1,210.06999000,1.1902
1624695481627000,1,115.29600000,1.1902
1624695509825000,1,105.32901000,1.1902
1624695509825000,1,112.61708000,1.1902
1624695536534000,1,99.00000000,1.1902
1624695558285000,1,209.86999000,1.1902
1624695759710000,1,109.32107000,1.1901
1624695798513000,1,209.76999000,1.1901
1624695918578000,1,209.34999000,1.1901
1624696008280000,1,248.60000000,1.1905
1624696038687000,1,210.05999000,1.1901
1624696383666000,1,136.60000000,1.1901
1624696383683000,1,536.23569000,1.1901
1624696399155000,1,209.62028000,1.1900
1624696447722000,0,136.60000000,1.1905
1624696639363000,1,209.62028000,1.1902
1624696759465000,1,210.15285000,1.1902
1624696864516000,1,1055.24580000,1.1901
1624696868468000,1,601.61034000,1.1901
1624697003067000,0,208.99821000,1.1907
1624697960632000,1,195.83320000,1.1903
1624698321341000,0,209.90836000,1.1907
1624698642575000,0,804.26000000,1.1908
1624698642575000,0,197.93968000,1.1908
1624698781068000,0,134.61393000,1.1908
1624698921688000,1,134.58517000,1.1910
1624699079024000,0,31.44004000,1.1903
1624699079560000,1,132.71022000,1.1908
1624699402436000,0,125.66466000,1.1906
1624699431811000,1,181.05535000,1.1901
1624699432578000,0,109.08900000,1.1901
1624699879027000,1,109.82838000,1.1900
1624699880038000,1,100.90384000,1.1900
1624700122224000,1,209.57525000,1.1901
1624700318630000,0,0.00085000,1.1901
1624700336519000,1,305.53240000,1.1903
1624700342635000,1,66.76862000,1.1903
1624700343424000,1,575.97000000,1.1903
1624700349526000,1,191.99000000,1.1900
1624700350513000,1,127.99333000,1.1900
1624700351525000,1,64.04000000,1.1900
1624700387676000,1,294.77506000,1.1903
1624700602581000,0,209.88690000,1.1909
1624701202317000,0,108.07100000,1.1900
1624701502977000,1,209.59999000,1.1900
1624701624393000,1,209.73999000,1.1900
1624702743693000,1,117.01938000,1.1900
1624702795781000,1,130.77667000,1.1900
1624702798098000,1,73.80770000,1.1900
1624702885587000,1,99.00000000,1.1901
1624703423774000,1,209.73999000,1.1901
1624704307602000,1,157.78456000,1.1902
1624704308594000,1,130.19419000,1.1902
1624704309641000,1,132.14675000,1.1903
1624704310612000,1,109.03943000,1.1903
1624704311613000,1,109.03943000,1.1903
1624704624320000,1,210.15999000,1.1904
1624705104538000,1,210.13999000,1.1904
1624705310723000,0,210.06999000,1.1911
1624705326310000,0,200.00000000,1.1914
1624705346426000,0,200.00000000,1.1914
1624705409302000,0,200.00000000,1.1913
1624705450554000,0,200.00000000,1.1913
1624705704804000,1,210.56999000,1.1908
1624705804611000,1,198.09709000,1.1908
1624705944867000,1,209.56999000,1.1910
1624706034886000,1,115.65491000,1.1910
1624706065074000,1,209.56999000,1.1910
1624706183658000,0,209.34999000,1.1914
1624706184615000,1,23.30999000,1.1910
1624706209123000,1,84.92192000,1.1910
1624706425167000,1,209.17999000,1.1910
1624706545218000,1,209.44999000,1.1911
1624706665226000,1,209.22999000,1.1911
1624706743737000,1,299.85470000,1.1911
1624706744737000,1,299.85470000,1.1911
1624706745749000,1,299.85470000,1.1911
1624706746718000,1,299.85470000,1.1911
1624706747712000,1,299.85470000,1.1911
1624706748752000,1,247.40851000,1.1911
1624706749740000,1,204.13543000,1.1911
1624706785352000,1,209.37999000,1.1911
1624706905332000,1,209.88999000,1.1911
1624707107782000,1,195.82000000,1.1911
1624707674015000,1,247.38164000,1.1906
1624708105886000,1,210.52999000,1.1905
1624708382459000,1,350.32993000,1.1908
1624708409184000,1,405.96368000,1.1908
1624708586250000,1,209.60999000,1.1909
1624708826571000,1,209.66999000,1.1909
1624708946621000,1,209.60999000,1.1909
1624709186742000,1,210.55999000,1.1910
1624709306670000,1,209.05999000,1.1907
1624709426884000,1,209.95999000,1.1908
1624709546813000,1,209.44999000,1.1908
1624709666941000,1,209.59999000,1.1908
1624710147445000,1,210.27999000,1.1908
1624710267378000,1,209.61999000,1.1908
1624710568556000,1,209.60999000,1.1905
1624710918797000,1,340.33874000,1.1906
1624710928565000,1,210.61999000,1.1907
1624711048689000,1,209.65999000,1.1906
1624711168745000,1,209.36999000,1.1906
1624711348895000,1,209.75999000,1.1906
1624711588854000,1,209.45999000,1.1906
1624711814146000,0,20.55317000,1.1909
1624712069106000,1,209.56999000,1.1906
1624712189291000,1,209.62999000,1.1906
1624712309221000,1,209.72999000,1.1906
1624712354766000,1,1292.38999000,1.1906
1624712425349000,1,111.66841000,1.1906
1624712426548000,1,102.42042000,1.1906
1624712428343000,1,102.42042000,1.1906
1624712429291000,1,209.87999000,1.1906
1624712437837000,1,147.41652000,1.1906
1624712464710000,1,102.57445000,1.1906
1624712563460000,1,159.88578000,1.1906
1624712564410000,1,159.88578000,1.1906
1624712565449000,1,131.91876000,1.1906
1624712566409000,1,131.91876000,1.1906
1624712567414000,1,131.91876000,1.1906
1624712568409000,1,131.91876000,1.1906
1624712669424000,1,209.73999000,1.1906
1624712809237000,1,8393.54213000,1.1906
1624712809265000,1,1259.03133000,1.1906
1624712809737000,1,5754.28982000,1.1906
1624712837138000,1,116.72548000,1.1904
1624712969550000,1,209.80999000,1.1903
1624713089584000,1,210.04999000,1.1904
1624713209777000,1,209.83999000,1.1903
1624713393940000,0,66.52329000,1.1906
1624714710092000,1,209.58999000,1.1904
1624714830395000,1,208.47999000,1.1904
1624715244094000,1,1140.00000000,1.1902
1624715402949000,0,600.00000000,1.1906
1624715671166000,1,209.94999000,1.1901
1624715911400000,1,210.21999000,1.1905
1624717083627000,0,1258.84062000,1.1908
1624717083627000,0,1655.24000000,1.1910
1624717083627000,0,1258.90634000,1.1911
1624717095827000,0,1048.91934000,1.1911
1624717095827000,0,1258.90634000,1.1911
1624717123074000,1,233.20790000,1.1905
1624717191429000,0,463.96588000,1.1911
1624717203501000,0,499.84159000,1.1911
1624717336967000,0,295.09887000,1.1911
1624717353635000,0,255.76667000,1.1911
1624717421045000,0,244.25652000,1.1911
1624717637009000,0,29.50071000,1.1910
1624717718974000,0,80.05917000,1.1910
1624717730916000,0,89.85582000,1.1910
1624717798462000,0,87.05885000,1.1910
1624717809839000,0,74.82947000,1.1910
1624717882644000,0,65.76492000,1.1910
1624717897004000,0,55.74383000,1.1910
1624718044103000,0,40.28956000,1.1910
1624718088115000,1,127.65879000,1.1903
1624718416067000,1,26.71372000,1.1905
1624718446540000,0,76.89767000,1.1910
1624718446540000,0,28.97916000,1.1911
1624718451127000,0,62.10372000,1.1910
1624718538059000,1,90.41092000,1.1905
1624719358626000,1,107.88913000,1.1910
1624719366738000,1,105.53415000,1.1910
1624719367755000,1,105.53415000,1.1910
1624719407298000,1,18.79780000,1.1910
1624719410081000,1,108.14188000,1.1910
1624719426762000,1,105.65799000,1.1910
1624719449740000,1,107.32702000,1.1910
1624719450783000,1,107.32702000,1.1910
1624719457813000,1,110.61640000,1.1910
1624719544824000,1,114.12419000,1.1910
1624720053888000,1,151.53791000,1.1907
1624721494262000,1,105.23200000,1.1909
1624723315303000,1,646.19772000,1.1913
1624723970550000,1,132.09838000,1.1916
1624724138478000,1,208.84157000,1.1915
1624724166662000,1,2495.79999000,1.1915
1624724233353000,1,117.79990000,1.1914
1624724301930000,1,206.17733000,1.1914
1624724399357000,0,83.87742000,1.1916
1624724405056000,1,264.85012000,1.1912
1624727874288000,1,220.00000000,1.1911
1624728259240000,0,57.55938000,1.1915
1624729171173000,1,104.52888000,1.1910
1624729172132000,1,104.52888000,1.1910
1624729173145000,1,104.52888000,1.1910
1624729212865000,1,108.09704000,1.1910
1624729229026000,1,109.26486000,1.1910
1624729230160000,1,109.26486000,1.1910
1624729293940000,1,104.60334000,1.1910
1624729317431000,1,106.27178000,1.1910
1624729326194000,1,104.14302000,1.1911
1624729327187000,0,600.00000000,1.1915
1624729327199000,1,102.38670000,1.1911
1624729895814000,1,244.80784000,1.1913
1624729896981000,1,235.03894000,1.1913
1624729898752000,1,193.88391000,1.1913
1624729906108000,1,131.14592000,1.1911
1624729907117000,1,131.14592000,1.1911
1624729908133000,1,131.14592000,1.1911
1624729909112000,1,12.67833000,1.1911
1624729909112000,1,87.32167000,1.1911
1624730267766000,1,520.21562000,1.1911
1624730268696000,1,520.21562000,1.1911
1624730269712000,1,520.21562000,1.1911
1624730271244000,1,528.45511000,1.1911
1624730273054000,1,386.24770000,1.1910
1624730274103000,1,351.07770000,1.1910
1624730275718000,1,417.69118000,1.1911
1624730276785000,1,324.69664000,1.1911
1624731107470000,0,32.44416000,1.1916
1624731107470000,0,968.17753000,1.1916
1624732575473000,0,144.05148000,1.1916
1624732684566000,1,250.00000000,1.1916
1624733490537000,0,333.62794000,1.1916
1624734526721000,0,182.84000000,1.1916
1624736165820000,0,133.46180000,1.1916
1624736387218000,0,136.55942000,1.1916
1624736490639000,0,333.26227000,1.1916
1624736594966000,0,333.63340000,1.1916
1624736852511000,0,167.32400000,1.1916
1624737014456000,0,231.41000000,1.1916
1624737040698000,1,166.51072000,1.1916
1624737454807000,0,419.39870000,1.1916
1624737573028000,0,419.29806000,1.1916
1624737577393000,0,419.29807000,1.1916
1624737598080000,0,419.21356000,1.1916
1624737603972000,0,61.94555000,1.1916
1624737620080000,0,419.09755000,1.1916
1624737620583000,0,74.94364000,1.1916
1624737919630000,1,5019.61865000,1.1919
1624738604595000,1,1140.00000000,1.1914
1624738604775000,1,3000.00000000,1.1914
1624738604781000,1,1257.61259000,1.1913
1624738604796000,1,1257.62100000,1.1912
1624738604800000,1,370.29213000,1.1911
1624741181960000,0,209.68171000,1.1918
1624741206624000,1,419.24823000,1.1913
1624741206721000,1,3000.00000000,1.1913
1624741206747000,1,971.20905000,1.1913
1624741206889000,1,1257.62100000,1.1913
1624741206945000,1,1145.18171000,1.1913
1624741207407000,1,112.56620000,1.1913
1624741207474000,1,254.45734000,1.1913
1624741207670000,1,476.62839000,1.1913
1624741234690000,1,166.80045000,1.1912
1624741417636000,1,1675.62471000,1.1914
1624741422509000,1,140.17262000,1.1919
1624741542437000,0,209.74778000,1.1919
1624741613080000,0,419.18571000,1.1919
1624741645354000,0,18.44127000,1.1924
1624741680572000,1,18.44127000,1.1918
1624741959144000,0,600.00000000,1.1921
1624741959313000,0,1595.16392000,1.1921
1624743455444000,1,579.85196000,1.1913
1624744502410000,0,18.44560000,1.1921
1624745878277000,1,879.46540000,1.1919
1624745878277000,1,50.60425000,1.1916
1624747224951000,0,147.29636000,1.1923
1624747473806000,0,398.99826000,1.1925
1624748343771000,1,300.00000000,1.1921
1624749163545000,0,209.67917000,1.1923
1624749219451000,0,419.07806000,1.1923
1624749226824000,0,128.91317000,1.1923
1624749468960000,0,419.06732000,1.1925
1624749924198000,0,125.25938000,1.1925
1624749925885000,0,101.77011000,1.1925
1624750532564000,0,137.31337000,1.1925
1624750539494000,0,133.19838000,1.1926
1624750558846000,0,861.42000000,1.1926
1624750559079000,0,0.00111000,1.1926
1624750559079000,0,994.60889000,1.1926
1624750559143000,0,0.01060000,1.1926
1624750559143000,0,599.97940000,1.1927
1624750559194000,0,0.02060000,1.1927
1624750559194000,0,994.58940000,1.1927
1624750559205000,0,0.03009000,1.1927
1624750559205000,0,994.57991000,1.1927
1624750559291000,0,0.03958000,1.1927
1624750559291000,0,994.57042000,1.1928
1624750559327000,0,0.04907000,1.1928
1624750559327000,0,994.61949000,1.1928
1624750559327000,0,640.94144000,1.1929
1624750559379000,0,994.61000000,1.1929
1624750559391000,0,0.06856000,1.1929
1624750559391000,0,994.54144000,1.1929
1624750833390000,1,101.02908000,1.1927
1624750834386000,1,101.02908000,1.1927
1624750843413000,1,418.94988000,1.1927
1624751026547000,1,799.01898000,1.1927
1624751042183000,0,418.84559000,1.1928
1624751148897000,1,156.28953000,1.1927
1624751204399000,0,209.35576000,1.1928
1624751324514000,0,209.50623000,1.1929
1624751564575000,0,137.72222000,1.1929
1624751610545000,0,246.06000000,1.1929
1624751680118000,0,42.18188000,1.1929
1624751684705000,0,209.39893000,1.1929
1624751804800000,0,209.55612000,1.1929
1624751924741000,0,209.56661000,1.1929
1624752028719000,0,418.76649000,1.1930
1624752044915000,0,209.55362000,1.1930
1624752164919000,0,209.54734000,1.1930
1624752261896000,0,156.66691000,1.1930
1624752284962000,0,209.53856000,1.1930
1624752302364000,0,418.79946000,1.1930
1624752385463000,1,994.51885000,1.1932
1624752385545000,1,994.51885000,1.1932
1624752385607000,1,994.51885000,1.1932
1624752385675000,1,994.51885000,1.1932
1624752405051000,0,209.50344000,1.1932
1624752462926000,0,335.16594000,1.1932
1624752525097000,0,209.49466000,1.1933
1624752644827000,0,440.78602000,1.1933
1624752645340000,0,209.48588000,1.1933
1624752765366000,0,209.48590000,1.1933
1624752839166000,1,149.86250000,1.1933
1624752878715000,1,994.48136000,1.1935
1624752878769000,1,994.48136000,1.1935
1624752878824000,1,994.48136000,1.1935
1624752885515000,0,209.45957000,1.1935
1624752937936000,0,785.02179000,1.1935
1624752937936000,0,994.48136000,1.1936
1624752938983000,0,994.48136000,1.1936
1624753005685000,0,209.43323000,1.1937
1624753057685000,0,785.04813000,1.1937
1624753125679000,0,209.42446000,1.1937
1624753168411000,0,785.05690000,1.1937
1624753176342000,0,954.68245000,1.1938
1624753231734000,0,954.64246000,1.1938
1624753245849000,0,39.83890000,1.1938
1624753279305000,0,235.54408000,1.1939
1624753300058000,0,758.93000000,1.1939
1624753365832000,0,209.38937000,1.1939
1624753464579000,0,106.30350000,1.1939
1624753486026000,0,209.39147000,1.1939
1624753606375000,0,209.40195000,1.1939
1624753726422000,0,209.38937000,1.1939
1624753846476000,0,209.39356000,1.1939
1624753881027000,1,994.44229000,1.1940
1624753881086000,1,994.44229000,1.1940
1624753966630000,0,209.36516000,1.1941
1624754086556000,0,209.36516000,1.1941
1624754206717000,0,209.36516000,1.1941
1624754259677000,0,366.34681000,1.1941
1624754266111000,0,994.44229000,1.1941
1624754326933000,0,208.39926000,1.1942
1624754370762000,1,994.44222000,1.1942
1624754370824000,1,994.44222000,1.1942
1624754450448000,1,361.56423000,1.1942
1624754454377000,1,236.53837000,1.1942
1624754454722000,1,236.53833000,1.1942
1624754566959000,0,209.31715000,1.1943
1624754687019000,0,209.31924000,1.1943
1624754927191000,0,209.32344000,1.1943
1624755047211000,0,209.31924000,1.1943
1624755169323000,1,169.17473000,1.1941
1624755220344000,1,42.73866000,1.1943
1624755231527000,1,191.17701000,1.1943
1624755411973000,1,18.12471000,1.1943
1624755509014000,1,379.64999000,1.1938
1624755673790000,1,123.47267000,1.1938
1624755673790000,1,2.49045000,1.1937
1624756766212000,1,120.56718000,1.1938
1624756772967000,1,250.22151000,1.1936
1624756774681000,1,100.00000000,1.1938
1624756774985000,1,100.00000000,1.1938
1624756775015000,1,100.00000000,1.1938
1624756775018000,1,100.00000000,1.1938
1624756775018000,1,100.00000000,1.1938
1624756776145000,1,246.45329000,1.1938
1624756779219000,1,175.36908000,1.1938
1624756779337000,1,334.49766000,1.1938
1624756781271000,1,0.00001000,1.1938
1624756781271000,1,159.12458000,1.1938
1624756784999000,1,471.82203000,1.1938
1624756786025000,1,471.82203000,1.1938
1624756787032000,1,478.25118000,1.1938
1624756788025000,1,478.25118000,1.1938
1624756789050000,1,478.25118000,1.1938
1624756789998000,1,478.25118000,1.1938
1624756791013000,1,468.22264000,1.1938
1624756792009000,1,153.55140000,1.1938
1624756792009000,1,298.19227000,1.1936
1624756793155000,1,328.15140000,1.1936
1624756794618000,1,451.74367000,1.1938
1624756795588000,1,346.45464000,1.1938
1624756796620000,1,285.49460000,1.1938
1624756797423000,1,156.08465000,1.1938
1624756797592000,1,16.54248000,1.1938
1624756797592000,1,83.45752000,1.1936
1624756798634000,1,267.89921000,1.1938
1624757396986000,0,994.44000000,1.1944
1624757397118000,0,0.00729000,1.1944
1624757397118000,0,370.49271000,1.1945
1624757397928000,1,229.06242000,1.1940
1624757397943000,1,370.93758000,1.1940
1624757397943000,1,333.71452000,1.1938
1624757400448000,0,567.80000000,1.1945
1624757401661000,0,56.15458000,1.1945
1624757402168000,0,808.38178000,1.1946
1624757402168000,0,994.44729000,1.1946
1624757402463000,0,994.44729000,1.1947
1624757402463000,0,17.58912000,1.1947
1624757402463000,0,243.68541000,1.1947
1624757402705000,0,756.31459000,1.1947
1624757405725000,1,280.75030000,1.1945
1624757405996000,1,943.19003000,1.1945
1624757406163000,1,31.89414000,1.1945
1624757406163000,1,138.95000000,1.1945
1624757406296000,0,872.72889000,1.1944
1624757413246000,0,994.46376000,1.1947
1624757413246000,0,17.58823000,1.1948
1624757413246000,0,5.53624000,1.1948
1624757413421000,0,994.44729000,1.1948
1624757413425000,0,0.01647000,1.1948
1624757413425000,0,994.43082000,1.1948
1624757413441000,0,0.01647000,1.1948
1624757413441000,0,17.58735000,1.1948
1624757413441000,0,2982.39618000,1.1949
1624757413580000,0,17.60382000,1.1949
1624757413580000,0,17.58647000,1.1949
1624757413580000,0,959.25700000,1.1949
1624758162455000,1,136.09219000,1.1944
1624758229263000,1,463.90781000,1.1944
1624762019276000,1,171.43748000,1.1941
1624762817617000,1,140.13460000,1.1940
1624764243546000,1,1669.74334000,1.1939
1624764276067000,1,58.16744000,1.1939
1624764449957000,1,148.87249000,1.1939
1624765603950000,1,134.70783000,1.1939
1624765604344000,1,140.80979000,1.1939
1624766329492000,1,134.30137000,1.1939
1624766689469000,1,456.30479000,1.1939
1624767349211000,1,140.53214000,1.1939
1624771084996000,1,270.38406000,1.1939
1624771434517000,1,270.11337000,1.1939
1624771434569000,1,2265.57657000,1.1939
1624772123175000,1,393.44999000,1.1939
1624773173632000,1,146.23499000,1.1939
1624773923848000,1,87.55366000,1.1939
1624774604244000,1,1491.47295000,1.1939
1624774604384000,1,1491.28093000,1.1939
1624774604545000,1,597.83082000,1.1939
1624774604681000,1,1184.56006000,1.1939
1624776768421000,1,3000.00000000,1.1939
1624776768655000,1,994.48206000,1.1939
1624776768755000,1,994.48206000,1.1938
1624776768871000,1,994.48206000,1.1938
1624776768872000,1,994.48206000,1.1937
1624776768873000,1,994.48206000,1.1937
1624776768887000,1,994.48206000,1.1936
1624776768997000,1,846.48876000,1.1935
1624776768998000,1,147.99330000,1.1935
1624777583259000,0,959.38423000,1.1944
1624780838298000,0,334.70940000,1.1944
1624780838738000,0,659.77627000,1.1944
1624780838762000,0,1257.16119000,1.1944
1624780838777000,0,633.36123000,1.1944
1624780838906000,0,1109.47758000,1.1944
1624780838911000,1,147.68361000,1.1945
1624780838911000,1,8233.72715000,1.1944
1624780838918000,0,994.48567000,1.1945
1624780838940000,0,1257.09876000,1.1946
1624780838949000,0,994.48567000,1.1946
1624780838982000,0,994.48567000,1.1947
1624780838983000,1,1257.21162000,1.1944
1624780839428000,1,8381.41076000,1.1944
1624780841454000,0,994.50223000,1.1947
1624781692206000,0,95.23000000,1.1944
1624781692206000,0,114.06823000,1.1944
1624781812290000,0,209.29823000,1.1944
1624781932300000,0,209.29823000,1.1944
1624782052345000,0,209.29823000,1.1944
1624782172440000,0,209.25969000,1.1946
1624782412528000,0,209.30875000,1.1944
1624782532619000,0,209.30875000,1.1944
1624782652958000,0,209.30875000,1.1944
1624782772728000,0,209.30875000,1.1944
1624782892763000,0,209.30875000,1.1944
1624783132868000,0,209.30875000,1.1944
1624783252851000,0,1.35972000,1.1944
1624783252851000,0,207.90172000,1.1946
1624783373043000,0,209.30875000,1.1944
1624783613000000,0,209.30875000,1.1944
1624783735597000,1,994.01017000,1.1938
1624783890352000,0,146.03637000,1.1944
1624784067621000,1,3000.00000000,1.1937
1624784067652000,1,994.50762000,1.1937
1624784073489000,1,994.50311000,1.1937
1624784073545000,1,0.00451000,1.1937
1624784073545000,1,994.49813000,1.1936
1624784073556000,1,0.00949000,1.1936
1624784073556000,1,994.49269000,1.1935
1624784073691000,1,0.01493000,1.1935
1624784073691000,1,817.83240000,1.1934
1624785038412000,0,114.87644000,1.1942
1624785038412000,0,3000.00000000,1.1942
1624785038412000,0,285.00000000,1.1942
1624785038412000,0,1257.20282000,1.1942
1624785038412000,0,835.47853000,1.1943
1624785122332000,1,18.44560000,1.1935
1624785573888000,1,2767.61434000,1.1935
1624786147592000,1,994.51646000,1.1935
1624786147742000,1,900.48353000,1.1934
1624786197746000,1,240.72470000,1.1934
1624786482636000,1,148.53146000,1.1934
1624786483296000,1,112.10884000,1.1934
1624786835876000,1,631.30141000,1.1935
1624786835891000,1,0.00001000,1.1935
1624786835998000,1,206.61336000,1.1934
1624786836075000,1,206.61337000,1.1934
1624786837650000,1,349.83393000,1.1934
1624786838874000,1,43.60781000,1.1934
1624786839048000,1,187.85017000,1.1934
1624786839096000,1,0.00001000,1.1934
1624786839182000,1,97.40706000,1.1934
1624786839381000,1,349.43723000,1.1933
1624786908900000,0,631.30141000,1.1935
1624786908900000,0,137.55565000,1.1935
1624786908900000,0,231.45798000,1.1935
1624786908900000,0,676.51314000,1.1937
1624786908900000,0,3000.00000000,1.1942
1624786908900000,0,1257.00092000,1.1942
1624786908900000,0,994.52158000,1.1942
1624786908900000,0,994.51865000,1.1943
1624786908900000,0,994.51865000,1.1944
1624786908900000,0,1257.00092000,1.1944
1624786908900000,0,994.51865000,1.1945
1624786908900000,0,994.51865000,1.1946
1624786908900000,0,2095.00153000,1.1947
1624786908900000,0,242.00676000,1.1947
1624786916640000,1,26.82149000,1.1937
1624786952130000,1,162.46165000,1.1937
1624786953054000,1,133.92464000,1.1937
1624786954060000,1,123.82418000,1.1937
1624786972233000,1,181.29675000,1.1937
1624786973072000,1,181.29675000,1.1937
1624786974068000,1,149.45065000,1.1937
1624786975122000,1,123.19855000,1.1937
1624786976064000,1,101.55782000,1.1937
1624786977077000,1,101.55782000,1.1937
1624787004707000,1,418.81387000,1.1936
1624787020894000,1,418.81578000,1.1936
1624787090121000,1,116.85023000,1.1936
1624787092140000,1,40.05754000,1.1936
1624787092140000,1,59.94246000,1.1935
1624787093605000,1,118.55357000,1.1935
1624787094658000,1,118.55357000,1.1935
1624787128597000,1,266.35156000,1.1935
1624787133753000,1,172.21037000,1.1935
1624787134714000,1,141.95913000,1.1935
1624787135719000,1,116.96676000,1.1935
1624787294495000,1,134.25704000,1.1934
1624787296453000,1,104.36416000,1.1934
1624787334309000,1,209.20961000,1.1934
1624787472894000,1,137.82599000,1.1934
1624787473875000,1,108.24305000,1.1934
1624787573175000,1,148.32006000,1.1934
1624787574210000,1,119.58262000,1.1934
1624787694334000,1,204.86514000,1.1934
1624787704143000,1,325.97495000,1.1933
1624787705118000,1,215.95452000,1.1933
1624787706107000,1,135.97459000,1.1933
1624789987752000,1,117.69127000,1.1933
1624790113430000,1,641.19663000,1.1933
1624790234963000,1,274.84112000,1.1933
1624790363805000,1,137.71066000,1.1933
1624790364809000,1,185.29112000,1.1933
1624790365775000,1,124.44696000,1.1933
1624790366831000,1,134.49517000,1.1933
1624790395054000,1,209.33311000,1.1933
1624790481285000,1,197.83844000,1.1933
1624790482249000,1,172.48852000,1.1933
1624790483225000,1,160.27925000,1.1933
1624790484250000,1,139.72117000,1.1933
1624790601413000,1,198.62256000,1.1933
1624790602843000,1,163.73533000,1.1933
1624790603833000,1,163.73533000,1.1933
1624790604860000,1,144.75850000,1.1933
1624790605870000,1,144.75850000,1.1933
1624790606846000,1,119.33279000,1.1933
1624790607830000,1,119.33279000,1.1933
1624790735560000,1,197.84807000,1.1933
1624790799009000,1,108.83799000,1.1933
1624790835909000,1,109.65735000,1.1933
1624790892051000,1,365.95347000,1.1933
1624790893035000,1,301.68828000,1.1933
1624790894074000,1,248.70872000,1.1933
1624790895042000,1,205.03291000,1.1933
1624790896053000,1,205.03291000,1.1933
1624790897035000,1,169.02702000,1.1933
1624790898079000,1,139.34414000,1.1933
1624790899039000,1,114.87388000,1.1933
1624791160569000,0,272.38262000,1.1934
1624791161057000,0,398.88051000,1.1934
1624791475338000,1,209.52348000,1.1933
1624791479444000,1,8382.24279000,1.1933
1624791480142000,1,133.74816000,1.1933
1624791481119000,1,110.25394000,1.1933
1624791482747000,1,235.26467000,1.1933
1624791483747000,1,193.93805000,1.1933
1624791484790000,1,205.04703000,1.1933
1624791485750000,1,205.04703000,1.1933
1624791486812000,1,169.02917000,1.1933
1624791487788000,1,139.33809000,1.1933
1624791488773000,1,139.33809000,1.1933
1624791489767000,1,139.33809000,1.1933
1624791490766000,1,114.86244000,1.1933
1624791574830000,1,913.62499000,1.1933
1624791575642000,1,1837.05347000,1.1933
1624791578286000,1,298.74621000,1.1933
1624791578286000,1,7.56378000,1.1933
1624791580487000,1,886.86999000,1.1933
1624791590576000,1,688.23769000,1.1933
1624791590576000,1,536.48999000,1.1933
1624791590621000,1,888.40233000,1.1933
1624791634981000,1,209.65809000,1.1933
1624792310864000,0,18.42613000,1.1934
1624792795863000,0,209.48941000,1.1933
1624792799189000,1,25.10000000,1.1932
1624792916000000,0,209.48239000,1.1934
1624793443762000,1,103.29468000,1.1932
1624793497849000,1,128.00925000,1.1932
1624793498849000,1,105.51638000,1.1932
1624793631350000,1,334.79005000,1.1932
1624793704006000,1,334.10383000,1.1932
1624793729110000,0,939.12000000,1.1934
1624793857989000,1,18.42613000,1.1931
1624793865030000,0,18.42505000,1.1934
1624793891275000,1,18.42505000,1.1931
1624794094533000,0,121.80000000,1.1938
1624794930544000,1,167.96970000,1.1931
1624794931541000,1,167.96970000,1.1931
1624794932562000,1,138.47463000,1.1931
1624794933545000,1,108.98070000,1.1931
1624794957575000,1,210.44780000,1.1931
1624795077668000,0,174.97493000,1.1937
1624795084894000,0,43.26000000,1.1937
1624795132775000,0,432.57999000,1.1937
1624795264010000,0,43.14800000,1.1941
1624795437905000,0,209.37185000,1.1940
1624797059941000,0,18.41625000,1.1940
1624797345739000,1,18.41625000,1.1931
1624797770473000,0,18.41502000,1.1941
1624797802144000,1,18.41502000,1.1931
1624797840135000,0,18.10000000,1.1941
1624797890684000,1,18.10000000,1.1931
1624798031891000,1,67.29000000,1.1931
1624798393485000,0,18.41502000,1.1941
1624798426028000,1,18.41502000,1.1931
1624798464041000,0,18.41502000,1.1941
1624798532440000,1,18.41502000,1.1931
1624798572329000,0,33.48185000,1.1941
1624798797093000,0,18.41502000,1.1941
1624799843785000,1,18.41502000,1.1932
1624799882970000,0,18.39271000,1.1941
1624799967479000,1,18.39271000,1.1932
1624800247372000,0,18.41502000,1.1941
1624800255217000,1,18.41502000,1.1932
1624800365754000,0,18.41594000,1.1940
1624800377850000,1,18.41502000,1.1932
1624800478850000,0,18.41517000,1.1941
1624800509303000,1,18.41517000,1.1932
1624800600258000,1,111.70005000,1.1932
1624800621308000,0,18.41502000,1.1941
1624800630437000,1,18.41502000,1.1932
1624800753151000,0,18.41610000,1.1940
1624800762991000,1,18.41610000,1.1932
1624800818978000,0,18.41641000,1.1940
1624801055605000,1,18.41641000,1.1933
1624801321706000,0,18.41594000,1.1940
1624801327358000,1,18.41594000,1.1932
1624802076879000,0,18.41579000,1.1940
1624802111673000,1,18.41671000,1.1932
1624802129999000,0,18.39594000,1.1940
1624802190983000,1,18.39594000,1.1932
1624803339932000,1,1391.47836000,1.1932
1624803344479000,1,822.09063000,1.1932
1624805336707000,0,754.70247000,1.1939
1624806553471000,0,696.98311000,1.1939
1624806553475000,0,696.98311000,1.1939
1624806553488000,0,2826.57534000,1.1939
1624806571083000,1,26.07000000,1.1934
1624807175806000,1,240.06728000,1.1936
1624807184640000,1,163.30737000,1.1936
1624807185637000,1,142.86212000,1.1936
1624807186686000,1,117.76830000,1.1936
1624808596630000,0,583.85316000,1.1936
1624809765997000,1,1619.37435000,1.1936
1624809766216000,1,710.58553000,1.1936
1624810170364000,1,140.31377000,1.1937
1624811155509000,0,803.63545000,1.1936
1624811888814000,0,492.74224000,1.1932
1624812368757000,0,18.42227000,1.1936
1624812411281000,1,18.42227000,1.1931
1624815312420000,1,531.71392000,1.1935
1624815428258000,1,102.93096000,1.1935
1624816028343000,1,209.60999000,1.1934
1624816148296000,1,209.52999000,1.1934
1624817119237000,1,418.87412000,1.1932
1624817176701000,0,139.86741000,1.1937
1624817260571000,1,350.98998000,1.1932
1624817364676000,1,100.83993000,1.1931
1624817408799000,1,169.35935000,1.1931
1624818656378000,0,328.44046000,1.1932
1624819784426000,0,40.38339000,1.1934
1624819784571000,0,559.61660000,1.1934
1624820926851000,0,16.74975000,1.1934
1624821078242000,1,141.41250000,1.1931
1624821600903000,1,419.30816000,1.1931
1624821631890000,1,9299.47999000,1.1931
1624821647657000,1,2941.63350000,1.1931
1624821648189000,1,2942.12799000,1.1931
1624821669694000,1,204.82070000,1.1931
1624821988878000,1,172.89999000,1.1931
1624822007871000,1,253.03397000,1.1931
1624822149895000,1,183.71066000,1.1931
1624822152629000,1,178.14443000,1.1931
1624822243837000,0,600.00000000,1.1935
1624822331169000,1,2105.92376000,1.1935
1624822377149000,1,2105.98241000,1.1935
1624823190865000,1,11034.17985000,1.1935
1624823195420000,1,11300.73618000,1.1935
1624823205215000,1,2930.86650000,1.1935
1624823268203000,1,466.14001000,1.1935
1624823416981000,0,421.47015000,1.1938
1624823723235000,1,28.81841000,1.1935
1624823727780000,1,57.65000000,1.1935
1624825871982000,0,18.41548000,1.1941
1624826298309000,1,18.41548000,1.1939
1624826416414000,0,18.41548000,1.1941
1624826419851000,1,18.41548000,1.1936
1624826676055000,1,125.82571000,1.1938
1624826770945000,1,142.26951000,1.1937
1624827017001000,1,438.04872000,1.1937
1624827017296000,1,218.85891000,1.1937
1624827017334000,1,89.45514000,1.1937
1624827017334000,1,143.58135000,1.1935
1624828206572000,0,142.03920000,1.1938
1624828516575000,0,18.42026000,1.1937
1624828525980000,1,18.42026000,1.1935
1624828622696000,1,153.59178000,1.1935
1624829052179000,1,209.35742000,1.1935
1624829172215000,1,209.36161000,1.1935
1624829292346000,1,209.36999000,1.1935
1624829432621000,1,209.37627000,1.1935
1624829758598000,1,1437.64557000,1.1935
1624829758653000,1,330.07886000,1.1935
1624829758773000,1,1437.64557000,1.1935
1624829758924000,1,330.07886000,1.1935
1624829758932000,1,1437.64557000,1.1935
1624829759095000,1,1437.64557000,1.1935
1624829759159000,1,330.07886000,1.1935
1624829759274000,1,1437.64557000,1.1935
1624829759391000,1,1437.64557000,1.1935
1624829759419000,1,330.07886000,1.1935
1624829802815000,1,218.49453000,1.1935
1624829948782000,1,111.21290000,1.1935
1624829948905000,1,199.84323000,1.1935
1624829950468000,1,104.27208000,1.1935
1624829950586000,1,225.49720000,1.1935
1624829950678000,1,225.49719000,1.1935
1624829951540000,1,329.76927000,1.1935
1624829951550000,1,694.86715000,1.1935
1624829952391000,1,172.93124000,1.1935
1624829952780000,1,85.79417000,1.1935
1624829953539000,1,71.04386000,1.1935
1624829953671000,1,35.28336000,1.1935
1624829953888000,1,76.42295000,1.1935
1624829954372000,1,61.22493000,1.1935
1624829954481000,1,192.12139000,1.1935
1624829955659000,1,329.76927000,1.1935
1624829956146000,1,329.76927000,1.1935
1624829956574000,1,121.58521000,1.1935
1624829956600000,1,204.78999000,1.1935
1624829956783000,1,329.76927000,1.1935
1624829956787000,1,927.90644000,1.1935
1624829956942000,1,463.58866000,1.1935
1624829957077000,1,329.76927000,1.1935
1624829970599000,1,2167.99999000,1.1935
1624829977083000,1,329.76927000,1.1935
1624829977639000,1,248.33672000,1.1935
1624829978294000,1,329.95495000,1.1935
1624829979788000,1,329.95495000,1.1935
1624829989703000,1,329.95495000,1.1935
1624830010841000,0,18.42258000,1.1936
1624830010921000,1,329.95495000,1.1935
1624830011673000,1,464.27999000,1.1935
1624830011837000,1,329.89304000,1.1935
1624830012061000,1,1268.62625000,1.1935
1624830016840000,1,329.89304000,1.1935
1624830016846000,1,804.07999000,1.1935
1624830016875000,1,376.21999000,1.1935
1624830017215000,1,329.89304000,1.1935
1624830018627000,1,329.89304000,1.1935
1624830039686000,1,244.21999000,1.1935
1624830039705000,1,329.89304000,1.1935
1624830041430000,1,329.70743000,1.1935
1624830042679000,1,569.94123000,1.1935
1624830042683000,1,329.70743000,1.1935
1624830045636000,1,18.42258000,1.1935
1624830053032000,1,569.81999000,1.1935
1624830066309000,1,329.70743000,1.1935
1624830066369000,1,196.56999000,1.1935
1624830099586000,1,194.19995000,1.1935
1624830134373000,1,328.76712000,1.1935
1624830134744000,1,328.76712000,1.1935
1624830135352000,1,139.88809000,1.1935
1624830135483000,1,1256.85918000,1.1935
1624830135682000,1,45.41096000,1.1935
1624830148441000,1,328.76712000,1.1935
1624830149102000,1,178.44841000,1.1935
1624830149165000,1,904.80336000,1.1935
1624830149215000,1,150.31871000,1.1935
1624830149548000,1,328.76712000,1.1935
1624830165380000,1,94.83911000,1.1935
1624830165660000,1,233.92801000,1.1935
1624830170641000,1,94.83911000,1.1935
1624830170740000,1,222.80878000,1.1935
1624830174002000,1,91.00048000,1.1935
1624830175361000,1,226.95617000,1.1935
1624830175490000,1,102.11971000,1.1935
1624830175633000,1,261.23573000,1.1935
1624830175901000,1,40.19087000,1.1935
1624830176077000,1,288.88501000,1.1935
1624830176658000,1,329.07588000,1.1935
1624830177479000,1,329.07588000,1.1935
1624830177809000,1,329.07588000,1.1935
1624830178148000,1,83.25793000,1.1935
1624830178319000,1,33.39939000,1.1935
1624830179004000,1,1193.29947000,1.1935
1624830181544000,1,1193.04999000,1.1935
1624830191648000,1,329.07588000,1.1935
1624830192069000,1,329.07586000,1.1935
1624830244990000,1,329.69514000,1.1935
1624830245321000,1,328.04133000,1.1935
1624830426233000,1,959.98504000,1.1935
1624830588384000,0,19.20693000,1.1938
1624830589630000,1,19.20693000,1.1935
1624831073011000,1,212.06927000,1.1935
1624831073147000,1,73.03268000,1.1935
1624831073326000,1,212.06928000,1.1935
1624831073335000,1,211.62407000,1.1935
1624831372177000,1,1466.06220000,1.1935
1624831372455000,1,795.22195000,1.1935
1624831395185000,1,147.36034000,1.1936
1624831530513000,1,1928.23628000,1.1935
1624831530984000,1,1506.71974000,1.1935
1624831549625000,0,103.24244000,1.1938
1624831707381000,1,97.18617000,1.1935
1624831707516000,1,143.91164000,1.1935
1624831725542000,1,134.44538000,1.1935
1624831725777000,1,143.70323000,1.1935
1624831725898000,1,59.11443000,1.1935
1624831878092000,1,128.52994000,1.1936
1624831878801000,1,107.94873000,1.1936
1624831883813000,1,136.76994000,1.1936
1624831884790000,1,114.00704000,1.1936
1624831885821000,1,114.00704000,1.1936
1624831991678000,0,1048.42906000,1.1937
1624832066911000,1,3381.49728000,1.1938
1624832116519000,0,74.77468000,1.1939
1624832199682000,0,283.60000000,1.1939
1624832243304000,0,342.13375000,1.1939
1624832246578000,0,20.51635000,1.1939
1624832248999000,0,307.39275000,1.1939
1624832249149000,0,0.00015000,1.1939
1624832249149000,0,994.61410000,1.1940
1624832252041000,0,0.00008000,1.1940
1624832252041000,0,994.61410000,1.1940
1624832252049000,0,0.00008000,1.1940
1624832252049000,0,994.61410000,1.1941
1624832252200000,0,0.00008000,1.1941
1624832252200000,0,1139.99992000,1.1941
1624832263038000,0,994.61416000,1.1941
1624832263184000,0,0.00002000,1.1941
1624832263184000,0,994.61417000,1.1942
1624832263254000,0,0.00001000,1.1942
1624832263343000,0,2050.24439000,1.1943
1624832263432000,0,949.75561000,1.1943
1624832263471000,0,994.61000000,1.1943
1624832263497000,0,0.00418000,1.1943
1624832263497000,0,949.75142000,1.1944
1624832263559000,0,44.86276000,1.1944
1624832263559000,0,949.75142000,1.1945
1624832263591000,0,44.86276000,1.1945
1624832263591000,0,949.75142000,1.1946
1624832263688000,0,44.86275000,1.1946
1624832263714000,0,0.00001000,1.1946
1624832263714000,0,994.61418000,1.1947
1624832263714000,0,5.38581000,1.1947
1624832263766000,0,938.98397000,1.1947
1624832263767000,0,55.63022000,1.1947
1624832263767000,0,944.36978000,1.1948
1624832263799000,0,55.63022000,1.1948
1624832263845000,0,1000.00000000,1.1948
1624832263850000,0,994.61417000,1.1948
1624832263885000,0,0.00001000,1.1948
1624832263944000,0,994.61418000,1.1949
1624832263976000,1,212.63380000,1.1948
1624832263977000,0,17.58558000,1.1949
1624832263977000,0,977.02860000,1.1950
1624832264015000,0,17.58558000,1.1950
1624832264036000,0,17.58470000,1.1950
1624832264036000,0,17.58382000,1.1951
1624832264036000,0,959.44565000,1.1951
1624832264097000,0,297.06202000,1.1951
1624832264113000,0,994.61418000,1.1951
1624832264117000,0,17.58293000,1.1951
1624832264117000,0,17.58205000,1.1952
1624832264117000,0,994.61418000,1.1952
1624832264117000,0,17.58117000,1.1952
1624832264117000,0,1256.57082000,1.1952
1624832264117000,0,535.06885000,1.1953
1624832264187000,1,959.44565000,1.1951
1624832264202000,0,297.06200000,1.1951
1624832264221000,0,0.00002000,1.1951
1624832264221000,0,459.54533000,1.1953
1624832264296000,1,323.60000000,1.1953
1624832264307000,1,211.46883000,1.1953
1624832264307000,1,781.66437000,1.1953
1624832264307000,1,969.55715000,1.1952
1624832264407000,0,17.58028000,1.1953
1624832264407000,0,999.99998000,1.1953
1624832264413000,0,0.00002000,1.1953
1624832264417000,0,17.57940000,1.1954
1624832264417000,0,2094.17944000,1.1954
1624832264465000,0,994.61418000,1.1954
1624832264508000,0,0.00004000,1.1954
1624832264508000,0,17.57848000,1.1954
1624832264508000,0,17.57763000,1.1955
1624832264508000,0,147.48338000,1.1955
1624832264573000,0,597.72746000,1.1955
1624832264726000,0,249.40333000,1.1955
1624832264879000,0,0.00001000,1.1955
1624832264879000,0,17.57675000,1.1955
1624832264879000,0,977.03742000,1.1956
1624832264899000,1,999.99998000,1.1953
1624832265009000,1,399.95302000,1.1950
1624832265074000,0,83.69000000,1.1953
1624832265074000,0,17.57676000,1.1956
1624832265074000,0,17.57587000,1.1956
1624832265074000,0,17.57499000,1.1957
1624832265074000,0,875.77331000,1.1957
1624832265207000,0,118.84085000,1.1957
1624832265260000,0,0.00002000,1.1957
1624832265344000,1,235.00951000,1.1957
1624832265355000,0,35.14732000,1.1953
1624832265435000,0,304.74270000,1.1953
1624832265452000,0,645.88086000,1.1953
1624832265453000,0,35.79043000,1.1953
1624832265453000,0,776.18422000,1.1953
1624832265514000,0,480.38660000,1.1953
1624832265514000,0,506.02737000,1.1954
1624832265704000,0,120.73505000,1.1954
1624832265713000,0,1140.42290000,1.1954
1624832265713000,0,299.70676000,1.1954
1624832265848000,0,27.28736000,1.1954
1624832265848000,0,17.57410000,1.1957
1624832265848000,0,17.57322000,1.1958
1624832265848000,0,267.49001000,1.1958
1624832265902000,0,27.28735000,1.1958
1624832266057000,0,699.83572000,1.1958
1624832266097000,1,223.08951000,1.1954
1624832266097000,1,1867.25026000,1.1953
1624832266116000,0,0.00001000,1.1958
1624832266116000,0,496.80809000,1.1958
1624832266285000,0,2016.32301000,1.1958
1624832266336000,0,0.00002000,1.1958
1624832266433000,0,17.57234000,1.1959
1624832266433000,0,994.61418000,1.1959
1624832266433000,0,0.00001000,1.1959
1624832266499000,1,267.69688000,1.1958
1624832266499000,1,187.23345000,1.1958
1624832266743000,0,17.57145000,1.1959
1624832266743000,0,17.57056000,1.1960
1624832266770000,1,83.69000000,1.1958
1624832267203000,1,393.76495000,1.1958
1624832267595000,1,158.95080000,1.1950
1624832267648000,0,425.87090000,1.1954
1624832267797000,1,495.04875000,1.1954
1624832268990000,1,198.99415000,1.1950
1624832270062000,1,142.66705000,1.1950
1624832271196000,1,131.37471000,1.1950
1624832273579000,0,346.92187000,1.1951
1624832284581000,0,909.64895000,1.1951
1624832284668000,1,37.50000000,1.1951
1624832284745000,0,514.53239000,1.1951
1624832285140000,0,343.90007000,1.1951
1624832285167000,0,360.63836000,1.1951
1624832285310000,0,125.09180000,1.1953
1624832285548000,1,343.90007000,1.1951
1624832285707000,0,915.61688000,1.1953
1624832285712000,0,215.86214000,1.1953
1624832285944000,1,108.27031000,1.1953
1624832289472000,0,807.34657000,1.1953
1624832289956000,0,449.22425000,1.1953
1624832290347000,0,946.01000000,1.1953
1624832290407000,0,310.56082000,1.1953
1624832290407000,0,190.55533000,1.1955
1624832291624000,0,344.25126000,1.1951
1624832291892000,0,344.25341000,1.1951
1624832294348000,1,209.24789000,1.1948
1624832294477000,0,375.38848000,1.1951
1624832294659000,0,118.10955000,1.1951
1624832295145000,0,74.63129000,1.1951
1624832295145000,0,269.63925000,1.1953
1624832295684000,0,1256.63399000,1.1951
1624832295684000,0,837.65071000,1.1953
1624832295780000,0,149.28086000,1.1953
1624832295780000,0,755.45467000,1.1955
1624832295780000,0,89.87756000,1.1955
1624832295781000,0,994.81882000,1.1955
1624832296226000,0,800.88800000,1.1955
1624832308017000,1,182.32434000,1.1948
1624832348618000,0,342.96510000,1.1951
1624832349065000,0,342.96510000,1.1951
1624832354897000,0,343.14217000,1.1951
1624832377995000,1,534.46352000,1.1951
1624832414294000,1,209.19626000,1.1951
1624832478647000,1,133.93102000,1.1951
1624832482859000,1,69.48172000,1.1951
1624832482859000,1,133.89952000,1.1948
1624832483210000,1,61.81073000,1.1948
1624832631668000,1,49.24137000,1.1948
1624832652549000,1,83.91455000,1.1948
1624832653126000,1,49.24137000,1.1948
1624832655904000,1,162.71550000,1.1948
1624832656172000,1,83.92656000,1.1948
1624832656324000,1,600.00000000,1.1947
1624832656324000,1,876.84546000,1.1945
1624832657241000,1,83.99385000,1.1945
1624832657379000,1,515.74814000,1.1945
1624832657527000,1,0.25801000,1.1945
1624832657527000,1,860.30534000,1.1945
1624832658323000,1,83.99385000,1.1945
1624832658467000,1,1178.26592000,1.1945
1624832661588000,1,83.99385000,1.1945
1624832661728000,1,910.16501000,1.1945
1624832667335000,1,0.45532000,1.1945
1624832667335000,1,345.78528000,1.1945
1624832667525000,1,83.99385000,1.1945
1624832667674000,1,83.99385000,1.1944
1624832668707000,1,83.99385000,1.1944
1624832669783000,1,83.99385000,1.1944
1624832670911000,1,83.99385000,1.1944
1624832672016000,1,83.99385000,1.1944
1624832678982000,1,83.87077000,1.1944
1624832680021000,1,83.86858000,1.1944
1624832681115000,1,83.86858000,1.1944
1624832682262000,1,83.86858000,1.1944
1624832682419000,1,239.04465000,1.1944
1624832684402000,1,0.11959000,1.1944
1624832684402000,1,83.80746000,1.1943
1624832684538000,1,910.50439000,1.1943
1624832689435000,1,227.06642000,1.1943
1624832704782000,0,487.37000000,1.1952
1624832774438000,1,140.39211000,1.1946
1624832926805000,1,344.84695000,1.1946
1624832927006000,1,255.02547000,1.1946
1624832927012000,1,0.12758000,1.1946
1624832927012000,1,344.46133000,1.1943
1624832927178000,1,600.00000000,1.1943
1624832927178000,1,766.49803000,1.1943
1624832962552000,1,84.68963000,1.1944
1624832988171000,1,49.40229000,1.1945
1624833014632000,1,209.29959000,1.1945
1624833134717000,1,209.29959000,1.1944
1624833254821000,1,209.31011000,1.1944
1624833495079000,1,209.31537000,1.1944
1624833903117000,1,113.66408000,1.1942
1624833975471000,1,209.31712000,1.1942
1624834095337000,0,141.49155000,1.1950
1624834095571000,1,209.28908000,1.1945
1624834335886000,1,209.27331000,1.1946
1624834455796000,1,209.27331000,1.1944
1624834610210000,1,413.23332000,1.1944
1624834614198000,1,413.24716000,1.1944
1624834645281000,0,209.27156000,1.1948
1624834645281000,0,137.85800000,1.1948
1624834664770000,1,489.38448000,1.1943
1624834666048000,1,387.71192000,1.1942
1624834667057000,1,319.43894000,1.1942
1624834668034000,1,287.64598000,1.1942
1624834668034000,1,31.79296000,1.1942
1624834669050000,1,294.71892000,1.1942
1624834670034000,1,294.71892000,1.1942
1624834671040000,1,294.71892000,1.1942
1624834672159000,1,294.71892000,1.1942
1624834673163000,1,242.82126000,1.1942
1624834674165000,1,242.81940000,1.1942
1624834816456000,1,209.35042000,1.1944
1624834891481000,0,18.87029000,1.1950
1624835056376000,1,209.20502000,1.1947
1624835296677000,1,209.25755000,1.1946
1624835416587000,1,209.27507000,1.1946
1624835777197000,1,135.64202000,1.1946
1624835897101000,1,209.25406000,1.1947
1624835948288000,1,43.70265000,1.1947
1624835948575000,1,45.65815000,1.1947
1624835948775000,1,44.13350000,1.1947
1624835948776000,1,45.50169000,1.1947
1624835949201000,1,42.47510000,1.1947
1624835950181000,1,2821.47745000,1.1947
1624836017417000,1,209.04714000,1.1947
1624836257550000,1,209.25054000,1.1947
1624836377575000,1,209.25054000,1.1948
1624836858037000,1,104.69064000,1.1946
1624836978335000,1,209.23108000,1.1946
1624837058403000,1,467.53704000,1.1946
1624837098481000,1,104.67977000,1.1946
1624837218420000,1,209.27507000,1.1947
1624837338521000,1,209.25054000,1.1949
1624837541599000,1,5103.04999000,1.1950
1624837818891000,0,1120.90372000,1.1950
