timestamp ms,type,amount,price
1624924931826000,0,208.35637000,1.1931
1624925245878000,0,372.99000000,1.1929
1624925247249000,1,722.28363000,1.1929
1624925256256000,1,209.64496000,1.1928
1624925256256000,1,395.05377000,1.1928
1624925331306000,1,511.01986000,1.1929
1624925338135000,1,362.35975000,1.1929
1624925342707000,1,252.98433000,1.1929
1624925352509000,1,244.69637000,1.1929
1624925458236000,0,59.87462000,1.1929
1624925486093000,1,329.73470000,1.1929
1624925495082000,1,171.01001000,1.1929
1624925567904000,1,258.84587000,1.1929
1624925645879000,1,995.65712000,1.1929
1624925670224000,1,189.20137000,1.1929
1624925677707000,0,326.11000000,1.1930
1624925747547000,1,187.89459000,1.1929
1624925772634000,1,209.06999000,1.1930
1624925831434000,1,995.69976000,1.1930
1624925886371000,1,165.47450000,1.1930
1624925892480000,1,209.52999000,1.1930
1624925898354000,1,141.63035000,1.1930
1624925940240000,1,148.07037000,1.1930
1624926031921000,1,114.71631000,1.1930
1624926031921000,1,6.27553000,1.1930
1624926173063000,1,208.12999000,1.1930
1624926241958000,1,995.75662000,1.1930
1624926243950000,1,155.91383000,1.1930
1624926253007000,1,128.67189000,1.1930
1624926255228000,1,66.12804000,1.1930
1624926262078000,1,40.09654000,1.1930
1624926268957000,1,50.17398000,1.1930
1624926273431000,1,31.20644000,1.1930
1624926278000000,1,34.99988000,1.1930
1624926284824000,1,56.82064000,1.1930
1624926304797000,1,28.19580000,1.1930
1624926377601000,1,27.76000000,1.1930
1624926406031000,1,995.80693000,1.1930
1624926549012000,1,264.65999000,1.1930
1624926583291000,1,995.84261000,1.1930
1624926612840000,1,209.38999000,1.1930
1624926657096000,1,114.71631000,1.1930
1624926662035000,0,37.50000000,1.1930
1624926715639000,0,104.73615000,1.1931
1624926760870000,0,106.14822000,1.1931
1624927112862000,1,995.89546000,1.1930
1624927133002000,1,137.24718000,1.1930
1624927189774000,1,133.68482000,1.1930
1624927190473000,1,257.56268000,1.1930
1624927212933000,1,209.81999000,1.1930
1624927305917000,0,109.73351000,1.1931
1624927307769000,0,99.67648000,1.1931
1624927307769000,0,0.32352000,1.1931
1624927308793000,0,101.49332000,1.1931
1624927309777000,0,101.49332000,1.1931
1624927310797000,0,101.49291000,1.1931
1624927311768000,0,101.49291000,1.1931
1624927312790000,0,101.49291000,1.1931
1624927313794000,0,101.49291000,1.1931
1624927314797000,0,101.49291000,1.1931
1624927315831000,0,100.22615000,1.1931
1624927453031000,1,209.30999000,1.1930
1624927573152000,1,209.41999000,1.1931
1624927813109000,1,209.20999000,1.1930
1624928293403000,1,209.56999000,1.1929
1624931174588000,1,209.66999000,1.1925
1624932014954000,1,209.46999000,1.1925
1624932464490000,1,180.86002000,1.1925
1624932464613000,0,600.00000000,1.1925
1624933961228000,1,570.44311000,1.1921
1624936831120000,1,17.62233000,1.1917
1624936831120000,1,234.87791000,1.1917
1624936997279000,1,17.62277000,1.1916
1624936997279000,1,17.62322000,1.1916
1624936997279000,1,17.62366000,1.1916
1624936997279000,1,17.62410000,1.1916
1624936997279000,1,17.62455000,1.1915
1624936997279000,1,121.47838000,1.1915
1624937172553000,1,599.99998000,1.1915
1624937172563000,1,0.00002000,1.1915
1624937172563000,1,599.99997000,1.1915
1624937663171000,1,139.77370000,1.1915
1624938073278000,1,138.74795000,1.1915
1624938083610000,1,17.62499000,1.1915
1624938083610000,1,17.62543000,1.1915
1624938083610000,1,17.62588000,1.1914
1624938083610000,1,329.32157000,1.1914
1624938170603000,1,8397.85686000,1.1914
1624938170642000,1,1259.67854000,1.1914
1624938171159000,1,8397.85686000,1.1914
1624938171751000,1,8397.85686000,1.1914
1624940317423000,1,30.50888000,1.1914
1624940718736000,1,156.29546000,1.1914
1624941018717000,1,209.58999000,1.1914
1624942883059000,1,26.92610000,1.1914
1624942999477000,1,209.74999000,1.1914
1624943140711000,1,80.95326000,1.1914
1624943476851000,1,24.06300000,1.1914
1624943835230000,0,48.60518000,1.1919
1624948254544000,1,46.88055000,1.1919
1624948265331000,1,995.92214000,1.1918
1624948265344000,1,0.00313000,1.1918
1624948265344000,1,255.41529000,1.1918
1624948280882000,1,79.63690000,1.1918
1624948481217000,0,337.75000000,1.1920
1624948516227000,0,1128.57474000,1.1924
1624948521666000,0,1015.71728000,1.1923
1624948521666000,0,280.95426000,1.1924
1624948701482000,1,156.23095000,1.1918
1624948703764000,0,209.69946000,1.1922
1624948740093000,1,600.00000000,1.1918
1624948740093000,1,59.93707000,1.1918
1624948740278000,0,210.31220000,1.1918
1624948863342000,1,1211.55218000,1.1918
1624949070030000,0,209.77999000,1.1921
1624949070030000,0,389.68277000,1.1921
1624949148138000,1,1264.66518000,1.1921
1624949421757000,1,209.71086000,1.1921
1624949426532000,1,25.00000000,1.1921
1624949558429000,1,304.54178000,1.1921
1624949571689000,1,704.87533000,1.1921
1624949636291000,0,209.72088000,1.1923
1624949636291000,0,400.15071000,1.1923
1624949751700000,0,291.01903000,1.1924
1624949758938000,0,216.28156000,1.1924
1624949759655000,0,360.89050000,1.1924
1624949759934000,0,360.93111000,1.1924
1624949760912000,0,102.87709000,1.1924
1624949760912000,0,258.07286000,1.1924
1624950348187000,1,302.17722000,1.1922
1624950436792000,1,209.59126000,1.1922
1624950436792000,1,145.65087000,1.1921
1624950682401000,0,209.66157000,1.1924
1624950696802000,1,65.45700000,1.1921
1624950802660000,0,209.68267000,1.1922
1624950837855000,1,144.20457000,1.1921
1624950866981000,1,1200.53722000,1.1921
1624950911366000,1,0.00002000,1.1921
1624950923013000,0,209.70906000,1.1921
1624951222751000,0,209.71462000,1.1918
1624951254437000,1,20.34358000,1.1914
1624951386937000,1,76.16670000,1.1914
1624951428505000,1,58.08294000,1.1914
1624951473081000,1,26.61858000,1.1914
1624951480389000,1,28.33069000,1.1914
1624951480389000,1,8370.65471000,1.1914
1624951480433000,1,1259.84782000,1.1914
1624951480890000,1,4268.83679000,1.1914
1624951480890000,1,17.62632000,1.1914
1624951531925000,1,17.62677000,1.1914
1624951823183000,1,17.62721000,1.1913
1624951823183000,1,17.62810000,1.1913
1624951823183000,1,17.62854000,1.1912
1624951823183000,1,17.62899000,1.1912
1624951823183000,1,17.62943000,1.1912
1624951823183000,1,17.62987000,1.1912
1624951823183000,1,17.63032000,1.1911
1624951823183000,1,17.63076000,1.1911
1624951823183000,1,17.63121000,1.1911
1624951823183000,1,50.99556000,1.1910
1624951865597000,1,999.99997000,1.1909
1624951865887000,1,0.00003000,1.1909
1624951865887000,1,353.57545000,1.1908
1624951943336000,1,147.75483000,1.1908
1624952309407000,1,210.51881000,1.1908
1624953206837000,1,999.89091000,1.1916
1624953407915000,1,274.94545000,1.1914
1624953504376000,1,209.64999000,1.1914
1624953594636000,1,379.80999000,1.1915
1624953624505000,1,209.50999000,1.1914
1624953829700000,1,280.33999000,1.1910
1624954218896000,1,17.63565000,1.1908
1624954218896000,1,17.63654000,1.1907
1624954218896000,1,64.72781000,1.1907
1624954225364000,1,17.63742000,1.1906
1624954225364000,1,17.63831000,1.1906
1624954225364000,1,676.02820000,1.1906
1624954225373000,1,1390.14414000,1.1906
1624954253224000,1,1000.34999000,1.1906
1624954424302000,0,304.51575000,1.1911
1624955025896000,1,143.21999000,1.1906
1624955033753000,1,14371.38355000,1.1906
1624955073875000,1,600.00000000,1.1905
1624955073879000,1,17.63920000,1.1905
1624955073879000,1,17.64009000,1.1905
1624955073879000,1,70.85302000,1.1904
1624955073879000,1,17.64098000,1.1904
1624955073879000,1,17.64187000,1.1904
1624955073879000,1,872.77354000,1.1904
1624955073903000,1,123.77329000,1.1904
1624955073903000,1,872.77381000,1.1903
1624955073905000,1,123.77329000,1.1903
1624955073905000,1,17.64276000,1.1903
1624955073905000,1,855.15658000,1.1903
1624955077950000,1,145.48438000,1.1905
1624955162045000,1,996.56948000,1.1904
1624955162173000,1,600.00000000,1.1903
1624955162173000,1,396.54710000,1.1903
1624955162232000,1,600.02692000,1.1903
1624955162241000,1,17.64365000,1.1902
1624955162241000,1,978.90345000,1.1902
1624955162246000,1,17.64365000,1.1902
1624955162246000,1,17.64454000,1.1902
1624955162246000,1,17.64543000,1.1901
1624955162246000,1,943.61348000,1.1901
1624955497923000,1,17.64632000,1.1901
1624955497923000,1,17.64721000,1.1900
1624955497923000,1,17.64810000,1.1899
1624955497923000,1,17.64854000,1.1899
1624955497923000,1,926.04698000,1.1899
1624955497956000,1,333.87491000,1.1899
1624955497956000,1,266.12509000,1.1899
1624955497960000,1,730.48950000,1.1899
1624955499017000,0,1259.92189000,1.1899
1624955499090000,0,283.77363000,1.1899
1624955612598000,0,639.13000000,1.1905
1624955881610000,0,150.50592000,1.1906
1624956094862000,0,986.54701000,1.1904
1624956215995000,0,1822.26327000,1.1906
1624956216138000,0,1177.73673000,1.1906
1624956216166000,0,1177.73672000,1.1906
1624956216394000,0,82.70922000,1.1906
1624956216579000,0,0.00001000,1.1906
1624956216579000,0,37.85065000,1.1906
1624956216720000,0,958.81042000,1.1906
1624956216720000,0,996.65059000,1.1907
1624956216720000,0,301.50315000,1.1907
1624956216729000,0,958.81041000,1.1907
1624956216732000,0,0.00001000,1.1907
1624956216732000,0,140.36425000,1.1907
1624956216915000,0,856.31843000,1.1907
1624956216947000,1,996.66107000,1.1906
1624956217062000,0,0.00001000,1.1907
1624956217062000,0,864.82238000,1.1908
1624956217270000,0,0.00001000,1.1908
1624956217270000,0,509.50967000,1.1908
1624956217327000,0,355.31272000,1.1908
1624956217331000,0,301.31439000,1.1908
1624956217369000,1,509.50967000,1.1908
1624956217369000,1,487.23936000,1.1907
1624956217408000,0,695.36830000,1.1908
1624956217408000,0,301.31439000,1.1909
1624956217466000,0,695.36830000,1.1909
1624956217466000,0,996.68269000,1.1910
1624956217466000,0,408.47163000,1.1910
1624956217489000,1,551.47000000,1.1908
1624956217496000,1,319.07129000,1.1908
1624956217496000,1,369.07907000,1.1907
1624956217496000,1,600.00000000,1.1907
1624956217552000,0,318.91756000,1.1910
1624956217552000,0,677.76513000,1.1911
1624956217591000,0,695.36830000,1.1906
1624956217675000,0,565.07765000,1.1906
1624956217696000,0,67.96150000,1.1909
1624956217696000,0,928.72119000,1.1909
1624956217710000,0,331.72476000,1.1909
1624956217710000,0,318.91756000,1.1911
1624956217710000,0,686.54202000,1.1911
1624956217710000,0,763.33828000,1.1912
1624956217800000,0,421.69033000,1.1912
1624956229027000,0,996.68269000,1.1907
1624956229055000,0,189.44257000,1.1907
1624956229160000,0,126.14140000,1.1907
1624956229186000,0,574.99236000,1.1907
1624956295351000,1,600.00000000,1.1902
1624956295365000,1,890.58798000,1.1902
1624956299112000,1,599.99999000,1.1902
1624956305500000,1,274.51884000,1.1902
1624956310274000,1,274.51884000,1.1902
1624956314637000,1,447.66512000,1.1902
1624956315666000,1,3745.73684000,1.1902
1624956324345000,1,0.00002000,1.1902
1624956324345000,1,901.95888000,1.1902
1624956341306000,1,170.09015000,1.1902
1624956369654000,1,600.00000000,1.1901
1624956371483000,0,332.51500000,1.1900
1624956374260000,1,600.00000000,1.1899
1624956374260000,1,996.70335000,1.1899
1624956374852000,1,17.64899000,1.1899
1624956375292000,1,600.00000000,1.1899
1624956375292000,1,660.37711000,1.1899
1624956375481000,1,336.38418000,1.1899
1624956375481000,1,17.64943000,1.1898
1624956375481000,1,996.70335000,1.1898
1624956375481000,1,17.65032000,1.1898
1624956376019000,1,600.00000000,1.1898
1624956376523000,1,17.65121000,1.1897
1624956376523000,1,600.00000000,1.1897
1624956376523000,1,996.70335000,1.1897
1624956376523000,1,3000.00000000,1.1897
1624956377101000,1,17.65255000,1.1896
1624956377101000,1,600.00000000,1.1896
1624956379710000,1,600.00000000,1.1896
1624956379710000,1,996.70335000,1.1896
1624956380249000,1,17.65344000,1.1896
1624956380249000,1,600.00000000,1.1896
1624956380283000,0,600.00000000,1.1896
1624956380425000,0,42.72367000,1.1896
1624956382147000,0,220.15493000,1.1896
1624956383164000,0,220.15493000,1.1896
1624956384148000,0,220.15493000,1.1896
1624956390947000,0,996.77765000,1.1895
1624956414703000,1,600.00000000,1.1894
1624956414833000,1,492.58999000,1.1894
1624956415311000,1,504.19515000,1.1894
1624956415311000,1,600.00000000,1.1894
1624956415506000,0,1260.37711000,1.1894
1624956417104000,0,1260.37711000,1.1894
1624956419105000,0,1260.37711000,1.1894
1624956638348000,0,18.48953000,1.1899
1624956649577000,1,22.00000000,1.1894
1624956661959000,0,22.00000000,1.1899
1624956674329000,1,22.00000000,1.1894
1624956685379000,0,209.62657000,1.1898
1624956687699000,0,22.00000000,1.1899
1624956701284000,1,22.00000000,1.1894
1624956737895000,0,18.48891000,1.1899
1624956744629000,1,22.00000000,1.1894
1624956752397000,0,22.00000000,1.1900
1624956760139000,1,22.00000000,1.1894
1624956768934000,0,22.00000000,1.1900
1624956777751000,1,22.00000000,1.1894
1624956805671000,0,156.50847000,1.1900
1624956918695000,1,630.63866000,1.1900
1624957014984000,1,156.47475000,1.1899
1624957095682000,0,643.97669000,1.1904
1624957181024000,0,24.73050000,1.1903
1624957331939000,1,173.29977000,1.1898
1624957454712000,0,198.58786000,1.1903
1624957807128000,0,300.80476000,1.1904
1624958027758000,1,149.95811000,1.1903
1624958246563000,1,209.32736000,1.1904
1624958713420000,1,676.18218000,1.1907
1624958713420000,1,320.50034000,1.1907
1624958761440000,1,784.87118000,1.1907
1624958761440000,1,211.82697000,1.1907
1624958896648000,0,546.42332000,1.1910
1624959121454000,1,429.76000000,1.1908
1624959165179000,1,996.65035000,1.1909
1624959247832000,1,1259.75259000,1.1908
1624959248216000,1,1259.78506000,1.1908
1624959256558000,1,8398.35056000,1.1909
1624959295015000,1,508.38421000,1.1909
1624959295741000,1,508.38421000,1.1909
1624959351578000,1,89.75000000,1.1909
1624959483474000,1,5017.65740000,1.1909
1624959483474000,1,600.00000000,1.1909
1624960052052000,1,310.63484000,1.1903
1624960053314000,1,685.88942000,1.1903
1624960053464000,1,305.13820000,1.1903
1624960054106000,1,996.51147000,1.1903
1624960054125000,1,0.00001000,1.1903
1624960054125000,1,294.86178000,1.1903
1624960054156000,1,0.00002000,1.1903
1624960054156000,1,996.52423000,1.1902
1624960527133000,1,209.94639000,1.1902
1624960647059000,1,209.94459000,1.1902
1624961119611000,0,2999.99000000,1.1910
1624961542386000,0,1079.40578000,1.1910
1624961542386000,0,3000.00000000,1.1911
1624961542386000,0,1259.51988000,1.1911
1624961542386000,0,996.47414000,1.1912
1624961542386000,0,1259.32425000,1.1913
1624961542386000,0,8792.05571000,1.1913
1624962282072000,0,650.00000000,1.1905
1624963017490000,0,94.14810000,1.1898
1624963017602000,0,39.82700000,1.1898
1624963167005000,0,1000.22772000,1.1901
1624963348068000,0,139.77228000,1.1901
1624963468153000,0,210.06678000,1.1901
1624963830565000,1,563.47067000,1.1896
1624964237030000,1,266.61999000,1.1900
1624964352821000,1,2694.80251000,1.1900
1624964353367000,1,781.05748000,1.1900
1624965086426000,0,1140.00000000,1.1902
1624965086426000,0,1140.00000000,1.1903
1624965086426000,0,699.31000000,1.1903
1624965086426000,0,191.09008000,1.1903
1624965086426000,0,1260.01714000,1.1904
1624965086426000,0,996.79341000,1.1905
1624965086426000,0,996.77743000,1.1905
1624965086426000,0,996.76416000,1.1906
1624965086426000,0,1260.31357000,1.1906
1624965086426000,0,996.73930000,1.1907
1624965086426000,0,996.74778000,1.1908
1624965086426000,0,996.74778000,1.1909
1624965086426000,0,2099.92273000,1.1909
1624965086426000,0,996.74778000,1.1910
1624965086426000,0,996.74778000,1.1911
1624965086426000,0,996.74778000,1.1912
1624965086426000,0,996.74778000,1.1913
1624965086426000,0,901.10482000,1.1914
1624965215184000,0,165.98758000,1.1905
1624965236361000,1,144.93145000,1.1902
1624965255693000,1,8403.60850000,1.1902
1624965255852000,1,1260.54128000,1.1902
1624965256269000,1,5884.96812000,1.1902
1624965256269000,1,600.00000000,1.1902
1624965333688000,1,600.00000000,1.1900
1624965344899000,1,192.94157000,1.1898
1624965443827000,0,105.66202000,1.1901
1624965443855000,0,1166.47058000,1.1901
1624965443902000,1,280.87289000,1.1900
1624965443913000,0,94.24551000,1.1901
1624965443913000,0,969.34181000,1.1901
1624965443953000,0,94.24551000,1.1901
1624965443953000,0,1166.29577000,1.1902
1624965520523000,1,32.20932000,1.1898
1624965610684000,1,170.85036000,1.1899
1624965611668000,1,6.85139000,1.1899
1624965611668000,1,93.14861000,1.1899
1624965612689000,1,115.23518000,1.1899
1624965699617000,1,140.30999000,1.1899
1624966211884000,1,103.27493000,1.1900
1624967151781000,1,600.00000000,1.1902
1624967185356000,1,600.00000000,1.1900
1624967185441000,1,996.87599000,1.1899
1624967185466000,1,0.04141000,1.1899
1624967185504000,0,600.00000000,1.1899
1624967185505000,1,906.47659000,1.1899
1624967364235000,0,52.08341000,1.1902
1624967398021000,1,209.93749000,1.1901
1624967519546000,1,540.06249000,1.1897
1624967519940000,1,540.06252000,1.1897
1624967642441000,1,164.06329000,1.1895
1624967737457000,1,2086.99125000,1.1894
1624967765872000,1,89.23000000,1.1894
1624967964543000,1,379.26250000,1.1892
1624967964550000,1,210.29816000,1.1892
1624967964797000,1,420.90511000,1.1892
1624968060363000,1,1174.60241000,1.1892
1624968086497000,1,109.81456000,1.1892
1624968088505000,1,109.81456000,1.1892
1624968089463000,1,109.81456000,1.1892
1624968090458000,1,109.81456000,1.1892
1624968091475000,1,109.81456000,1.1892
1624968092760000,1,100.20799000,1.1892
1624968110977000,1,153.73498000,1.1892
1624968136957000,1,7734.34973000,1.1892
1624968157602000,1,358.31393000,1.1892
1624968175435000,1,49.55941000,1.1893
1624968181052000,1,1140.00000000,1.1894
1624968181052000,1,1140.00000000,1.1894
1624968203048000,1,141.68607000,1.1892
1624968212894000,1,1076.67385000,1.1891
1624968244613000,0,537.42199000,1.1891
1624968245087000,1,172.73898000,1.1887
1624968272003000,1,219.29930000,1.1889
1624968273016000,1,215.05381000,1.1889
1624968273997000,1,207.32514000,1.1889
1624968275024000,1,131.07360000,1.1889
1624968448330000,1,888.80200000,1.1891
1624968448336000,1,0.00104000,1.1891
1624968448368000,1,692.31352000,1.1891
1624968449406000,1,305.01251000,1.1891
1624968449406000,1,124.85517000,1.1890
1624968449903000,0,305.01251000,1.1891
1624968449903000,0,583.79053000,1.1891
1624968450758000,1,872.47086000,1.1890
1624968450758000,1,507.55534000,1.1890
1624968452770000,1,489.78757000,1.1890
1624968452770000,1,507.57689000,1.1889
1624968453457000,1,181.20802000,1.1889
1624968455343000,1,177.66665000,1.1889
1624968455552000,1,819.69781000,1.1889
1624968455552000,1,177.67940000,1.1888
1624968455640000,1,177.66167000,1.1888
1624968491851000,0,1354.93910000,1.1889
1624968545280000,1,118.89169000,1.1889
1624968546284000,1,34.01942000,1.1889
1624968680529000,1,275.68223000,1.1888
1624968684326000,1,152.97345000,1.1889
1624968687838000,1,49.88727000,1.1888
1624968724918000,1,156.69039000,1.1887
1624968779131000,1,443.30960000,1.1887
1624968779287000,1,0.00001000,1.1887
1624968779287000,1,455.42446000,1.1887
1624968779691000,0,27.59680000,1.1887
1624968795616000,1,1289.10377000,1.1887
1624969052748000,1,209.98999000,1.1887
1624969169050000,1,393.75749000,1.1887
1624969179511000,1,153.64611000,1.1887
1624969246239000,1,138.77579000,1.1887
1624969247418000,1,49.73103000,1.1887
1624969451062000,1,4.32314000,1.1889
1624969452321000,0,1000.00000000,1.1890
1624969466561000,1,264.08958000,1.1887
1624969466561000,1,1768.88654000,1.1887
1624969476386000,1,537.00000000,1.1887
1624969476386000,1,1152.56578000,1.1887
1624969539373000,1,1385.78208000,1.1887
1624969607553000,1,3706.16353000,1.1887
1624969773142000,1,210.06709000,1.1883
1624970013494000,1,164.80793000,1.1883
1624970129109000,0,16.81456000,1.1888
1624970133871000,1,210.56999000,1.1883
1624970253891000,1,210.47999000,1.1883
1624970374527000,1,193.55816000,1.1888
1624970479540000,1,600.00000000,1.1883
1624970494101000,1,210.45661000,1.1879
1624970854676000,1,105.19186000,1.1880
1624971547867000,1,309.42263000,1.1882
1624971575292000,1,105.22190000,1.1880
1624971596900000,0,600.00000000,1.1886
1624971596900000,0,519.36688000,1.1886
1624971596944000,0,135.90258000,1.1886
1624971596984000,0,342.47560000,1.1886
1624971672788000,1,119.20197000,1.1886
1624971688891000,1,400.16491000,1.1886
1624971688891000,1,89.54784000,1.1886
1624971970895000,1,103.27300000,1.1885
1624971991535000,1,826.68613000,1.1886
1624972055406000,1,210.72629000,1.1885
1624972084975000,1,564.05958000,1.1885
1624972116434000,1,87.09649000,1.1882
1624972128552000,1,75.25727000,1.1883
1624972146176000,1,20.00000000,1.1884
1624972175452000,1,210.60812000,1.1884
1624972178594000,1,106.77240000,1.1883
1624972273317000,1,126.62741000,1.1884
1624972413653000,1,1000.00000000,1.1878
1624972413801000,1,83.36842000,1.1875
1624972413801000,1,997.76805000,1.1875
1624972458699000,0,1069.92279000,1.1878
1624972535794000,1,162.19665000,1.1879
1624972655912000,1,162.73093000,1.1881
1624973015993000,1,166.27850000,1.1884
1624973058693000,0,798.75000000,1.1885
1624973058830000,0,0.00994000,1.1885
1624973058830000,0,798.74006000,1.1885
1624973058890000,0,0.01988000,1.1885
1624973058890000,0,30.44698000,1.1887
1624973058890000,0,1231.33314000,1.1891
1624973058902000,0,30.46998000,1.1891
1624973058902000,0,967.23002000,1.1892
1624973058916000,0,30.33103000,1.1892
1624973058916000,0,1231.65897000,1.1892
1624973058956000,0,30.33524000,1.1892
1624973058956000,0,997.70178000,1.1893
1624973058956000,0,437.39298000,1.1894
1624973059018000,0,639.00795000,1.1887
1624973059018000,0,40.70205000,1.1894
1624973138886000,0,722.12409000,1.1883
1624973255947000,1,105.17828000,1.1885
1624973478530000,1,1523.65999000,1.1886
1624973607355000,1,7735.16808000,1.1889
1624973607657000,1,180.62380000,1.1889
1624973607809000,1,5038.06958000,1.1889
1624973673888000,1,137.94237000,1.1889
1624973859908000,1,4578.47065000,1.1891
1624973874651000,1,534.60875000,1.1890
1624973933359000,1,116.78355000,1.1891
1624973976308000,1,210.42389000,1.1890
1624973993540000,1,313.25012000,1.1890
1624974096346000,1,210.64798000,1.1889
1624974099460000,0,50.40305000,1.1893
1624974216307000,1,105.17934000,1.1890
1624974456374000,1,210.20164000,1.1891
1624974576584000,1,210.20164000,1.1892
1624974696712000,1,210.20164000,1.1892
1624974816873000,1,210.19953000,1.1892
1624974936821000,1,105.17934000,1.1892
1624974948983000,0,411.79700000,1.1894
1624975056906000,1,159.19552000,1.1893
1624975125499000,1,227.74999000,1.1892
1624975177129000,1,210.18999000,1.1890
1624975215082000,1,8411.59622000,1.1890
1624975215127000,1,1261.73944000,1.1890
1624975215599000,1,8257.51609000,1.1890
1624975215599000,1,154.50468000,1.1889
1624975216095000,1,463.82649000,1.1889
1624975218009000,1,600.00000000,1.1888
1624975218009000,1,3000.00000000,1.1888
1624975417351000,1,210.33999000,1.1883
1624975537621000,1,210.23999000,1.1882
1624975571316000,1,123.19879000,1.1884
1624975572334000,1,101.70439000,1.1884
1624975754905000,1,140.11027000,1.1885
1624975756720000,1,140.11027000,1.1885
1624975756950000,1,115.66329000,1.1885
1624975769075000,1,52.42338000,1.1885
1624976364788000,1,427.56340000,1.1881
1624976377948000,1,210.34917000,1.1880
1624976482850000,1,600.00000000,1.1882
1624976483046000,1,397.56860000,1.1882
1624976483046000,1,997.57673000,1.1881
1624976498286000,1,210.41999000,1.1880
1624976618205000,1,210.41999000,1.1881
1624976749547000,0,210.41822000,1.1883
1624976822494000,0,374.36172000,1.1888
1624976822566000,0,225.63828000,1.1888
1624976858399000,1,210.37750000,1.1885
1624977218699000,1,210.32971000,1.1888
1624977699110000,1,210.29255000,1.1889
1624977767927000,1,389.70744000,1.1889
1624977768052000,1,525.33166000,1.1889
1624978059301000,1,210.28017000,1.1887
1624978179436000,1,210.32086000,1.1887
1624978391970000,0,847.83068000,1.1886
1624978462528000,0,611.57318000,1.1890
1624978463531000,0,611.57318000,1.1890
1624978507236000,0,65.93065000,1.1893
1624978513736000,0,534.06935000,1.1893
1624978516100000,0,727.74398000,1.1893
1624978517776000,0,702.50798000,1.1893
1624978518784000,0,702.50798000,1.1893
1624978519749000,0,702.50798000,1.1893
1624978523764000,0,698.18333000,1.1893
1624978527179000,0,1464.77253000,1.1894
1624978542472000,0,210.31555000,1.1894
1624978543089000,0,987.33518000,1.1894
1624978582257000,1,1045.91955000,1.1901
1624978695191000,1,814.10432000,1.1901
1624978885446000,1,75.60000000,1.1901
1624978959811000,0,35.43361000,1.1901
1624978959951000,0,313.91182000,1.1901
1624979076437000,1,996.98809000,1.1904
1624979380245000,1,105.02035000,1.1904
1624979420453000,1,498.56473000,1.1904
1624979424038000,1,188.36726000,1.1904
1624979424038000,1,313.11632000,1.1904
1624979587033000,1,996.88663000,1.1908
1624979603059000,1,83.19957000,1.1908
1624979613741000,1,996.90166000,1.1908
1624979620241000,1,209.93936000,1.1908
1624979629469000,1,216.85006000,1.1908
1624979636121000,1,352.80829000,1.1908
1624979649972000,1,149.94552000,1.1908
1624979657846000,1,352.80932000,1.1908
1624979658615000,1,91.83654000,1.1908
1624979740314000,1,209.94113000,1.1908
1624979980536000,1,188.61915000,1.1910
1624980094628000,1,1296.91000000,1.1913
1624980100742000,1,209.13977000,1.1913
1624980154356000,1,996.72650000,1.1914
1624980164375000,1,7859.02000000,1.1914
1624980170578000,1,996.76074000,1.1914
1624980181069000,1,3330.40135000,1.1914
1624980181069000,1,893.54817000,1.1914
1624980204295000,1,1140.00000000,1.1913
1624980211324000,1,323.60000000,1.1913
1624980461010000,1,209.89177000,1.1910
1624980474452000,1,200.91637000,1.1905
1624980487399000,1,200.88600000,1.1907
1624980489693000,1,201.00002000,1.1908
1624980490928000,1,200.87756000,1.1908
1624980581000000,1,209.89177000,1.1911
1624980821262000,1,209.89706000,1.1912
1624980830988000,0,361.83616000,1.1916
1624980834135000,0,1374.39384000,1.1916
1624980941533000,1,207.93434000,1.1916
1624981282711000,1,600.00000000,1.1908
1624981282839000,1,600.00000000,1.1905
1624981282839000,1,2400.00000000,1.1905
1624981282839000,1,600.00000000,1.1905
1624981282839000,1,659.64151000,1.1905
1624981282845000,1,337.06800000,1.1905
1624981282946000,1,996.72220000,1.1905
1624981282966000,1,262.91931000,1.1905
1624981282966000,1,733.72442000,1.1905
1624981282966000,1,262.99778000,1.1905
1624981282966000,1,733.64595000,1.1904
1624981282966000,1,262.99778000,1.1904
1624981282966000,1,733.64595000,1.1903
1624981282969000,1,525.91623000,1.1903
1624981282991000,0,206.25712000,1.1903
1624981283006000,0,527.38883000,1.1903
1624981283071000,1,72.61117000,1.1905
1624981283071000,1,996.64373000,1.1903
1624981283071000,1,996.64373000,1.1902
1624981283071000,1,32.99274000,1.1901
1624981464078000,0,996.71748000,1.1911
1624981464092000,0,941.77841000,1.1911
1624981464134000,0,54.96318000,1.1911
1624981464134000,0,604.67833000,1.1911
1624981464134000,0,337.10008000,1.1912
1624981753001000,1,500.00000000,1.1908
1624982044937000,1,131.76105000,1.1907
1624982046881000,1,95.36752000,1.1907
1624982046921000,1,98.84491000,1.1907
1624982102910000,0,996.78243000,1.1911
1624982102910000,0,612.89823000,1.1912
1624982102910000,0,996.78243000,1.1912
1624982102910000,0,3000.00000000,1.1913
1624982102910000,0,996.78243000,1.1913
1624982102910000,0,996.78243000,1.1914
1624982102910000,0,996.78243000,1.1915
1624982102910000,0,1259.68382000,1.1916
1624982102910000,0,996.78243000,1.1916
1624982102910000,0,996.78243000,1.1917
1624982102910000,0,1259.63093000,1.1917
1624982102910000,0,996.78243000,1.1918
1624982102910000,0,996.78243000,1.1919
1624982102910000,0,1596.74515000,1.1920
1624982201897000,1,209.86006000,1.1908
1624982204762000,1,600.00000000,1.1908
1624982204780000,1,18364.16646000,1.1908
1624982420515000,1,200.15600000,1.1907
1624982498528000,1,57.47199000,1.1907
1624984421002000,1,599.99496000,1.1903
1624984421010000,1,0.00504000,1.1903
1624984421010000,1,952.87882000,1.1903
1624985691788000,0,600.00000000,1.1906
1624985691891000,1,4121.22321000,1.1906
1624985976460000,0,1260.91745000,1.1904
1624985976477000,0,600.00000000,1.1905
1624985978403000,0,1260.91743000,1.1904
1624985978616000,0,0.00002000,1.1904
1624985979745000,1,599.99996000,1.1905
1624985985239000,0,660.91748000,1.1904
1624985990911000,0,0.00001000,1.1904
1624985990911000,0,1260.91744000,1.1904
1624985996311000,0,0.00001000,1.1904
1624985996311000,0,755.99617000,1.1904
1624986061089000,0,504.92127000,1.1904
1624986065230000,0,0.00001000,1.1904
1624986065230000,0,1260.91744000,1.1904
1624986120155000,0,0.00001000,1.1904
1624986120155000,0,1260.89092000,1.1906
1624986224197000,0,0.00003000,1.1906
1624986224197000,0,755.99917000,1.1906
1624986306253000,0,755.98300000,1.1905
1624986306537000,0,505.16238000,1.1905
1624986309627000,0,1261.14536000,1.1905
1624986312964000,0,952.88000000,1.1904
1624986312976000,0,0.00002000,1.1905
1624986312976000,0,1261.14537000,1.1905
1624986319603000,0,0.00001000,1.1905
1624986319603000,0,1261.14537000,1.1905
1624986347148000,0,0.00001000,1.1905
1624986347148000,0,756.02249000,1.1905
1624986361298000,0,505.12288000,1.1905
1624986366036000,1,399.69424000,1.1903
1624986595076000,0,0.00001000,1.1905
1624986595076000,0,755.99224000,1.1905
1624986656033000,1,854.77253000,1.1903
1624988268616000,1,112.01942000,1.1900
1624988268868000,0,600.00000000,1.1900
1624988269964000,1,155.95683000,1.1900
1624988271000000,1,128.67711000,1.1900
1624988271969000,1,106.16912000,1.1900
1624988303114000,0,42.22767000,1.1903
1624989789557000,1,375.00000000,1.1897
1624989789734000,1,374.99999000,1.1897
1624989861112000,1,25.00000000,1.1898
1624990724797000,0,209.88517000,1.1905
1624991208890000,1,145.72764000,1.1904
1624991966149000,1,65.77000000,1.1903
1624992636979000,1,9198.25000000,1.1904
1624993487065000,0,222.30612000,1.1905
1624993734753000,0,150.07921000,1.1903
1624993928493000,0,804.28916000,1.1903
1624993941799000,0,130.61441000,1.1903
1624994298286000,0,828.63130000,1.1904
1624994298327000,0,0.00002000,1.1904
1624994298327000,0,1639.16411000,1.1904
1624994642966000,1,708.88292000,1.1901
1624994643053000,1,708.88291000,1.1901
1624994787755000,1,306.66999000,1.1901
1624995813449000,1,37.46895000,1.1901
1624996302974000,1,282.84671000,1.1902
1624996715322000,0,713.38129000,1.1905
1624997155211000,1,101.37841000,1.1908
1624997155293000,1,545.61126000,1.1908
1624997976631000,1,95.69343000,1.1906
1624998355833000,1,100.00000000,1.1906
1624998374070000,1,367.37385000,1.1906
1624998406546000,1,35.73049000,1.1907
1624998407038000,1,35.73049000,1.1907
1624998510120000,1,367.57274000,1.1907
1624998530200000,1,367.23389000,1.1907
1624998553737000,1,367.62899000,1.1907
1624998575676000,1,367.62899000,1.1907
1624998610206000,1,313.88799000,1.1907
1624999619799000,1,171.31000000,1.1903
1624999654885000,1,420.41056000,1.1903
1624999933824000,1,529.12999000,1.1901
1624999936753000,0,190.47894000,1.1906
1625000097770000,1,5353.21000000,1.1901
1625000134848000,1,10960.38104000,1.1900
1625000134848000,1,630.80256000,1.1900
1625000134848000,1,3000.00000000,1.1900
1625000134848000,1,2458.42735000,1.1900
1625000134848000,1,324.32905000,1.1899
1625000436968000,1,90.64559000,1.1898
1625001308547000,1,175.63944000,1.1900
1625001512761000,0,600.00000000,1.1904
1625003020516000,1,39.94480000,1.1900
1625004391833000,0,599.99999000,1.1905
1625005370188000,1,361.64849000,1.1904
1625005377700000,1,823.88413000,1.1904
1625005377999000,1,733.32613000,1.1904
1625005640229000,1,20.94149000,1.1901
1625005691947000,1,20.05773000,1.1901
1625005976437000,0,600.00000000,1.1905
1625005976437000,0,660.46713000,1.1906
1625005976495000,0,2339.53287000,1.1906
1625005976551000,1,603.14595000,1.1906
1625006009740000,1,4865.76999000,1.1906
1625006063204000,1,15093.23079000,1.1906
1625006063319000,1,780.38749000,1.1906
1625006063319000,1,2219.61251000,1.1901
1625006063402000,1,780.38749000,1.1901
1625006063402000,1,216.78043000,1.1901
1625006063402000,1,780.37925000,1.1901
1625006063407000,1,997.16792000,1.1901
1625006063414000,0,216.78043000,1.1901
1625006063439000,1,563.60706000,1.1901
1625006063439000,1,433.56086000,1.1900
1625006102736000,1,624.30949000,1.1903
1625006902463000,1,668.69408000,1.1901
1625006902713000,1,0.00001000,1.1901
1625006902713000,1,36.61830000,1.1901
1625006988771000,0,209.96270000,1.1902
1625007108748000,0,202.92534000,1.1905
1625007228935000,0,162.33934000,1.1903
1625007349049000,0,209.96623000,1.1903
1625007469143000,0,210.00327000,1.1904
1625007709167000,0,209.98563000,1.1905
1625007829195000,0,210.00680000,1.1904
1625007949329000,0,210.02091000,1.1903
1625008069350000,0,210.01386000,1.1904
1625008189368000,0,210.01033000,1.1904
1625008429457000,0,210.00151000,1.1904
1625008549511000,0,209.99445000,1.1905
1625008669553000,0,209.98034000,1.1905
1625008709562000,0,185.97215000,1.1905
1625009029788000,0,209.98034000,1.1905
1625009149954000,0,209.98034000,1.1905
1625009270043000,0,210.02268000,1.1903
1625009510038000,0,210.02268000,1.1903
1625009630088000,0,210.02268000,1.1903
1625009750124000,0,210.02268000,1.1903
1625009870145000,0,210.02268000,1.1903
1625009990241000,0,210.02268000,1.1903
1625010230455000,0,210.02268000,1.1903
1625010470477000,0,168.31887000,1.1903
1625010590552000,0,210.02444000,1.1903
1625010710720000,0,103.79595000,1.1903
1625011830859000,0,209.79798000,1.1903
1625012365994000,0,996.97267000,1.1903
1625012444781000,0,317.52355000,1.1903
1625012653557000,0,6.00109000,1.1903
1625012771680000,0,25.61855000,1.1909
1625014606083000,0,584.15312000,1.1907
1625014606225000,0,172.71070000,1.1907
1625014606225000,0,124.44920000,1.1908
1625014661138000,0,272.34944000,1.1908
1625014717059000,1,1699.77223000,1.1906
1625014726371000,1,3071.98000000,1.1907
1625014727925000,1,10030.28000000,1.1907
1625015211749000,1,96.29429000,1.1907
1625016126230000,1,25.10000000,1.1904
1625016300256000,1,90.27238000,1.1903
1625016605248000,1,107.74999000,1.1904
1625016634425000,1,180.71999000,1.1904
1625016651995000,1,163.85249000,1.1904
1625016656348000,1,130.99999000,1.1904
1625016666657000,1,132.96389000,1.1904
1625016669511000,1,135.23388000,1.1904
1625016676915000,1,737.41807000,1.1904
1625016711674000,1,466.90213000,1.1904
1625016772078000,1,162.85499000,1.1904
1625016811993000,1,247.91613000,1.1904
1625016812183000,1,420.37142000,1.1904
1625016836081000,1,31.26378000,1.1904
1625016892183000,1,210.89999000,1.1903
1625017012169000,1,100.90888000,1.1904
1625017132267000,1,100.45678000,1.1903
1625017372351000,1,163.72200000,1.1904
1625018037457000,1,661.58721000,1.1909
1625018392608000,1,120.59999000,1.1906
1625019233127000,1,209.95171000,1.1907
1625019353059000,1,120.43999000,1.1907
1625019473293000,1,209.95171000,1.1907
1625019593258000,1,209.95171000,1.1907
1625019713356000,1,209.95700000,1.1907
1625020433611000,1,104.95999000,1.1906
1625020882806000,1,120.65852000,1.1905
1625022477042000,1,20.84778000,1.1902
1625022703372000,1,290.35525000,1.1902
1625022728726000,1,20.15000000,1.1901
1625022793345000,1,549.73998000,1.1901
1625022879299000,1,600.00000000,1.1899
1625022879299000,1,397.15931000,1.1899
1625022879359000,1,600.01264000,1.1899
1625022879359000,1,2399.97896000,1.1898
1625022879369000,1,600.02104000,1.1898
1625022879369000,1,397.14656000,1.1898
1625022879421000,1,600.03546000,1.1898
1625022879421000,1,397.13202000,1.1898
1625022879709000,1,600.05152000,1.1898
1625022879709000,1,397.11584000,1.1897
1625023030416000,0,394.30687000,1.1904
1625023185673000,1,206.35109000,1.1900
1625023194215000,1,210.01873000,1.1898
1625023376086000,1,354.87212000,1.1898
1625023794367000,1,210.12111000,1.1896
1625024394773000,1,210.15290000,1.1897
1625024448835000,1,137.29999000,1.1897
1625024514878000,1,210.14584000,1.1897
1625024634954000,1,210.13700000,1.1897
1625024755086000,1,210.13700000,1.1896
1625024875139000,1,210.15290000,1.1896
1625025115313000,1,210.15290000,1.1896
1625025124530000,0,210.15290000,1.1902
1625025235554000,1,159.43609000,1.1896
1625025475568000,1,210.13700000,1.1897
1625025549803000,1,147.06548000,1.1897
1625025560641000,1,317.99882000,1.1898
1625025715888000,1,210.12817000,1.1897
1625025836061000,0,158.28898000,1.1898
1625025956069000,1,210.12641000,1.1897
1625026076189000,1,210.12641000,1.1898
1625026191792000,1,130.81000000,1.1901
1625026196098000,1,210.11934000,1.1897
1625026436265000,1,210.13700000,1.1897
1625026556277000,1,210.13700000,1.1897
1625026676403000,1,210.13700000,1.1897
1625026796485000,1,210.13700000,1.1897
1625026916626000,1,210.13700000,1.1896
1625027156646000,1,210.13700000,1.1897
1625027276706000,1,210.13171000,1.1897
1625027396710000,1,210.13171000,1.1897
1625027516812000,1,210.13347000,1.1897
1625027636869000,1,210.13700000,1.1896
1625027876999000,1,210.15467000,1.1898
1625027939441000,1,126.41942000,1.1898
1625027997053000,1,210.12464000,1.1898
1625028066858000,0,600.00000000,1.1902
1625028717314000,1,210.09815000,1.1895
1625028837378000,1,210.16350000,1.1896
1625028886752000,1,305.97999000,1.1897
1625028889167000,0,158.15561000,1.1898
1625028889167000,0,158.15560000,1.1898
1625028957454000,1,210.16350000,1.1896
1625028995080000,1,156.40177000,1.1898
1625029077563000,1,210.15114000,1.1898
1625029197756000,1,210.12287000,1.1898
1625029437739000,1,210.12111000,1.1898
1625029557753000,1,210.12111000,1.1898
1625029677995000,1,210.11404000,1.1899
1625029797948000,1,210.10345000,1.1900
1625029809376000,1,362.01151000,1.1900
1625029810103000,1,149.74390000,1.1900
1625029918066000,1,210.09286000,1.1900
1625030153071000,0,210.07873000,1.1905
1625030153071000,0,198.77840000,1.1905
1625030166209000,0,130.07029000,1.1905
1625030542177000,1,110.53143000,1.1905
1625030543178000,1,100.50030000,1.1905
1625030544179000,1,100.50030000,1.1905
1625030545231000,1,100.50030000,1.1905
1625030545706000,1,278.99553000,1.1905
1625030546322000,1,108.73884000,1.1905
1625030547295000,1,108.73884000,1.1905
1625030548321000,1,108.73884000,1.1905
1625030549325000,1,102.50042000,1.1905
1625030550317000,1,102.50042000,1.1905
1625030621919000,1,144.66958000,1.1905
1625030622800000,1,138.85635000,1.1905
1625030631251000,1,600.00000000,1.1905
1625030683184000,1,389.99257000,1.1905
1625031058486000,1,141.70838000,1.1904
1625031299550000,0,155.70326000,1.1906
1625031300699000,0,525.37028000,1.1906
1625031300787000,0,471.68864000,1.1906
1625031301243000,1,10610.21610000,1.1906
1625031478836000,1,151.64988000,1.1906
1625031525878000,0,167.01873000,1.1907
1625031718745000,1,209.06434000,1.1906
1625031797895000,1,997.09311000,1.1906
1625031876790000,1,107.51010000,1.1906
1625031878632000,1,107.51010000,1.1906
1625031879605000,1,107.51010000,1.1906
1625031880605000,1,107.51010000,1.1906
1625031881631000,1,107.51010000,1.1906
1625031882613000,1,107.51010000,1.1906
1625031883624000,1,107.51010000,1.1906
1625031884609000,1,107.51010000,1.1906
1625031885630000,1,107.51010000,1.1906
1625031886615000,1,107.51010000,1.1906
1625031887612000,1,107.51010000,1.1906
1625031888616000,1,107.51010000,1.1906
1625031913645000,1,107.51010000,1.1906
1625031914624000,1,107.51010000,1.1906
1625031915643000,1,107.51010000,1.1906
1625031918213000,1,107.07085000,1.1906
1625031958735000,1,150.51700000,1.1902
1625032031579000,1,285.91648000,1.1902
1625032054575000,1,379.79469000,1.1902
1625032076801000,1,178.35925000,1.1902
1625032679157000,1,209.96176000,1.1898
1625032799295000,1,209.54822000,1.1898
1625033120640000,1,109.53914000,1.1898
1625033159539000,1,85.79640000,1.1898
1625033171711000,1,119.48269000,1.1898
1625033172711000,1,103.10373000,1.1898
1625033173714000,1,103.10373000,1.1898
1625033175729000,1,119.48269000,1.1898
1625033176709000,1,119.48269000,1.1898
1625033177735000,1,119.48269000,1.1898
1625033178710000,1,119.48269000,1.1898
1625033179716000,1,119.48269000,1.1898
1625033180714000,1,119.48269000,1.1898
1625033181716000,1,118.59703000,1.1898
1625033191746000,1,119.48269000,1.1898
1625033192718000,1,116.47525000,1.1898
1625033193718000,1,116.47525000,1.1898
1625033201723000,1,109.67074000,1.1898
1625033649395000,1,282.13479000,1.1898
1625033679869000,1,139.69987000,1.1898
1625034777111000,1,878.78999000,1.1898
1625035530289000,1,37.50000000,1.1900
1625035530289000,1,668.13999000,1.1900
1625035569028000,1,420.11685000,1.1898
1625035635153000,1,3985.71424000,1.1898
1625035639738000,1,841.06305000,1.1898
1625035683022000,1,1864.91999000,1.1898
1625035683264000,1,766.41999000,1.1898
1625035862143000,1,997.04158000,1.1899
1625035919694000,1,147.65999000,1.1898
1625036140777000,1,3902.76971000,1.1899
1625036219939000,1,213.51999000,1.1900
1625036570999000,1,600.00000000,1.1898
1625036570999000,1,1106.90510000,1.1898
1625036592170000,1,600.00000000,1.1896
1625036592377000,0,240.78756000,1.1895
1625036593366000,0,198.64790000,1.1895
1625036594362000,0,188.22512000,1.1895
1625036595382000,0,155.28497000,1.1895
1625036596368000,0,160.83497000,1.1895
1625036597361000,0,187.39287000,1.1895
1625036598363000,0,129.83416000,1.1895
1625036599998000,0,142.96726000,1.1895
1625036940349000,0,210.03402000,1.1900
1625037060357000,0,210.14271000,1.1896
1625037062525000,1,111.05999000,1.1895
1625037132355000,0,336.05683000,1.1897
1625037300404000,0,210.13035000,1.1897
1625037420426000,0,210.12505000,1.1897
1625037493189000,1,116.04482000,1.1895
1625037540463000,0,210.12505000,1.1897
1625037816009000,1,215.65999000,1.1895
1625037841940000,1,101.62999000,1.1896
1625038081126000,0,210.08839000,1.1899
1625038564169000,0,210.16081000,1.1895
1625038780808000,1,188.52954000,1.1892
1625038901120000,1,106.09432000,1.1894
1625038902113000,1,114.33451000,1.1894
1625038903124000,1,114.33451000,1.1894
1625038904123000,1,114.33451000,1.1894
1625038905126000,1,114.33451000,1.1894
1625038906127000,1,104.19868000,1.1894
1625038907123000,1,104.19682000,1.1894
1625038908152000,1,104.19682000,1.1894
1625038981036000,0,210.16215000,1.1895
1625039362697000,0,16.80114000,1.1898
1625039507889000,0,719.01963000,1.1895
1625039507889000,0,3000.00000000,1.1898
1625039507889000,0,61.32188000,1.1899
1625039748550000,1,108.01199000,1.1898
1625039753561000,1,105.60544000,1.1898
1625039754600000,1,128.54761000,1.1898
1625039755568000,1,106.07016000,1.1898
1625040005062000,1,13235.40690000,1.1896
1625040070518000,1,680.25264000,1.1895
1625040137032000,0,549.16729000,1.1895
