timestamp ms,type,amount,price
1624407474632000,1,5.86345891,0.00625054
1624407474632000,1,4.71983000,0.00625053
1624407474758000,1,9.62252000,0.00624727
1624407607282000,0,5.87437529,0.00625230
1624407607870000,0,5.87437529,0.00625392
1624407616927000,0,5.87276061,0.00626374
1624407616927000,0,14.67894851,0.00626374
1624407616927000,0,29.50829064,0.00626374
1624407617445000,0,8.63510744,0.00626374
1624407705260000,0,5.86048470,0.00627824
1624407705260000,0,14.64919774,0.00627824
1624407705260000,0,29.29134939,0.00627824
1624407705776000,0,8.78974676,0.00627824
1624407705776000,0,0.24386125,0.00627825
1624408517059000,0,5.84967439,0.00623889
1624408702681000,0,5.85714106,0.00625256
1624409328210000,0,5.66810048,0.00633138
1624409328210000,0,12.45322536,0.00633138
1624409328473000,0,0.23691480,0.00633138
1624409329043000,0,1.47924022,0.00633138
1624409329123000,0,9.47658700,0.00633139
1624409330165000,1,4.05018798,0.00633138
1624409339091000,0,1.47923500,0.00633063
1624409339196000,0,4.83763700,0.00633063
1624409424276000,0,2.43570605,0.00635052
1624409424528000,0,0.36632795,0.00635052
1624409424530000,0,0.00000586,0.00635052
1624409424530000,0,3.25807414,0.00635281
1624409755574000,0,5.56890345,0.00635708
1624409757044000,0,5.57242139,0.00636003
1624409758193000,0,5.56416466,0.00636243
1624409767844000,1,14.27000000,0.00638005
1624409788592000,0,0.08705774,0.00638108
1624409818197000,0,3.48361643,0.00638385
1624410019670000,0,1.00353133,0.00639514
1624410692937000,0,5.49151848,0.00636986
1624411175280000,0,35.72423524,0.00639317
1624412322776000,0,0.23024502,0.00643500
1624412743603000,1,8.24486677,0.00643746
1624412848172000,0,6.86007983,0.00644483
1624421416636000,0,13.64492129,0.00643939
1624422049032000,0,1.17167313,0.00646009
1624425117878000,1,34.81262611,0.00655949
1624426564350000,1,8.53524000,0.00660571
1624426564674000,0,39.21476000,0.00660369
1624428602784000,0,0.30382202,0.00668031
1624429827806000,0,7.50000000,0.00669500
1624437877198000,1,45.33000000,0.00653581
1624437881866000,1,30.93027990,0.00653581
1624444418034000,1,5.34859174,0.00651159
1624444418034000,1,13.36922858,0.00651159
1624444585608000,1,5.31101172,0.00652623
1624444586126000,1,5.34415839,0.00652547
1624444910001000,1,8.66072000,0.00648686
1624444910167000,0,45.20389203,0.00648637
1624444910687000,0,22.39566787,0.00648637
1624445680151000,1,0.50000000,0.00651587
1624447087160000,1,5.40739019,0.00648031
1624454110151000,1,0.44612982,0.00643936
1624455328380000,0,11.12556419,0.00649835
1624455328380000,0,6.67844920,0.00649836
1624455328380000,0,0.00666506,0.00649848
1624455630488000,1,13.42969181,0.00647431
1624455630990000,1,13.48329666,0.00646695
1624455630990000,1,31.82514701,0.00646695
1624455631481000,1,3.24439660,0.00646695
1624469329158000,1,9.55867460,0.00630000
1624474243189000,0,0.03848466,0.00618285
1624478621400000,1,0.31903440,0.00612419
1624478621400000,1,0.16079531,0.00612419
1624478621400000,1,7.41700597,0.00612418
1624478621400000,1,0.82968376,0.00612156
1624478621400000,1,7.21820862,0.00612155
1624478878388000,0,2.26989602,0.00613145
1624480642644000,1,0.38683483,0.00612681
1624480701121000,1,40.52000000,0.00609677
1624480701383000,0,36.51691797,0.00609677
1624480886289000,0,23.80095236,0.00612032
1624481956025000,0,15.28638510,0.00608987
1624486392166000,0,5.83664699,0.00611558
