timestamp ms,type,amount,price
1622505646191000,0,3046.09203471,0.00001079
1622505646191000,0,7615.16868195,0.00001079
1622505646191000,0,26782.76307948,0.00001079
1622505730656000,0,8299.00184018,0.00001082
1622505730959000,0,728.60000000,0.00001082
1622505731162000,0,2311.53900391,0.00001082
1622505731162000,0,7600.34750978,0.00001082
1622505774757000,1,728.60000000,0.00001087
1622505875835000,1,19597.78353289,0.00001079
1622505875835000,1,7547.40534955,0.00001079
1622505875835000,1,3018.94598417,0.00001079
1622505900115000,0,728.60000000,0.00001082
1622505986472000,1,728.60000000,0.00001086
1622506003989000,0,2998.29855000,0.00001085
1622506018754000,1,2998.09407721,0.00001085
1622506018754000,1,1.90592279,0.00001085
1622506108047000,0,728.60000000,0.00001083
1622506165955000,1,728.60000000,0.00001088
1622506185434000,0,728.60000000,0.00001087
1622506198531000,1,2990.30338375,0.00001087
1622506198531000,1,7475.46118955,0.00001087
1622506200419000,1,728.60000000,0.00001086
1622506200503000,1,2263.29619485,0.00001086
1622506200503000,1,7479.74048711,0.00001086
1622506254881000,0,19460.06012369,0.00001088
1622506254881000,0,2994.97410700,0.00001088
1622506254881000,0,2994.34603809,0.00001088
1622506311897000,1,7457.29692268,0.00001088
1622506311897000,1,2982.91876907,0.00001088
1622506328648000,0,2985.66042000,0.00001088
1622506330354000,0,0.00000235,0.00001088
1622506338798000,1,2950.02626000,0.00001089
1622506355555000,1,7457.29692268,0.00001088
1622506355555000,1,2982.91876907,0.00001088
1622506375982000,1,2992.03339869,0.00001087
1622506375982000,1,7480.29924659,0.00001087
1622506415896000,0,7487.21230559,0.00001087
1622506415896000,0,2994.88491441,0.00001087
1622506416089000,0,0.00000783,0.00001087
1622506446826000,0,2238.48884535,0.00001088
1622506446940000,0,754.45858231,0.00001088
1622506446940000,0,70.83373077,0.00001088
1622506447356000,0,574.06089920,0.00001088
1622506447733000,0,728.60000000,0.00001088
1622506470334000,1,1500.00000000,0.00001090
1622506496036000,1,2981.98073859,0.00001091
1622506496036000,1,7455.13498141,0.00001091
1622506502345000,1,2983.32325142,0.00001090
1622506502345000,1,61.65824858,0.00001090
1622506528587000,1,2000.00000000,0.00001090
1622506556504000,0,7470.76840690,0.00001090
1622506556504000,0,2989.05526329,0.00001090
1622506561441000,1,2980.84357301,0.00001092
1622506561441000,1,7452.10893252,0.00001092
1622506561951000,1,19375.48322455,0.00001091
1622506561951000,1,7452.10893252,0.00001091
1622506561951000,1,2980.84357301,0.00001091
1622506594568000,0,2983.57578527,0.00001092
1622506594568000,0,7452.18169473,0.00001092
1622506595784000,1,2980.87268196,0.00001092
1622506595784000,1,7452.18169804,0.00001092
1622506613598000,1,2980.29136139,0.00001092
1622506613598000,1,7450.13357917,0.00001092
1622506619421000,1,728.60000000,0.00001091
1622506633286000,0,2986.34217312,0.00001090
1622506655014000,0,2999.03044944,0.00001087
1622506655014000,0,7497.57612361,0.00001087
1622506665595000,0,728.60000000,0.00001088
1622506665631000,0,2267.67145179,0.00001088
1622506665631000,0,7490.67862948,0.00001088
1622506674229000,0,2993.51752582,0.00001088
1622506674229000,0,7483.79381456,0.00001088
1622506687018000,1,728.60000000,0.00001087
1622506757203000,1,2747.34333576,0.00001083
1622506757219000,1,255.74361930,0.00001083
1622506757219000,1,5838.43927921,0.00001083
1622506757221000,1,1669.31798730,0.00001083
1622506792397000,0,3008.32819866,0.00001083
1622506792397000,0,7520.66318868,0.00001083
1622506818954000,1,917.48646403,0.00001082
1622506833525000,0,3013.64111996,0.00001082
1622506833525000,0,7534.10279989,0.00001082
1622506849625000,0,728.60000000,0.00001082
1622506849627000,0,2285.09961135,0.00001082
1622506849627000,0,7534.18874062,0.00001082
1622506859585000,0,7528.21659727,0.00001083
1622506859585000,0,2557.07361273,0.00001083
1622506870300000,1,12500.00000000,0.00001083
1622506870841000,1,728.60000000,0.00001083
1622506924228000,0,3010.50964099,0.00001082
1622506924228000,0,7526.27409901,0.00001082
1622506924241000,0,0.00000346,0.00001082
1622506925395000,0,1765.15789580,0.00001085
1622506925667000,0,1242.57195789,0.00001085
1622506925667000,0,4576.35236223,0.00001085
1622506925822000,0,2942.97227200,0.00001085
1622506950864000,1,2998.84960376,0.00001086
1622506950864000,1,4501.15039624,0.00001086
1622506962901000,1,2990.83619514,0.00001085
1622506962901000,1,7476.45579653,0.00001085
1622506962901000,1,19457.27648374,0.00001085
1622507043674000,0,3000.79957805,0.00001084
1622507093231000,0,36659.28242315,0.00001087
1622507258239000,0,2999.72721981,0.00001084
1622507258239000,0,7499.31803019,0.00001084
1622507284793000,0,2993.60452317,0.00001086
1622507284793000,0,7484.01129683,0.00001086
1622507294919000,0,7470.24127792,0.00001088
1622507294919000,0,2988.09650208,0.00001088
1622507294965000,0,0.00000909,0.00001088
1622507306276000,1,2985.35009893,0.00001088
1622507306276000,1,7463.37524733,0.00001088
1622507306276000,1,2985.02633374,0.00001088
1622507310489000,1,0.00002152,0.00001088
1622507372018000,1,2989.47293622,0.00001086
1622507372018000,1,5010.52706378,0.00001086
1622507536444000,0,7483.48661777,0.00001084
1622507536444000,0,2993.49403587,0.00001084
1622507541638000,0,728.60000000,0.00001085
1622507556988000,0,2991.50573911,0.00001085
1622507556988000,0,7478.76433089,0.00001085
1622507589695000,1,2990.88275340,0.00001085
1622507589695000,1,7478.76433660,0.00001085
1622507634105000,0,2983.25710197,0.00001089
1622507634105000,0,7458.14275491,0.00001089
1622507634105000,0,11810.15846982,0.00001089
1622507642896000,1,2000.00000000,0.00001089
1622507683537000,0,2981.40794009,0.00001090
1622507683537000,0,2460.41476458,0.00001090
1622507720196000,0,7460.37051184,0.00001088
1622507720196000,0,2984.14819816,0.00001088
1622507733880000,1,2983.46266644,0.00001088
1622507733880000,1,3016.53733356,0.00001088
1622507822290000,1,7457.23810866,0.00001089
1622507822290000,1,2984.68331521,0.00001089
1622507898048000,1,728.60000000,0.00001088
1622507898230000,1,6715.86642448,0.00001088
1622507898230000,1,2977.78656979,0.00001088
1622507996189000,1,3000.00000000,0.00001086
1622508239855000,0,728.60000000,0.00001088
1622508245824000,0,2975.09070204,0.00001090
1622508245824000,0,7437.72675509,0.00001090
1622508279937000,1,19280.70203217,0.00001092
1622508320893000,1,728.60000000,0.00001091
1622508320930000,1,6687.46805649,0.00001091
1622508320930000,1,2966.42722259,0.00001091
1622508320930000,1,5346.10472092,0.00001091
1622508322889000,0,2969.14622096,0.00001091
1622508322889000,0,7422.86554904,0.00001091
1622508325279000,1,7422.86555000,0.00001091
1622508325359000,1,0.00000241,0.00001091
1622508325359000,1,2969.14621759,0.00001091
1622508333967000,1,2969.14622000,0.00001091
1622508351312000,0,728.60000000,0.00001093
1622508368433000,0,39.98173494,0.00001094
1622508386070000,1,2958.30002000,0.00001095
1622508386158000,1,0.00000472,0.00001095
1622508386158000,1,1499.99999528,0.00001095
1622508409734000,1,2952.90658803,0.00001097
1622508409734000,1,7382.26647008,0.00001097
1622508422334000,1,728.60000000,0.00001096
1622508435413000,0,2963.71319952,0.00001093
1622508435413000,0,7409.28298048,0.00001093
1622508438062000,0,728.60000000,0.00001094
1622508441283000,1,2961.00413000,0.00001094
1622508441655000,1,0.00000809,0.00001094
1622508441655000,1,7402.51033191,0.00001094
1622508443809000,0,2961.00413000,0.00001094
1622508445823000,1,728.60000000,0.00001094
1622508454357000,1,6500.00000000,0.00001096
1622508475627000,0,728.60000000,0.00001094
1622508475741000,0,2232.45209734,0.00001094
1622508475741000,0,7403.54890266,0.00001094
1622508480887000,1,2961.05209000,0.00001094
1622508523554000,1,728.60000000,0.00001094
1622508592753000,1,664.40218190,0.00001087
1622508615692000,1,23.10833848,0.00001088
1622508620866000,1,1108.44275000,0.00001088
1622508632721000,0,2983.52251830,0.00001087
1622508632721000,0,7458.80628170,0.00001087
1622508707664000,0,728.60000000,0.00001087
1622508707678000,0,6737.07444150,0.00001087
1622508707678000,0,2983.54447631,0.00001087
1622508708065000,0,901.14605251,0.00001088
1622508708179000,0,341.53075340,0.00001088
1622508708194000,0,2374.11298254,0.00001088
1622508708293000,0,2977.25138782,0.00001089
1622508708293000,0,7443.12846956,0.00001089
1622508708419000,0,7053.80044955,0.00001090
1622508708878000,0,339.56515522,0.00001091
1622508708905000,0,296.52993359,0.00001091
1622508709070000,0,1559.68232034,0.00001091
1622508709357000,0,2471.14570056,0.00001091
1622508710441000,0,315.63859000,0.00001090
1622508710441000,0,11157.96612000,0.00001090
1622508728293000,0,2971.79354843,0.00001092
1622508728293000,0,7429.48387108,0.00001092
1622508733675000,1,2969.07212577,0.00001092
1622508733675000,1,7422.68030423,0.00001092
1622508737404000,1,6000.00000000,0.00001091
1622508737497000,1,3198.86798000,0.00001091
1622508738256000,1,2970.60367327,0.00001091
1622508738256000,1,7426.54819807,0.00001091
1622508764629000,0,2971.79354843,0.00001091
1622508764629000,0,7429.48386157,0.00001091
1622508769366000,1,2967.92702000,0.00001092
1622508776229000,1,7419.81756343,0.00001091
1622508776229000,1,80.18243657,0.00001091
1622508781593000,1,728.60000000,0.00001091
1622508787064000,1,2970.64739845,0.00001091
1622508787064000,1,7426.61849611,0.00001091
1622508827423000,0,728.60000000,0.00001094
1622508827491000,0,1089.37094602,0.00001094
1622508827535000,0,1144.77653197,0.00001094
1622508827535000,0,7406.43716251,0.00001094
1622508857926000,1,7405.14900152,0.00001094
1622508857926000,1,594.85099848,0.00001094
1622508861192000,1,728.60000000,0.00001094
1622509042112000,0,728.60000000,0.00001091
1622509062950000,1,7390.57135739,0.00001092
1622509062950000,1,2956.22854295,0.00001092
1622509075666000,1,728.60000000,0.00001093
1622509075683000,1,500.00000000,0.00001093
1622509131559000,0,728.60000000,0.00001095
1622509187421000,1,2959.89713221,0.00001093
1622509187421000,1,40.10286779,0.00001093
1622509229752000,0,2959.89713221,0.00001093
1622509229752000,0,7399.74283052,0.00001093
1622509229752000,0,19241.35791727,0.00001093
1622509233071000,1,2958.38502066,0.00001093
1622509233071000,1,7396.16254990,0.00001093
1622509233071000,1,16731.01438944,0.00001093
1622509254800000,1,7405.77642504,0.00001091
1622509254800000,1,2962.31057001,0.00001091
1622509255979000,1,728.60000000,0.00001090
1622509280995000,1,268.24575900,0.00001087
1622509280995000,1,2975.93665359,0.00001087
1622509280995000,1,1255.81758741,0.00001087
1622509289126000,0,728.60000000,0.00001087
1622509289256000,0,2247.33665359,0.00001087
1622509289256000,0,7439.84163398,0.00001087
1622509320347000,0,2973.05703367,0.00001089
1622509320347000,0,7432.20483633,0.00001089
1622509322160000,0,2971.89401962,0.00001089
1622509345749000,1,4933.36786000,0.00001090
1622509442831000,0,2972.12035875,0.00001090
1622509442831000,0,7430.25528563,0.00001090
1622509503057000,0,2971.37931785,0.00001090
1622509503057000,0,7428.44829461,0.00001090
1622509555032000,1,728.60000000,0.00001089
1622509586484000,1,3562.97494493,0.00001087
1622509586521000,1,3658.38394898,0.00001087
1622509774761000,0,728.60000000,0.00001087
1622509840292000,1,2000.00000000,0.00001087
1622509840841000,1,728.60000000,0.00001087
1622509944572000,1,2988.68260526,0.00001086
1622509944572000,1,7471.97482474,0.00001086
1622510070833000,1,2991.28519569,0.00001086
1622510076477000,1,1048.05738000,0.00001085
1622510077176000,1,2993.58296553,0.00001085
1622510109033000,0,728.60000000,0.00001084
1622510109254000,0,2268.23337803,0.00001084
1622510109254000,0,7492.08344508,0.00001084
1622510125693000,1,2999.60053720,0.00001083
1622510125693000,1,7499.00133280,0.00001083
1622510125940000,1,0.00001019,0.00001083
1622510158586000,0,2994.56141531,0.00001083
1622510158586000,0,7486.40352469,0.00001083
1622510205817000,1,2994.02248000,0.00001084
1622510233541000,1,728.60000000,0.00001084
1622510233648000,1,6756.45620505,0.00001084
1622510233648000,1,2994.02247495,0.00001084
1622510241733000,0,728.60000000,0.00001084
1622510242172000,0,2265.42248202,0.00001084
1622510242172000,0,7485.05619798,0.00001084
1622510348295000,1,728.60000000,0.00001084
1622510348313000,1,2266.36534346,0.00001084
1622510348313000,1,7487.41335865,0.00001084
1622510353990000,1,2500.00000000,0.00001083
1622510375122000,1,2997.73077776,0.00001082
1622510375122000,1,7499.88918535,0.00001082
1622510376711000,1,3005.31289949,0.00001081
1622510376711000,1,7513.45581358,0.00001081
1622510452551000,0,3010.79853000,0.00001080
1622510452613000,0,0.00000001,0.00001080
1622510452613000,0,7526.99632502,0.00001080
1622510474454000,1,3008.01333248,0.00001081
1622510474454000,1,4497.66390752,0.00001081
1622510510676000,1,579.99999999,0.00001079
1622510510679000,1,680.00000000,0.00001079
1622510510730000,1,330.00000000,0.00001079
1622510510737000,1,756.00000000,0.00001079
1622510510919000,1,664.79853002,0.00001079
1622510510919000,1,7526.99632502,0.00001079
1622510512378000,1,7542.33447477,0.00001078
1622510512378000,1,3016.93378991,0.00001078
1622510532434000,1,2680.92765677,0.00001078
1622510678861000,1,689.46640072,0.00001079
1622510678902000,1,1269.00000000,0.00001079
1622510679525000,1,1058.57575107,0.00001079
1622510679525000,1,7542.60537948,0.00001079
1622510686218000,1,3020.43085274,0.00001078
1622510711657000,1,2121.81820000,0.00001077
1622511222279000,1,3027.68365273,0.00001081
1622511222279000,1,7569.12732062,0.00001081
1622511234854000,0,3026.27717378,0.00001081
1622511234854000,0,7565.69292622,0.00001081
1622511294055000,1,7586.99460449,0.00001080
1622511294055000,1,3034.79784180,0.00001080
1622511683042000,1,3020.49610000,0.00001082
1622511908293000,1,3028.40559654,0.00001080
1622511908293000,1,7571.01399135,0.00001080
1622511912993000,1,2000.00000000,0.00001079
1622511955702000,0,3035.67026091,0.00001079
1622511955702000,0,7589.17565227,0.00001079
1622512045677000,0,7580.11749457,0.00001081
1622512045677000,0,3032.06322543,0.00001081
1622512062369000,0,7572.53357486,0.00001082
1622512062369000,0,3029.03501514,0.00001082
1622512062944000,0,728.60000000,0.00001083
1622512081332000,0,2723.83856340,0.00001086
1622512081332000,0,2723.73199660,0.00001086
1622512081821000,0,0.00000665,0.00001086
1622512092292000,1,3011.56518126,0.00001087
1622512092292000,1,7528.91295314,0.00001087
1622512095216000,1,7528.91295314,0.00001086
1622512095216000,1,3011.56517686,0.00001086
1622512114702000,1,7554.49190996,0.00001084
1622512114702000,1,3021.79675004,0.00001084
1622512114721000,1,0.00001394,0.00001084
1622512115896000,1,728.60000000,0.00001083
1622512164920000,0,728.60000000,0.00001082
1622512216534000,1,728.60000000,0.00001082
1622512406568000,1,7584.43416845,0.00001079
1622512406568000,1,3033.77366738,0.00001079
1622512457907000,0,3039.32252382,0.00001079
1622512457907000,0,7592.59155144,0.00001079
1622512468771000,1,3036.50572816,0.00001079
1622512468771000,1,7591.26431184,0.00001079
1622512492194000,0,389.42074690,0.00001078
1622512496066000,0,2648.01093306,0.00001078
1622512496066000,0,545.30477655,0.00001078
1622512500450000,0,7048.27442000,0.00001078
1622512591257000,1,3037.43167996,0.00001077
1622512591257000,1,7593.57919990,0.00001077
1622512698449000,1,3039.27273000,0.00001078
1622512743483000,1,3088.69467000,0.00001078
1622512743970000,1,183.80911757,0.00001077
1622512744040000,1,947.59628755,0.00001077
1622512775845000,1,7613.99283278,0.00001077
1622512775845000,1,3045.59713311,0.00001077
1622512805922000,0,728.60000000,0.00001077
1622512845202000,0,3041.41841000,0.00001079
1622512845202000,0,7603.54602000,0.00001079
1622512845211000,0,0.00000500,0.00001079
1622512846582000,0,3038.60228184,0.00001080
1622512854457000,1,7596.50570461,0.00001080
1622512854457000,1,1509.85644539,0.00001080
1622512854941000,1,728.60000000,0.00001080
1622512855661000,1,800.14583645,0.00001080
1622513197282000,0,728.60000000,0.00001079
1622513217406000,0,41.45740740,0.00001080
1622513221705000,1,728.60000000,0.00001079
1622513274754000,1,3055.69154911,0.00001077
1622513274754000,1,7639.22887277,0.00001077
1622513287313000,0,728.60000000,0.00001075
1622513291249000,1,728.60000000,0.00001075
1622513303780000,1,6804.95226888,0.00001074
1622513303780000,1,3066.07867277,0.00001074
1622513303780000,1,7665.26585175,0.00001074
1622513320724000,0,6796.05323764,0.00001076
1622513320724000,0,19964.04935420,0.00001076
1622513327386000,0,3068.53775461,0.00001076
1622513327386000,0,7671.34438653,0.00001076
1622513344246000,1,3068.53775461,0.00001076
1622513355967000,0,7671.34438653,0.00001077
1622513355967000,0,3068.53775461,0.00001077
1622513396084000,0,3069.70902939,0.00001076
1622513396084000,0,7674.25830903,0.00001076
1622513404902000,0,7668.95043164,0.00001077
1622513404902000,0,3067.69620639,0.00001077
1622513408172000,0,2745.34840886,0.00001078
1622513408172000,0,3064.17868917,0.00001078
1622513428155000,0,7667.13272000,0.00001077
1622513428295000,0,0.00000100,0.00001077
1622513430325000,0,7667.13272100,0.00001078
1622513430325000,0,3073.71145330,0.00001078
1622513476993000,0,728.60000000,0.00001080
1622513477001000,0,2339.22871110,0.00001080
1622513477001000,0,7669.57177774,0.00001080
1622513480798000,0,7665.27677016,0.00001081
1622513480798000,0,3066.18773285,0.00001081
1622513504615000,1,728.60000000,0.00001080
1622513509814000,0,728.60000000,0.00001080
1622513510103000,0,2343.49310874,0.00001080
1622513510103000,0,7680.56541981,0.00001080
1622513516506000,0,3070.80780813,0.00001081
1622513516506000,0,7673.35486829,0.00001081
1622513518438000,0,3066.15051089,0.00001082
1622513518438000,0,7665.37627722,0.00001082
1622513535777000,1,728.60000000,0.00001083
1622513535862000,1,2334.50722044,0.00001083
1622513605615000,1,3061.62310063,0.00001083
1622513605615000,1,7654.05775157,0.00001083
1622513647031000,0,3062.18153714,0.00001083
1622513647031000,0,7655.45384285,0.00001083
1622513749815000,1,3052.38663135,0.00001085
1622513749815000,1,7630.96657837,0.00001085
1622513842389000,0,7678.75466669,0.00001083
1622513842389000,0,3071.50186668,0.00001083
1622513853721000,0,3077.26720000,0.00001082
1622513889825000,0,3073.22953000,0.00001083
1622513897624000,0,3071.06589621,0.00001084
1622513897624000,0,2748.54392379,0.00001084
1622513902709000,1,3071.32378000,0.00001084
1622513926321000,0,728.60000000,0.00001084
1622513926394000,0,1787.41980910,0.00001084
1622513978423000,0,3070.38423000,0.00001084
1622513988870000,0,3067.55438828,0.00001086
1622513988870000,0,4536.45071172,0.00001086
1622513999502000,1,3061.91031000,0.00001087
1622514004066000,0,3059.09605816,0.00001088
1622514004066000,0,7647.74013184,0.00001088
1622514009972000,0,3056.28697087,0.00001089
1622514009972000,0,7640.71741913,0.00001089
1622514015502000,1,3053.48303000,0.00001090
1622514015755000,1,0.00000787,0.00001090
1622514016260000,1,728.60000000,0.00001090
1622514020449000,1,7633.70759468,0.00001088
1622514020449000,1,3053.48302532,0.00001088
1622514063387000,1,7632.38234447,0.00001088
1622514063387000,1,3052.91766553,0.00001088
1622514073685000,1,3055.76014000,0.00001088
1622514089595000,1,3058.57132898,0.00001087
1622514089595000,1,1941.42867102,0.00001087
1622514104608000,0,728.60000000,0.00001086
1622514104738000,0,2336.90517373,0.00001086
1622514104738000,0,7663.76292627,0.00001086
1622514108258000,0,3065.50517000,0.00001086
1622514217865000,1,7645.66574365,0.00001087
1622514217865000,1,3058.26628635,0.00001087
1622514243433000,0,3053.17111000,0.00001087
1622514255275000,0,3048.63042301,0.00001089
1622514255275000,0,7621.17188699,0.00001089
1622514277719000,1,3044.76789217,0.00001089
1622514277719000,1,7611.91972783,0.00001089
1622514283459000,1,728.60000000,0.00001089
1622514283563000,1,1000.00000000,0.00001089
1622514286043000,0,3047.88751252,0.00001089
1622514286043000,0,7619.71877748,0.00001089
1622514287756000,0,3045.95756695,0.00001090
1622514287756000,0,7614.10578305,0.00001090
1622514314054000,1,3039.51419000,0.00001092
1622514333073000,0,728.60000000,0.00001094
1622514338987000,1,3030.44243000,0.00001095
1622514365913000,1,7569.19357109,0.00001096
1622514365913000,1,3027.67741891,0.00001096
1622514366034000,1,0.00000953,0.00001096
1622514370416000,1,3027.67742844,0.00001095
1622514370416000,1,7569.19356156,0.00001095
1622514382971000,0,3026.22230147,0.00001097
1622514382971000,0,7565.51584853,0.00001097
1622514383284000,0,0.00000661,0.00001097
1622514414239000,1,3024.91746724,0.00001097
1622514414239000,1,7562.29366811,0.00001097
1622514435276000,1,7557.10273027,0.00001097
1622514435276000,1,3020.08803973,0.00001097
1622514436109000,1,0.00000949,0.00001097
1622514436551000,1,728.60000000,0.00001097
1622514470919000,1,5500.00000000,0.00001097
1622514470947000,1,573.83563993,0.00001097
1622514470948000,1,1477.58644841,0.00001097
1622514470948000,1,3020.56883534,0.00001097
1622514471329000,1,205.33500660,0.00001096
1622514471336000,1,205.03357565,0.00001096
1622514471376000,1,290.00000000,0.00001096
1622514471436000,1,2969.76495045,0.00001096
1622514471535000,1,15979.17079555,0.00001096
1622514471535000,1,3025.44040057,0.00001096
1622514471535000,1,7563.73398559,0.00001096
1622514516074000,0,3029.73843000,0.00001096
1622514519544000,1,3029.73843396,0.00001096
1622514519544000,1,7574.34608489,0.00001096
1622514541396000,0,3032.50531837,0.00001095
1622514541396000,0,7581.26328163,0.00001095
1622514551020000,0,728.60000000,0.00001095
1622514616023000,0,3035.11479223,0.00001094
1622514616023000,0,7587.13500777,0.00001094
1622514616135000,0,0.00000574,0.00001094
1622514678386000,0,3029.42711276,0.00001096
1622514678386000,0,7573.56777724,0.00001096
1622514679349000,0,0.00000467,0.00001096
1622514692762000,1,3021.11796198,0.00001097
1622514692762000,1,7552.79489802,0.00001097
1622514826040000,0,7561.46539796,0.00001097
1622514826040000,0,3022.00806204,0.00001097
1622514826947000,1,7554.57253980,0.00001097
1622514826947000,1,3021.82900020,0.00001097
1622514869993000,1,728.60000000,0.00001096
1622514870014000,1,2295.98615918,0.00001096
1622514870014000,1,7561.46539796,0.00001096
1622514904669000,0,728.60000000,0.00001097
1622515140714000,1,728.60000000,0.00001096
1622515140716000,1,2289.28738672,0.00001096
1622515140716000,1,7544.71846681,0.00001096
1622515230875000,0,3024.88161000,0.00001095
1622515262329000,0,728.60000000,0.00001095
1622515262457000,0,6833.60404369,0.00001095
1622515262457000,0,3024.88161748,0.00001095
1622515264920000,0,3024.88161748,0.00001096
1622515264920000,0,7562.20403252,0.00001096
1622515310431000,1,3022.38006246,0.00001097
1622515310431000,1,7555.95014754,0.00001097
1622515328242000,1,728.60000000,0.00001097
1622515328417000,1,6827.35015615,0.00001097
1622515328417000,1,3022.38005385,0.00001097
1622515328646000,1,0.00000861,0.00001097
1622515687744000,0,3028.72266117,0.00001096
1622515687744000,0,7571.80664883,0.00001096
1622515729394000,1,3020.68905578,0.00001097
1622515729394000,1,7551.72263946,0.00001097
1622515743430000,1,7551.72263946,0.00001096
1622515743430000,1,3024.18421951,0.00001096
1622515848834000,0,3034.96484000,0.00001094
1622515866418000,1,3034.96484667,0.00001094
1622515866418000,1,7587.41211667,0.00001094
1622515996204000,0,728.60000000,0.00001093
1622515996224000,0,6860.21065203,0.00001093
1622515996322000,1,728.59999797,0.00001093
1622516112521000,0,7603.41698654,0.00001093
1622516112521000,0,3041.36679462,0.00001093
1622516221755000,1,728.60000000,0.00001091
1622516298854000,1,3038.35444862,0.00001092
1622516310969000,1,239.96794872,0.00001092
1622516426390000,1,7591.67967455,0.00001091
1622516470533000,1,19800.76634786,0.00001089
1622516470533000,1,3048.14221099,0.00001089
1622516470533000,1,7620.48403947,0.00001089
1622516528461000,1,240.91460055,0.00001089
1622516529009000,0,240.93400000,0.00001089
1622516529082000,0,0.00080257,0.00001089
1622516529496000,0,3050.71260269,0.00001089
1622516667277000,0,487.66600000,0.00001089
1622516759915000,1,728.60000000,0.00001089
1622516836852000,1,3045.77465180,0.00001089
1622516836852000,1,7614.43662950,0.00001089
1622517100238000,0,728.60000000,0.00001089
1622517176175000,1,3038.26275446,0.00001089
1622517176175000,1,7596.24460554,0.00001089
1622517218063000,0,3038.63648165,0.00001088
1622517218063000,0,7596.59119835,0.00001088
1622517300526000,1,728.60000000,0.00001087
1622517300613000,1,2311.26413072,0.00001087
1622517336141000,0,728.60000000,0.00001087
1622517342117000,0,2311.26413072,0.00001087
1622517401361000,0,7576.82733194,0.00001089
1622517401361000,0,3030.73092806,0.00001089
1622517401498000,0,0.00000471,0.00001089
1622517576809000,1,7570.51162414,0.00001088
1622517576809000,1,3028.20463586,0.00001088
1622517781173000,0,3030.73093277,0.00001088
1622517781173000,0,7576.82733194,0.00001088
1622517902431000,0,3028.86674169,0.00001089
1622517922108000,1,728.60000000,0.00001089
1622517945535000,0,728.60000000,0.00001088
1622517945735000,0,2307.08587000,0.00001088
1622517996806000,1,728.60000000,0.00001089
1622518042679000,0,728.60000000,0.00001090
1622518053811000,0,3035.93155541,0.00001090
1622518053811000,0,7589.82887459,0.00001090
1622518067268000,1,728.60000000,0.00001090
1622518112679000,0,728.60000000,0.00001090
1622518118349000,1,728.60000000,0.00001090
1622518156043000,1,3037.04711553,0.00001090
1622518156043000,1,7591.62969447,0.00001090
1622518398940000,0,3056.11576195,0.00001089
1622518398940000,0,7640.28940487,0.00001089
1622518476919000,0,32.63837018,0.00001085
1622518519679000,0,728.60000000,0.00001086
1622518519721000,0,2346.93929243,0.00001086
1622518519721000,0,7689.54791192,0.00001086
1622518521826000,1,3075.27877158,0.00001086
1622518521826000,1,7688.73296561,0.00001086
1622518521826000,1,4235.98826281,0.00001086
1622518521896000,1,10000.00000000,0.00001086
1622518816560000,1,1379.94489723,0.00001087
1622518816625000,1,1682.75032069,0.00001087
1622518816625000,1,2089.09880534,0.00001087
1622518816635000,1,1472.25694248,0.00001087
1622518892888000,0,3076.04584544,0.00001085
1622518892888000,0,7690.11461359,0.00001085
1622518931968000,1,728.60000000,0.00001085
1622518932186000,1,277.19572793,0.00001085
1622518932265000,1,829.65901936,0.00001085
1622519225614000,0,728.60000000,0.00001082
1622519225968000,0,2358.30912346,0.00001082
1622519225968000,0,7717.27280864,0.00001082
1622519270125000,0,3094.84805596,0.00001080
1622519292490000,0,7737.12013990,0.00001081
1622519292490000,0,3091.98509010,0.00001081
1622519292781000,0,0.00001669,0.00001081
1622519323360000,0,3083.61332234,0.00001082
1622519323360000,0,7709.03330585,0.00001082
1622519620842000,1,728.60000000,0.00001083
1622519639393000,0,728.60000000,0.00001082
1622519639439000,0,2348.44278809,0.00001082
1622519639439000,0,7692.60697022,0.00001082
1622519690907000,1,728.60000000,0.00001084
1622519700415000,0,728.60000000,0.00001084
1622519848489000,0,3072.01069000,0.00001082
1622520035618000,0,3082.02273399,0.00001080
1622520035618000,0,7705.05682601,0.00001080
1622520160744000,1,728.60000000,0.00001080
1622520160749000,1,6992.05604082,0.00001080
1622520160749000,1,3088.26241633,0.00001080
1622520174943000,1,7720.65604082,0.00001080
1622520174943000,1,3088.26240918,0.00001080
1622520188953000,0,728.60000000,0.00001080
1622520189178000,0,2359.83971565,0.00001080
1622520189178000,0,7720.65603435,0.00001080
1622520339897000,1,728.60000000,0.00001079
1622520340003000,1,2359.46555859,0.00001079
1622520340003000,1,7720.16389649,0.00001079
1622520443944000,0,3087.15789661,0.00001080
1622520473571000,0,728.60000000,0.00001080
1622520563041000,0,3084.30154237,0.00001078
1622520563041000,0,7710.75384763,0.00001078
1622520786093000,1,3083.85261000,0.00001079
1622520871546000,0,20038.41703658,0.00001081
1622520871546000,0,3080.89071748,0.00001081
1622520871546000,0,7701.99827594,0.00001081
1622520877332000,1,7685.04729000,0.00001082
1622520934458000,1,3078.84708283,0.00001081
1622520934458000,1,7697.03763717,0.00001081
1622521043664000,1,728.60000000,0.00001080
1622521128963000,0,3089.28019771,0.00001079
1622521128963000,0,7723.20049428,0.00001079
1622521128963000,0,20081.22977801,0.00001079
1622521141314000,1,3089.28019000,0.00001079
1622521141709000,1,0.00000771,0.00001079
1622521141709000,1,7723.20048229,0.00001079
1622521323202000,0,728.60000000,0.00001078
1622521323220000,0,2357.13790025,0.00001078
1622521384920000,1,3084.04519059,0.00001078
1622521384920000,1,7710.11296941,0.00001078
1622521638368000,0,3079.14979489,0.00001079
1622521638368000,0,7697.87448722,0.00001079
1622521673470000,0,3074.96637969,0.00001080
1622521673470000,0,7687.36066932,0.00001080
1622521717032000,1,3077.58537330,0.00001079
1622521717032000,1,7693.96342670,0.00001079
1622521850952000,1,7707.56789032,0.00001076
1622521850952000,1,3084.22289968,0.00001076
1622521906410000,0,522.54000000,0.00001075
1622522074394000,0,3086.22749254,0.00001077
1622522074394000,0,7715.56873136,0.00001077
1622522289254000,0,3071.76661115,0.00001078
1622522289254000,0,7678.22666298,0.00001078
1622522340279000,0,3067.09798243,0.00001078
1622522340279000,0,7667.74495608,0.00001078
1622522358831000,0,3062.94113375,0.00001080
1622522358831000,0,7657.35283438,0.00001080
1622522372785000,0,7660.63861228,0.00001080
1622522372785000,0,3064.25544491,0.00001080
1622522494836000,1,728.60000000,0.00001081
1622522494928000,1,2333.16483505,0.00001081
1622522494928000,1,7653.44550927,0.00001081
1622522675729000,0,728.60000000,0.00001081
1622522675843000,0,2332.72914664,0.00001081
1622522675843000,0,7653.32286661,0.00001081
1622522727630000,0,3061.28041805,0.00001081
1622522728270000,0,7655.19753234,0.00001081
1622522822085000,0,3063.78222273,0.00001082
1622523162811000,0,7646.89539228,0.00001084
1622523162811000,0,3058.75815691,0.00001084
1622523545844000,1,728.60000000,0.00001082
1622523546482000,1,2336.89732672,0.00001082
1622523653763000,1,19995.80853293,0.00001079
1622523653763000,1,7691.18123007,0.00001079
1622523653763000,1,3075.95983206,0.00001079
1622523743111000,0,7682.65496414,0.00001080
1622523743111000,0,3073.08660586,0.00001080
1622523791143000,0,728.60000000,0.00001080
1622524028424000,1,728.60000000,0.00001081
1622524028628000,1,2337.87411826,0.00001081
1622524028628000,1,4680.82447174,0.00001081
1622524051304000,0,728.60000000,0.00001081
1622524128855000,0,3061.61283664,0.00001081
1622524128855000,0,7654.03209160,0.00001081
1622524205754000,0,3057.46777914,0.00001083
1622524205754000,0,7643.66944784,0.00001083
1622524372260000,0,3051.39233526,0.00001084
1622524372260000,0,7628.18229957,0.00001084
1622524404577000,0,3046.81663799,0.00001085
1622524404577000,0,7617.04159497,0.00001085
1622524452789000,0,1731.01461886,0.00001088
1622524452965000,0,18042.01894231,0.00001088
1622524452965000,0,3039.74003958,0.00001088
1622524452965000,0,7598.80366718,0.00001088
1622524569509000,1,728.60000000,0.00001088
1622524569655000,1,2319.50901169,0.00001088
1622524569655000,1,7620.27251831,0.00001088
1622524577906000,0,3050.91315982,0.00001087
1622524577906000,0,7627.28289954,0.00001087
1622524822160000,0,3049.48953000,0.00001083
1622524928686000,0,728.60000000,0.00001086
1622525051076000,1,3032.34743895,0.00001089
1622525051076000,1,7580.86858105,0.00001089
1622525086273000,1,728.60000000,0.00001087
1622525086287000,1,6859.21125080,0.00001087
1622525086287000,1,3035.12450032,0.00001087
1622525315470000,0,3043.45789564,0.00001087
1622525315470000,0,7608.60414119,0.00001087
1622525318368000,0,728.60000000,0.00001087
1622525395572000,0,3038.51873379,0.00001087
1622525395572000,0,7596.29683446,0.00001087
1622525475780000,0,3038.51873379,0.00001087
1622525475780000,0,7596.29683446,0.00001087
1622525532600000,0,19728.73628378,0.00001088
1622525532600000,0,3036.19220351,0.00001088
1622525532600000,0,7590.48050878,0.00001088
1622525618832000,1,728.60000000,0.00001091
1622525619812000,1,642.68607355,0.00001090
1622525735820000,0,728.60000000,0.00001088
1622525805768000,0,3023.16292411,0.00001090
1622525805768000,0,7557.90731027,0.00001090
1622525841441000,0,3019.89899287,0.00001090
1622525841441000,0,7550.97345035,0.00001090
1622525841441000,0,3710.40819768,0.00001090
1622525933011000,1,728.60000000,0.00001091
1622525933456000,1,2284.90365150,0.00001091
1622525933456000,1,1779.09585850,0.00001091
1622526002285000,1,3014.06907763,0.00001091
1622526002996000,1,7538.38770658,0.00001090
1622526016578000,1,222.55573000,0.00001089
1622526438810000,0,3014.55829000,0.00001089
1622526438865000,0,0.00000379,0.00001089
1622526440172000,0,728.60000000,0.00001090
1622526492801000,1,728.60000000,0.00001090
1622526492894000,1,2274.91017000,0.00001090
1622526502433000,0,728.60000000,0.00001091
1622526502456000,0,2274.91017230,0.00001091
1622526502456000,0,7503.70996862,0.00001091
1622526532956000,1,2997.26348000,0.00001092
1622526533028000,1,0.00000645,0.00001092
1622526613367000,1,728.60000000,0.00001092
1622526742556000,0,18.39430147,0.00001088
1622526768434000,0,3006.49190595,0.00001088
1622526768434000,0,7516.22975405,0.00001088
1622526768463000,0,0.00001082,0.00001088
1622526770048000,0,7502.43851759,0.00001091
1622526770048000,0,3000.97540704,0.00001091
1622526770570000,0,10500.00000000,0.00001091
1622526789154000,1,4843.48962185,0.00001090
1622526789446000,1,2000.00000000,0.00001089
1622526789586000,1,311.20758196,0.00001089
1622527054370000,1,41.45740740,0.00001089
1622527263688000,0,728.60000000,0.00001088
1622527463330000,1,1619.02439494,0.00001089
1622527584093000,1,23.57600000,0.00001089
1622527586417000,1,0.00065747,0.00001089
1622527615456000,1,705.02400000,0.00001087
1622527615585000,1,3500.00000000,0.00001087
1622527627743000,0,3008.63775688,0.00001088
1622527627743000,0,1204.06815714,0.00001088
1622527627840000,0,6317.52623506,0.00001088
1622527633192000,0,728.60000000,0.00001090
1622527633228000,0,2274.51225136,0.00001090
1622527633228000,0,37.64317679,0.00001090
1622527633294000,0,7463.72387072,0.00001090
1622528148262000,1,728.60000000,0.00001088
1622528148404000,1,6780.23663924,0.00001088
1622528148404000,1,728.59999076,0.00001088
1622528148497000,1,2274.93466494,0.00001088
1622528149039000,1,3003.53465570,0.00001087
1622528149039000,1,7508.83663924,0.00001087
1622528149658000,1,3003.53465570,0.00001086
1622528182038000,1,3009.06602707,0.00001086
1622528191647000,0,3015.56994248,0.00001086
1622528191647000,0,1542.09175694,0.00001086
1622528260627000,0,728.60000000,0.00001086
1622528326147000,1,728.60000000,0.00001084
1622528326251000,1,3622.69442110,0.00001084
1622528326280000,1,15289.84235837,0.00001084
1622528326280000,1,466.42731163,0.00001084
1622528326319000,1,485.96127415,0.00001084
1622528326449000,1,2069.59277781,0.00001084
1622528326449000,1,5430.40722219,0.00001084
1622528326493000,1,2124.54618679,0.00001084
1622528352791000,0,728.60000000,0.00001084
1622528357417000,1,1754.78313420,0.00001084
1622528357466000,1,1269.33043850,0.00001084
1622528357466000,1,2230.66956150,0.00001084
1622528414278000,1,728.60000000,0.00001084
1622528414285000,1,495.78582000,0.00001084
1622528414586000,1,6337.16520535,0.00001084
1622528414586000,1,3024.62041014,0.00001084
1622528480725000,0,728.60000000,0.00001082
1622528481037000,0,2306.36764682,0.00001082
1622528481037000,0,7587.41911705,0.00001082
1622528481102000,1,728.59998613,0.00001082
1622528481103000,0,19003.82797095,0.00001082
1622528534474000,1,3033.61688238,0.00001083
1622528534474000,1,7584.48137153,0.00001083
1622528534474000,1,19719.82897315,0.00001083
1622528645807000,1,728.60000000,0.00001086
1622528782524000,0,3037.12791690,0.00001085
1622528782524000,0,7592.81978310,0.00001085
1622528782550000,0,0.00000916,0.00001085
1622528796905000,0,3033.68150350,0.00001086
1622528946684000,1,7570.91599792,0.00001087
1622529102082000,1,3048.86126035,0.00001084
1622529102082000,1,7625.73218773,0.00001084
1622529234558000,1,3059.22921056,0.00001083
1622529234558000,1,7648.07301944,0.00001083
1622529268459000,0,3059.22921056,0.00001083
1622529269777000,0,7648.07302640,0.00001083
1622529501731000,0,728.60000000,0.00001083
1622529545807000,0,3058.45393001,0.00001084
1622529545807000,0,7646.13482502,0.00001084
1622529550168000,0,3055.63507846,0.00001085
1622529550168000,0,7639.08769615,0.00001085
1622529600542000,0,3054.89572778,0.00001085
1622529744484000,1,3059.30016190,0.00001083
1622529744484000,1,985.73205810,0.00001083
1622529831751000,0,7662.93573039,0.00001082
1622529831751000,0,3065.17429216,0.00001082
1622529851921000,0,3065.17429216,0.00001082
1622529851921000,0,7662.93573039,0.00001082
1622529961711000,0,3064.36628614,0.00001083
1622529961711000,0,7660.35688585,0.00001083
1622530081051000,1,728.60000000,0.00001083
1622530154935000,1,3058.47420992,0.00001084
1622530154935000,1,7646.18552479,0.00001084
1622530255230000,0,7657.46002896,0.00001083
1622530255231000,0,3062.98401158,0.00001083
1622530389172000,0,3058.28156162,0.00001084
1622530389172000,0,7645.70389838,0.00001084
1622530423240000,0,728.60000000,0.00001086
1622530447666000,1,728.60000000,0.00001087
1622530595676000,0,3042.10575534,0.00001088
1622530595676000,0,7600.56662459,0.00001088
1622530619129000,0,728.60000000,0.00001088
1622530832792000,1,3036.20242188,0.00001088
1622530832792000,1,7590.94713812,0.00001088
1622530833106000,1,0.00000588,0.00001088
1622531014796000,1,728.60000000,0.00001086
1622531139047000,1,51.14180900,0.00001086
1622531172940000,0,728.60000000,0.00001086
1622531192200000,1,3032.94903000,0.00001087
1622531192224000,1,0.00000938,0.00001087
1622531346459000,1,1598.56837078,0.00001083
1622531347587000,1,1445.40807539,0.00001083
1622531347587000,1,7609.38551461,0.00001083
1622531404004000,1,728.60000000,0.00001083
1622531486197000,0,728.60000000,0.00001084
1622531490409000,0,3058.25114569,0.00001084
1622531490409000,0,7645.62785431,0.00001084
1622531553578000,0,3060.14822942,0.00001084
1622531553578000,0,7650.37057355,0.00001084
1622531622412000,0,3062.45248107,0.00001083
1622531622412000,0,7656.11168893,0.00001083
1622531622770000,0,0.00000985,0.00001083
1622531680751000,1,7635.24996000,0.00001084
1622531702339000,1,0.00000269,0.00001084
1622531846200000,0,2.83120147,0.00001082
1622531846200000,0,3753.04167087,0.00001082
1622531846312000,0,3912.43632954,0.00001082
1622531883087000,1,728.60000000,0.00001082
1622531883178000,1,2336.63083671,0.00001082
1622531981224000,1,3070.66779594,0.00001081
1622531981224000,1,7676.66947406,0.00001081
1622532031903000,0,7676.66948984,0.00001082
1622532031903000,0,3070.66779594,0.00001082
1622532050031000,0,728.60000000,0.00001082
1622532063275000,0,3060.55755995,0.00001083
1622532063275000,0,7651.39389988,0.00001083
1622532089175000,0,3057.73416737,0.00001084
1622532089175000,0,7644.33541842,0.00001084
1622532665233000,0,3066.57780215,0.00001082
1622532665233000,0,7666.44449785,0.00001082
1622532665463000,0,0.00000752,0.00001082
1622532931644000,0,3079.41110845,0.00001082
1622532931644000,0,7698.52777112,0.00001082
1622532943235000,1,728.60000000,0.00001082
1622532974411000,0,3079.41110845,0.00001082
1622532974411000,0,7698.52777112,0.00001082
1622533036604000,0,728.60000000,0.00001082
1622533094767000,0,3079.76000022,0.00001082
1622533094767000,0,7699.40000054,0.00001082
1622533117936000,1,728.60000000,0.00001082
1622533118055000,1,2350.40074000,0.00001082
1622533273419000,0,728.60000000,0.00001084
1622533385861000,1,728.60000000,0.00001084
1622533386086000,1,2332.45438263,0.00001084
1622533386086000,1,6742.48556737,0.00001084
1622533407924000,1,3063.87823354,0.00001084
1622533427888000,0,728.60000000,0.00001084
1622533653940000,1,3065.73168096,0.00001083
1622533653940000,1,7663.71298533,0.00001083
1622533653940000,1,19927.41859110,0.00001083
1622533964181000,1,728.60000000,0.00001084
1622534447062000,0,728.60000000,0.00001086
1622534460878000,0,3056.20384855,0.00001087
1622534460878000,0,7640.50962138,0.00001087
1622534609016000,1,19764.53849323,0.00001088
1622534609016000,1,7602.05612873,0.00001088
1622534609016000,1,3040.82245149,0.00001088
1622534737580000,1,728.60000000,0.00001087
1622534833367000,1,443.18675252,0.00001087
1622535034080000,0,3071.74059686,0.00001086
1622535034080000,0,7679.44973458,0.00001086
1622535065481000,0,40.98511105,0.00001086
1622535083856000,0,3078.05750000,0.00001085
1622535193260000,0,3106.43899786,0.00001083
1622535193260000,0,7766.09749466,0.00001083
1622535303799000,0,3111.04743834,0.00001082
1622535333888000,0,728.60000000,0.00001083
1622535334444000,0,7043.95629882,0.00001083
1622535334444000,0,3109.02250118,0.00001083
1622535334654000,0,0.00001835,0.00001083
1622535334654000,0,20209.86310620,0.00001083
1622535336122000,1,3109.02251953,0.00001083
1622535336122000,1,7772.55629882,0.00001083
1622535431094000,1,7766.13587000,0.00001081
1622535435703000,1,0.00000278,0.00001081
1622535468718000,0,3127.57868863,0.00001081
1622535468718000,0,7818.94672157,0.00001081
1622535494645000,0,7813.87483932,0.00001081
1622535494645000,0,3127.57867068,0.00001081
1622535502120000,1,728.60000000,0.00001080
1622535508778000,0,728.60000000,0.00001081
1622535562425000,1,728.60000000,0.00001081
1622535612752000,0,3119.32747550,0.00001081
1622535612752000,0,7797.80649575,0.00001081
1622535617588000,0,3119.12259830,0.00001081
1622535617588000,0,7797.80649575,0.00001081
1622535641799000,0,3118.18407240,0.00001081
1622535641799000,0,7793.38040793,0.00001081
1622535736783000,0,20213.44021012,0.00001083
1622535736783000,0,3112.44087312,0.00001083
1622535736783000,0,7781.10218279,0.00001083
1622535760253000,1,7794.52132761,0.00001081
1622535760253000,1,3117.80852239,0.00001081
1622535771867000,1,3117.80853104,0.00001080
1622535771867000,1,2882.19146896,0.00001080
1622535779827000,0,728.60000000,0.00001079
1622535783988000,0,3121.68392404,0.00001080
1622535783988000,0,7803.70834596,0.00001080
1622535794238000,0,7796.23372139,0.00001082
1622535794238000,0,3118.65093861,0.00001082
1622535820845000,1,728.60000000,0.00001081
1622535851100000,1,3117.95565151,0.00001081
1622535851100000,1,7794.88911849,0.00001081
1622535857667000,0,3117.95565000,0.00001081
1622535857677000,0,0.00000151,0.00001081
1622535868498000,1,3115.07399195,0.00001081
1622535868498000,1,7787.68496805,0.00001081
1622535870268000,1,0.00001182,0.00001081
1622535879538000,1,3121.98962000,0.00001080
1622535912738000,0,728.60000000,0.00001082
1622535913543000,0,7067.15383935,0.00001082
1622535913543000,0,3119.10156450,0.00001082
1622535933548000,1,728.60000000,0.00001081
1622535933882000,1,7061.94711467,0.00001081
1622535933882000,1,3116.21884587,0.00001081
1622535954106000,0,728.60000000,0.00001081
1622535980235000,1,728.60000000,0.00001080
1622536002988000,0,728.60000000,0.00001080
1622536078917000,1,728.60000000,0.00001081
1622536128707000,0,3127.21242000,0.00001078
1622536212889000,0,7805.86445869,0.00001080
1622536212889000,0,3122.36423131,0.00001080
1622536213834000,1,3121.62123000,0.00001080
1622536294256000,1,3127.32007994,0.00001077
1622536294256000,1,7818.38889006,0.00001077
1622536301466000,0,3134.15213559,0.00001077
1622536330094000,0,38491.76186514,0.00001078
1622536346447000,0,3129.18089278,0.00001079
1622536346988000,0,3129.18089000,0.00001079
1622536347053000,0,4694.00753269,0.00001079
1622536354496000,1,3132.28649000,0.00001079
1622536365717000,0,3851.81077462,0.00001079
1622536365874000,0,3978.90545348,0.00001079
1622536365874000,0,3132.28649124,0.00001079
1622536371240000,0,3129.38622597,0.00001080
1622536371240000,0,7823.46556492,0.00001080
1622536387849000,0,3129.38622597,0.00001080
1622536387849000,0,7823.46556492,0.00001080
1622536391913000,0,3129.38622597,0.00001080
1622536399132000,0,3129.38622597,0.00001080
1622536406331000,0,7823.46556492,0.00001081
1622536406331000,0,3126.68511744,0.00001081
1622536415113000,0,3123.48270971,0.00001081
1622536415113000,0,7808.70677427,0.00001081
1622536551246000,0,3122.88168000,0.00001081
1622536596111000,0,3119.58541359,0.00001081
1622536632830000,1,3116.70224777,0.00001081
1622536632830000,1,5.84806223,0.00001081
1622536711207000,0,3123.59047980,0.00001080
1622536711207000,0,7808.97618020,0.00001080
1622536730446000,0,3124.28584313,0.00001081
1622536730446000,0,7810.57254687,0.00001081
1622536752748000,0,3125.33261645,0.00001081
1622536752748000,0,7813.22548355,0.00001081
1622536811331000,0,3116.85991000,0.00001082
1622536853571000,1,7783.72105000,0.00001083
1622536853679000,1,0.00000356,0.00001083
1622536853679000,1,3113.48841644,0.00001083
1622536859572000,1,2800.92973962,0.00001082
1622536859652000,1,638.33330924,0.00001082
1622536859839000,1,2467.65249537,0.00001082
1622536868746000,1,3113.48842142,0.00001081
1622536868746000,1,107.21156843,0.00001081
1622536869010000,1,7676.50948513,0.00001081
1622536869010000,1,3118.34590022,0.00001081
1622536869010000,1,7796.05487692,0.00001081
1622536900021000,0,3119.24880703,0.00001081
1622536900021000,0,7798.78673297,0.00001081
1622536937423000,0,7800.67335038,0.00001082
1622536937430000,0,199.32664962,0.00001082
1622536948662000,1,7800.67335038,0.00001081
1622536948662000,1,1552.08551962,0.00001081
1622536999894000,0,7805.14898873,0.00001081
1622536999894000,0,3122.05959549,0.00001081
1622537104800000,0,3139.70047006,0.00001081
1622537104800000,0,7843.76264885,0.00001081
1622537108220000,0,7841.99007324,0.00001082
1622537108220000,0,3136.79602930,0.00001082
1622537108220000,0,7841.99005746,0.00001082
1622537139015000,0,3136.79602930,0.00001082
1622537139015000,0,7841.99006070,0.00001082
1622537157433000,1,3123.31676651,0.00001081
1622537157433000,1,7808.29190349,0.00001081
1622537161251000,0,3126.20605122,0.00001081
1622537161251000,0,7815.51512804,0.00001081
1622537170832000,1,3123.31676000,0.00001082
1622537227532000,1,7825.34334476,0.00001080
1622537227532000,1,3130.13732524,0.00001080
1622537240674000,0,92.50700381,0.00001081
1622537254240000,0,3127.99987133,0.00001081
1622537254240000,0,5092.40771366,0.00001081
1622537272491000,0,3135.44577680,0.00001081
1622537288232000,1,4789.15615000,0.00001080
1622537297595000,0,18.54200925,0.00001080
1622537301467000,0,7853.14384782,0.00001079
1622537301467000,0,3141.25753913,0.00001079
1622537305151000,0,7849.34336135,0.00001080
1622537305151000,0,3139.95674148,0.00001080
1622537311328000,0,3138.34896733,0.00001080
1622537311328000,0,7845.87241833,0.00001080
1622537314836000,0,3137.76403186,0.00001080
1622537315391000,0,7844.41007965,0.00001080
1622537356683000,0,3140.67206155,0.00001079
1622537388102000,0,3133.59974342,0.00001079
1622537395808000,0,7833.99935855,0.00001080
1622537395808000,0,3133.59974342,0.00001080
1622537438128000,0,3129.19586050,0.00001080
1622537438128000,0,7822.98965125,0.00001080
1622537465121000,0,3129.19586050,0.00001080
1622537465121000,0,7823.50839789,0.00001080
1622537533600000,0,728.60000000,0.00001081
1622537533664000,0,2395.73720115,0.00001081
1622537667082000,1,728.60000000,0.00001081
1622537770370000,1,3121.69712566,0.00001080
1622537770370000,1,7804.30727703,0.00001080
1622537838753000,0,728.60000000,0.00001079
1622537838874000,0,2398.77158360,0.00001079
1622537838877000,1,728.59999640,0.00001079
1622537877686000,0,3128.51919303,0.00001080
1622537877686000,0,7821.29797697,0.00001080
1622538044995000,0,3126.90731575,0.00001080
1622538044995000,0,7817.26827425,0.00001080
1622538076842000,1,728.60000000,0.00001081
1622538076964000,1,2392.52210332,0.00001081
1622538076964000,1,7802.80524668,0.00001081
1622538081688000,0,3121.12210332,0.00001081
1622538081688000,0,7802.80524668,0.00001081
1622538081745000,0,0.00001162,0.00001081
1622538163190000,0,7781.70492411,0.00001082
1622538163190000,0,3112.68196964,0.00001082
1622538284569000,0,728.60000000,0.00001085
1622538285207000,0,7770.95926872,0.00001086
1622538285207000,0,20196.55337907,0.00001086
1622538285207000,0,3108.38370749,0.00001086
1622538305208000,1,728.60000000,0.00001087
1622538305536000,1,2371.20491161,0.00001087
1622538305536000,1,7749.51226839,0.00001087
1622538339868000,1,3098.22855560,0.00001087
1622538339868000,1,7745.57137440,0.00001087
1622538361490000,1,3098.22855560,0.00001086
1622538361490000,1,7745.57138900,0.00001086
1622538361490000,1,20151.48415271,0.00001086
1622538667176000,0,3013.58979126,0.00001087
1622538667176000,0,7533.97446874,0.00001087
1622538667428000,0,0.00000940,0.00001087
1622538810586000,1,3099.91217825,0.00001085
1622538810586000,1,7753.72814175,0.00001085
1622538810681000,1,0.00001641,0.00001085
1622538841505000,1,558.91410740,0.00001085
1622538943820000,0,3102.92062528,0.00001086
1622538943833000,0,718.64871001,0.00001086
1622538943914000,1,6500.00000000,0.00001086
1622538944036000,1,538.65285319,0.00001086
1622539028727000,0,7787.59696843,0.00001086
1622539028727000,0,3115.03877157,0.00001086
1622539132793000,1,3040.41932416,0.00001085
1622539132807000,1,7601.04831041,0.00001085
1622539143841000,1,7001.90813011,0.00001086
1622539146692000,1,11000.00000000,0.00001086
1622539477834000,1,1555.82408769,0.00001080
1622539477873000,1,1574.05308263,0.00001080
1622539477873000,1,739.31736181,0.00001080
1622539477914000,1,2406.03994129,0.00001080
1622539477918000,1,600.44029196,0.00001080
1622539477924000,1,1070.22115081,0.00001080
1622539501654000,0,728.60000000,0.00001081
1622539503768000,0,2401.73185313,0.00001081
1622539503768000,0,7825.15876925,0.00001081
1622539519735000,0,3086.77216391,0.00001082
1622539522589000,1,3126.22712394,0.00001082
1622539522589000,1,7815.86601478,0.00001082
1622539569392000,0,7818.73544151,0.00001081
1622539569392000,0,3127.49417661,0.00001081
1622539569392000,0,20311.57269628,0.00001081
1622539623753000,0,2751.45213672,0.00001081
1622539623753000,0,6872.27300328,0.00001081
1622539685231000,0,6336.80045341,0.00001080
1622539685231000,0,2534.72017659,0.00001080
1622539723636000,0,2345.19001363,0.00001080
1622539723636000,0,5862.97503409,0.00001080
1622539756783000,1,728.60000000,0.00001080
1622539804734000,0,728.60000000,0.00001080
1622539832322000,1,728.60000000,0.00001080
1622539839896000,1,3133.95134854,0.00001080
1622539839896000,1,7834.35607146,0.00001080
1622539899131000,1,4275.01337000,0.00001079
1622539918570000,0,2430.51990409,0.00001079
1622539975870000,0,2378.15431759,0.00001081
1622539975870000,0,5945.38578241,0.00001081
1622540011729000,0,2196.72175290,0.00001081
1622540011729000,0,5493.78569927,0.00001081
1622540040054000,1,3136.22592468,0.00001082
1622540040054000,1,7840.56480532,0.00001082
1622540099761000,0,728.60000000,0.00001082
1622540099877000,0,1689.39641538,0.00001082
1622540099877000,0,6044.99103845,0.00001082
1622540106209000,0,2415.76373171,0.00001083
1622540106209000,0,6039.40932928,0.00001083
1622540229900000,0,2205.88632300,0.00001085
1622540230518000,0,5509.63780032,0.00001085
1622540233348000,1,728.60000000,0.00001085
1622540361826000,0,2053.72781000,0.00001082
1622540361898000,0,0.00000459,0.00001082
1622540361898000,0,728.59999541,0.00001082
1622540361935000,0,4400.97871047,0.00001082
1622540368566000,0,7794.10204648,0.00001083
1622540368582000,0,3117.64081859,0.00001083
1622540379647000,0,2038.58162596,0.00001082
1622540379647000,0,5339.30324404,0.00001082
1622540403845000,0,1971.53933000,0.00001082
1622540435002000,0,1924.67745105,0.00001085
1622540435002000,0,4811.66510803,0.00001085
1622540461694000,0,3815.32554150,0.00001085
1622540481941000,0,4233.87552770,0.00001084
1622540481941000,0,1693.55021108,0.00001084
1622540494360000,0,1560.06009960,0.00001084
1622540494360000,0,3900.15024899,0.00001084
1622540498652000,0,3592.73008032,0.00001084
1622540498652000,0,1437.09203213,0.00001084
1622540591249000,1,3117.39872000,0.00001083
1622540591250000,1,0.00000977,0.00001083
1622540591370000,1,7793.49682444,0.00001083
1622540613555000,1,728.60000000,0.00001083
1622540699250000,0,1505.35697447,0.00001084
1622540699250000,0,3763.39243618,0.00001084
1622540715127000,0,728.60000000,0.00001084
1622540715201000,0,633.44706765,0.00001084
1622540715201000,0,3401.97931183,0.00001084
1622540727184000,0,1361.33249368,0.00001085
1622540727184000,0,3403.30557771,0.00001085
1622540745346000,0,2868.63340369,0.00001085
1622540745346000,0,1147.45336148,0.00001085
1622540761369000,0,1147.45336148,0.00001086
1622540761369000,0,2868.63340369,0.00001086
1622540866099000,1,728.60000000,0.00001085
1622540936530000,0,910.22067678,0.00001086
1622540936530000,0,2275.00061452,0.00001086
1622540946524000,0,721.72086458,0.00001086
1622540946524000,0,6.87913542,0.00001086
1622541006299000,1,4000.00000000,0.00001086
1622541006464000,1,728.60000000,0.00001086
1622541026178000,1,6145.85902409,0.00001085
1622541048599000,0,934.40956961,0.00001085
1622541048599000,0,2333.68789039,0.00001085
1622541062278000,0,728.60000000,0.00001085
1622541071069000,0,823.29028189,0.00001085
1622541071069000,0,2058.22569811,0.00001085
1622541107072000,0,1895.99104351,0.00001086
1622541107072000,0,758.39641740,0.00001086
1622541187233000,1,728.60000000,0.00001085
1622541266481000,0,728.60000000,0.00001085
1622541325061000,1,728.60000000,0.00001087
1622541325164000,1,6005.81484000,0.00001087
1622541466023000,1,3102.78452820,0.00001087
1622541466023000,1,7756.11983995,0.00001087
1622541468859000,0,728.60000000,0.00001088
1622541593048000,1,728.60000000,0.00001087
1622541631631000,0,3046.06021000,0.00001085
1622541681159000,0,728.60000000,0.00001086
1622541681271000,0,399.66615410,0.00001086
1622541681271000,0,2818.07047688,0.00001086
1622541755371000,1,6500.00000000,0.00001086
1622541817284000,1,728.60000000,0.00001086
1622541833249000,0,728.60000000,0.00001086
1622541850943000,0,1015.99310811,0.00001087
1622541850943000,0,2539.98276189,0.00001087
1622541862525000,1,728.60000000,0.00001088
1622541871659000,0,728.60000000,0.00001087
1622542008843000,1,3099.08251817,0.00001089
1622542009135000,1,728.60000000,0.00001089
1622542009364000,1,7019.03127290,0.00001089
1622542063446000,0,728.60000000,0.00001090
1622542114982000,1,728.60000000,0.00001089
1622542115051000,1,2363.16988935,0.00001089
1622542118753000,0,3577.91096000,0.00001089
1622542118861000,0,0.00000909,0.00001089
1622542118861000,0,1539.25011091,0.00001089
1622542153418000,0,3297.06907548,0.00001090
1622542153418000,0,1318.82762452,0.00001090
1622542287987000,1,7729.57614096,0.00001089
1622542287987000,1,3091.83044904,0.00001089
1622542324892000,1,3094.55759907,0.00001088
1622542324892000,1,7736.39399769,0.00001088
1622542328633000,1,3094.55759907,0.00001088
1622542379624000,0,3093.49698675,0.00001089
1622542379630000,0,710.01502809,0.00001089
1622542379853000,1,7023.72743878,0.00001089
1622542415832000,0,728.60000000,0.00001088
1622542847945000,1,3086.00641872,0.00001087
1622542847945000,1,7715.01604680,0.00001087
1622542857139000,1,728.60000000,0.00001087
1622542870206000,0,728.60000000,0.00001087
1622542910522000,1,3085.79918474,0.00001087
1622542910522000,1,7711.82469263,0.00001087
1622542935427000,1,3087.78582377,0.00001086
1622542935427000,1,7719.04788573,0.00001086
1622542936033000,1,728.60000000,0.00001086
1622543040289000,0,193.13900000,0.00001086
1622543042052000,0,0.00081020,0.00001086
1622543053267000,0,535.46100000,0.00001086
1622543090229000,1,3087.16004263,0.00001086
1622543090229000,1,7717.90010658,0.00001086
1622543110845000,1,2231.42471000,0.00001086
1622543110847000,1,728.60000000,0.00001086
1622543146500000,0,728.60000000,0.00001086
1622543421011000,1,3085.15341188,0.00001086
1622543421011000,1,7712.88352969,0.00001086
1622543561526000,1,728.60000000,0.00001086
1622544380671000,1,3080.82839187,0.00001086
1622544796492000,0,728.60000000,0.00001086
1622544857405000,0,3091.55468229,0.00001087
1622544928239000,1,728.60000000,0.00001087
1622544928644000,1,2356.96134801,0.00001087
1622544928644000,1,7713.24995383,0.00001087
1622545023940000,0,276.31671582,0.00001086
1622545024340000,1,3091.42879551,0.00001085
1622545024340000,1,7728.63455791,0.00001085
1622545024340000,1,13005.69445423,0.00001084
1622545245528000,0,728.60000000,0.00001084
1622545576339000,1,728.60000000,0.00001083
1622545717260000,0,3101.39066000,0.00001082
1622545717321000,0,0.00000357,0.00001082
1622545717321000,0,7753.47665893,0.00001082
1622546310203000,0,3092.08328536,0.00001082
1622546310203000,0,394.22586436,0.00001082
1622546543206000,0,7701.76114200,0.00001082
1622546543206000,0,3080.70445680,0.00001082
1622546547035000,0,3080.70445680,0.00001082
1622546550954000,0,728.60000000,0.00001082
1622547194880000,0,3785.66709144,0.00001082
1622547277685000,1,3077.70596956,0.00001083
1622547277685000,1,7694.26492391,0.00001083
1622547606914000,0,3074.82603611,0.00001083
1622547606914000,0,7687.06509026,0.00001083
1622547724847000,1,728.60000000,0.00001083
1622547828141000,1,193.03586020,0.00001083
1622548717959000,0,728.60000000,0.00001081
1622548927476000,0,3092.95687974,0.00001081
1622548927476000,0,7732.39219934,0.00001081
1622548961127000,1,728.60000000,0.00001081
1622549270338000,0,3102.48757454,0.00001078
1622549270839000,0,7756.21893634,0.00001078
1622549335056000,0,3112.79415049,0.00001078
1622549339070000,0,7781.98537622,0.00001078
1622549339070000,0,3112.79415049,0.00001078
1622549412866000,0,3112.06315347,0.00001079
1622549412866000,0,7775.35964287,0.00001079
1622549435653000,1,2493.59340902,0.00001079
1622549462677000,0,3116.54852423,0.00001078
1622549479685000,0,3116.54852423,0.00001078
1622549565001000,0,728.60000000,0.00001078
1622549565987000,0,2400.41619006,0.00001078
1622549565987000,0,5599.58380994,0.00001078
1622549566033000,0,2222.95666521,0.00001078
1622549577516000,0,3126.11626774,0.00001079
1622549579099000,0,3126.11626774,0.00001079
1622549581936000,1,728.60000000,0.00001079
1622549582090000,1,2397.14546568,0.00001079
1622549582090000,1,5602.85453432,0.00001079
1622549647670000,0,3127.46918155,0.00001079
1622549647670000,0,7818.69314649,0.00001079
1622549667971000,1,20333.58852766,0.00001078
1622549667971000,1,3126.70687906,0.00001078
1622549667971000,1,7816.76719764,0.00001078
1622549696610000,0,3128.43754438,0.00001078
1622549696610000,0,7821.05143844,0.00001078
1622549713460000,0,728.60000000,0.00001078
1622549713655000,0,7091.43460334,0.00001078
1622549713655000,0,3128.01384134,0.00001078
1622549763100000,0,3129.94525482,0.00001078
1622549763100000,0,7824.86313704,0.00001078
1622549896876000,0,3122.07383630,0.00001080
1622549896876000,0,7805.18459074,0.00001080
1622549949411000,0,3116.05466397,0.00001081
1622549949411000,0,7790.13665994,0.00001081
1622549955266000,1,728.60000000,0.00001081
1622550065981000,0,3114.72220514,0.00001081
1622550065981000,0,7786.80551284,0.00001081
1622550141810000,0,2980.75795048,0.00001081
1622550141810000,0,7451.89487621,0.00001081
1622550321115000,0,728.60000000,0.00001081
1622550321271000,0,2066.35473000,0.00001081
1622550615887000,1,2734.54909284,0.00001078
1622550615910000,1,6836.37273209,0.00001078
1622550636039000,1,7803.60368841,0.00001078
1622550903875000,1,7773.51263848,0.00001080
1622550903875000,1,3109.36589763,0.00001080
1622551603618000,0,2492.41453791,0.00001078
1622551603618000,0,6231.03633209,0.00001078
1622551715826000,1,3118.24872840,0.00001079
1622551715826000,1,7795.62182100,0.00001079
1622551944893000,0,2386.33773927,0.00001078
1622551944893000,0,5965.84434819,0.00001078
1622552094664000,1,728.60000000,0.00001077
1622552167391000,0,1713.30058177,0.00001076
1622552167391000,0,4283.25145442,0.00001076
1622552174730000,0,1578.25276837,0.00001076
1622552269911000,0,1542.70907858,0.00001076
1622552270105000,1,3854.72220688,0.00001076
1622552270449000,0,2.05048958,0.00001076
1622552287408000,0,10978.76368330,0.00001076
1622552308069000,0,3527.10981544,0.00001076
1622552308069000,0,1410.84392618,0.00001076
1622552312357000,1,3249.09177631,0.00001076
1622552312365000,1,600.41942650,0.00001076
1622552394288000,0,1181.17094895,0.00001076
1622552429363000,0,10986.10555214,0.00001076
1622552430449000,0,38459.32960670,0.00001076
1622552430563000,0,3845.93296068,0.00001076
1622552430970000,0,16939.59574553,0.00001076
1622552557385000,1,1079.79854029,0.00001074
1622552585594000,0,728.60000000,0.00001073
1622552585810000,0,636.74317229,0.00001073
1622552585810000,0,3413.35792771,0.00001073
1622552585987000,0,0.00000302,0.00001073
1622552589788000,0,8866.46736978,0.00001074
1622552589788000,0,1247.45825998,0.00001074
1622552589788000,0,3118.64564996,0.00001074
1622552644985000,0,1670.02060809,0.00001074
1622552644985000,0,668.63080450,0.00001074
1622552648253000,0,1539.90393490,0.00001074
1622552682254000,0,1233.21209329,0.00001074
1622552683075000,0,493.74413418,0.00001074
1622552721342000,0,445.79794149,0.00001075
1622552721342000,0,1089.01188440,0.00001075
1622552741377000,0,379.71452381,0.00001075
1622552742839000,0,379.71452381,0.00001075
1622552750109000,0,354.25346502,0.00001075
1622552750109000,0,885.63366255,0.00001075
1622552779327000,1,728.60000000,0.00001075
1622552809280000,1,3152.18417358,0.00001076
1622552809280000,1,7880.54659043,0.00001076
1622552829925000,0,633.13549672,0.00001074
1622552839284000,0,604.13346190,0.00001075
1622552839284000,0,1510.33364810,0.00001075
1622552845523000,0,728.60000000,0.00001075
1622552914700000,0,434.30463337,0.00001076
1622552914700000,0,1085.84232953,0.00001076
1622552931767000,0,297.60397934,0.00001077
1622552931767000,0,744.00994835,0.00001077
1622552980549000,1,728.60000000,0.00001077
1622552984102000,0,260.45048985,0.00001077
1622552984102000,0,468.14951015,0.00001077
1622552998072000,0,244.04176841,0.00001077
1622552998072000,0,610.10442102,0.00001077
1622553006774000,1,4759.82178000,0.00001077
1622553006855000,1,728.60000000,0.00001077
1622553065859000,0,350.45098070,0.00001073
1622553065859000,0,378.14901930,0.00001073
1622553066006000,0,497.97843000,0.00001073
1622553098340000,0,314.93288888,0.00001075
1622553098340000,0,787.33222220,0.00001075
1622553251170000,0,290.10883173,0.00001074
1622553251170000,0,724.59740763,0.00001074
1622553267786000,0,267.31641905,0.00001074
1622553268478000,0,267.00807267,0.00001075
1622553268478000,0,667.52018167,0.00001075
1622553270098000,0,652.96459351,0.00001077
1622553291817000,1,728.60000000,0.00001076
1622553292057000,1,2440.88145356,0.00001076
1622553292057000,1,7923.70363391,0.00001076
1622553314453000,1,3169.16335910,0.00001076
1622553314453000,1,7923.62530090,0.00001076
1622553431367000,1,2559.38433224,0.00001075
1622553431367000,1,3167.22354375,0.00001075
1622553431367000,1,7918.05885937,0.00001075
1622553628075000,0,893.69427383,0.00001077
1622554022039000,0,728.60345000,0.00001075
1622554022142000,0,0.00000952,0.00001075
1622554030837000,1,11000.00000000,0.00001074
1622554210577000,1,38079.42655637,0.00001072
1622554210738000,1,63716.49000000,0.00001072
1622554211085000,1,38071.06465980,0.00001072
1622554212110000,1,7136.31878383,0.00001072
1622554221327000,0,37895.16959458,0.00001073
1622554223664000,0,85500.00000000,0.00001074
1622554404925000,0,749.63756882,0.00001073
1622554406322000,0,2709.44682025,0.00001073
1622554596622000,1,3094.20660845,0.00001072
1622554596622000,1,7737.12078426,0.00001072
1622554783128000,0,7735.49584627,0.00001073
1622554783128000,0,3094.19833851,0.00001073
1622554802251000,0,3079.83344372,0.00001077
1622554807214000,0,3079.83344372,0.00001078
1622554807214000,0,7693.91103628,0.00001078
1622554842074000,0,3065.83776224,0.00001080
1622554842074000,0,7664.59440561,0.00001080
1622554860199000,1,3067.63857971,0.00001079
1622554860199000,1,19937.03075650,0.00001079
1622554860199000,1,7667.92840379,0.00001079
1622554902374000,1,3052.58602000,0.00001078
1622554903496000,1,7641.02864733,0.00001077
1622554903496000,1,3052.58602815,0.00001077
1622555076920000,0,3059.42018113,0.00001070
1622555076920000,0,7648.55044887,0.00001070
1622555076978000,0,0.00000397,0.00001070
1622555081653000,1,3056.41803000,0.00001071
1622555110136000,0,3059.42018113,0.00001071
1622555110136000,0,7648.55044887,0.00001071
1622555110328000,0,0.00000397,0.00001071
1622555114467000,1,3053.71230000,0.00001072
1622555118276000,1,3050.86635000,0.00001073
1622555132616000,1,3052.84502000,0.00001074
1622555132696000,1,0.00000840,0.00001074
1622555132696000,1,7633.67144160,0.00001074
1622555146821000,1,7619.96928000,0.00001076
1622555146928000,1,0.00000409,0.00001076
1622555146928000,1,3047.98770591,0.00001076
1622555152278000,1,3045.15764148,0.00001077
1622555157120000,0,3045.15764148,0.00001077
1622555157120000,0,7612.89410369,0.00001077
1622555157120000,0,3746.82526483,0.00001077
1622555157145000,0,0.00001040,0.00001077
1622555160834000,1,3045.08978000,0.00001077
1622555168816000,1,3039.24846000,0.00001079
1622555172240000,1,7598.77197000,0.00001079
1622555172711000,1,3039.18650000,0.00001079
1622555210556000,1,5720.24772000,0.00001081
1622555210592000,1,1886.50509144,0.00001081
1622555210592000,1,3042.70112458,0.00001081
1622555213281000,1,3042.70112458,0.00001078
1622555213281000,1,7606.75281144,0.00001078
1622555213281000,1,7324.52530590,0.00001078
1622555219327000,0,2493.37074000,0.00001077
1622555219396000,0,0.00000978,0.00001077
1622555219396000,0,2489.84444494,0.00001078
1622555219396000,0,3051.75475779,0.00001078
1622555219396000,0,3746.54368503,0.00001078
1622555219396000,0,7628.73762968,0.00001078
1622555219396000,0,19851.01152278,0.00001078
1622555246751000,1,7635.00444676,0.00001077
1622555246751000,1,3054.00176324,0.00001077
1622555260163000,0,7635.75790363,0.00001077
1622555260163000,0,3054.30315637,0.00001077
1622555265062000,1,3054.20674267,0.00001077
1622555265062000,1,7635.72269501,0.00001077
1622555265062000,1,8810.07056232,0.00001077
1622555275261000,1,7634.88403941,0.00001077
1622555275261000,1,3053.93736951,0.00001077
1622555301955000,0,728.60000000,0.00001078
1622555302117000,0,2325.70316145,0.00001078
1622555302117000,0,7635.75790363,0.00001078
1622555302801000,0,3048.64180249,0.00001080
1622555302801000,0,7621.60450622,0.00001080
1622555303763000,0,3047.82264719,0.00001083
1622555303763000,0,7619.45394839,0.00001083
1622555305003000,0,2102.14331121,0.00001082
1622555306444000,0,938.55996879,0.00001082
1622555312054000,1,728.60000000,0.00001082
1622555312090000,1,3042.16721262,0.00001082
1622555312179000,0,7605.49767320,0.00001082
1622555317845000,1,2573.94949000,0.00001082
1622555341585000,1,19810.04955400,0.00001079
1622555341585000,1,3047.39119272,0.00001079
1622555341585000,1,7618.58642111,0.00001079
1622555359241000,0,3054.18516316,0.00001078
1622555359241000,0,7635.42937597,0.00001078
1622555359241000,0,17310.38546087,0.00001078
1622555363124000,0,14500.00000000,0.00001079
1622555376985000,1,19864.57958959,0.00001078
1622555376985000,1,3053.92689017,0.00001078
1622555376985000,1,3054.18443024,0.00001078
1622555398474000,1,3057.09130236,0.00001078
1622555398474000,1,7642.72824764,0.00001078
1622555450215000,1,7659.33728546,0.00001078
1622555450215000,1,3063.73490454,0.00001078
1622555486921000,1,3050.06902052,0.00001083
1622555486921000,1,5054.34832948,0.00001083
1622555487220000,1,2569.62728800,0.00001083
1622555490425000,1,19836.17926727,0.00001082
1622555490425000,1,7623.97561748,0.00001082
1622555504124000,0,728.60000000,0.00001084
1622555509788000,1,3044.80353809,0.00001085
1622555527763000,0,7292.05221000,0.00001088
1622555529735000,0,3036.40794010,0.00001089
1622555529735000,0,7591.01985024,0.00001089
1622555536121000,0,1981.60000000,0.00001090
1622555540435000,1,9273.65221000,0.00001090
1622555544919000,0,3030.83654938,0.00001091
1622555544919000,0,3030.83653062,0.00001091
1622555547675000,0,3030.83654938,0.00001092
1622555547675000,0,3028.43879062,0.00001092
1622555567865000,0,39.12171914,0.00001098
1622555586277000,0,533.71190459,0.00001108
1622555586285000,0,0.00000001,0.00001108
1622555592418000,0,39.39159863,0.00001110
1622555592418000,0,452.50941137,0.00001110
1622555601722000,1,6518.03394000,0.00001105
1622555603386000,1,4844.37390000,0.00001104
1622555603743000,1,0.00000380,0.00001104
1622555626827000,0,39.39160085,0.00001110
1622555701153000,0,6851.58557000,0.00001109
1622555811023000,0,250.00000000,0.00001120
1622555834957000,0,3633.02859376,0.00001119
1622555861234000,0,38.22278258,0.00001124
1622555861274000,1,150.29087892,0.00001122
1622555865512000,0,659.38237375,0.00001125
1622555870243000,0,38.85395170,0.00001126
1622555876723000,0,200.02289560,0.00001128
1622555877267000,0,27000.00000000,0.00001128
1622555937612000,0,190.98708815,0.00001130
1622555967282000,1,1057.79762135,0.00001135
1622556002748000,0,38.29640620,0.00001142
1622556039236000,1,22.36770653,0.00001134
1622556060175000,1,1729.23727968,0.00001130
1622556221166000,0,37.36422951,0.00001150
1622556221166000,0,190.98708815,0.00001150
1622556229419000,0,0.00000001,0.00001150
1622556261421000,0,2453.24813599,0.00001145
1622556262211000,1,5002.79165970,0.00001142
1622556310537000,0,195.71360521,0.00001153
1622556326587000,0,37.75463565,0.00001158
1622556440267000,0,37.22797988,0.00001175
1622556440359000,0,36.54339846,0.00001176
1622556440359000,0,191.58607750,0.00001177
1622556461088000,0,0.00000001,0.00001177
1622556464804000,0,1067.42380920,0.00001179
1622556464804000,0,5527.73481080,0.00001180
1622556505292000,0,249.99999999,0.00001191
1622556505292000,0,0.00000001,0.00001191
1622556505680000,0,36.68427227,0.00001192
1622556529519000,0,2309.01725032,0.00001178
1622556529586000,1,1014.87768408,0.00001178
1622556529625000,1,4454.55748201,0.00001178
1622556533979000,0,228.97442000,0.00001172
1622556534693000,0,0.00000356,0.00001172
1622556539496000,1,35.12323943,0.00001171
1622556564735000,1,3393.42180164,0.00001182
1622556564826000,0,21579.47670000,0.00001182
1622556564839000,0,0.00000003,0.00001182
1622556582980000,1,82.41734417,0.00001186
1622556594240000,0,1044.83718861,0.00001196
1622556601940000,0,2320.46112162,0.00001193
1622556611956000,0,670.34743000,0.00001187
1622556614011000,1,51.48375691,0.00001180
1622556659487000,0,21.56351898,0.00001183
1622556699661000,0,8507.90735000,0.00001176
1622556699761000,0,0.00000430,0.00001176
1622556699980000,0,2438.14116577,0.00001176
1622556712290000,0,89.67716591,0.00001183
1622556743372000,0,2210.14826000,0.00001180
1622556786539000,1,251.18025903,0.00001178
1622556808834000,0,1044.83718861,0.00001187
1622556833029000,0,1500.00000000,0.00001200
1622556833029000,0,584.09072978,0.00001200
1622556833029000,0,500.00000000,0.00001200
1622556862798000,0,2210.14826000,0.00001202
1622556970495000,0,35.72713698,0.00001203
1622556970495000,0,187.46771815,0.00001203
1622557082698000,1,154.60873800,0.00001194
1622557114500000,1,138.40646853,0.00001202
1622557121307000,0,36.18685840,0.00001209
1622557132240000,0,290.94294411,0.00001211
1622557393099000,0,2168.31119000,0.00001193
1622557393406000,1,6426.47097908,0.00001190
1622557393406000,1,286.86154917,0.00001188
1622557977903000,1,57.25782039,0.00001213
1622558359950000,0,2150.97974000,0.00001201
1622558575470000,1,728.60000000,0.00001194
1622558581496000,0,6399.42518000,0.00001195
1622558581818000,0,0.00000773,0.00001195
1622558614963000,1,3406.38365909,0.00001192
1622558614963000,1,2291.73889621,0.00001192
1622558614963000,1,3336.59851970,0.00001191
1622558813529000,0,6376.38061798,0.00001193
1622558834128000,0,5659.65890651,0.00001196
1622558887855000,0,118.66600000,0.00001195
1622558888093000,0,0.00096039,0.00001195
1622558962732000,0,37.40418410,0.00001195
1622558983126000,0,472.96916000,0.00001191
1622558983302000,0,0.00000410,0.00001191
1622559104017000,1,52.44000000,0.00001188
1622559110881000,0,3713.00000000,0.00001190
1622559122847000,0,3713.00000000,0.00001192
1622559122847000,0,12018.00000000,0.00001192
1622559140715000,0,3713.00000000,0.00001192
1622559140715000,0,12018.00000000,0.00001192
1622559247208000,0,3713.00000000,0.00001189
1622559255953000,0,3000.00000000,0.00001189
1622559256040000,0,609.93400000,0.00001189
1622559256105000,0,103.06600000,0.00001189
1622559378221000,0,3713.00000000,0.00001188
1622559432117000,0,2969.36874888,0.00001187
1622559609093000,1,158.70551748,0.00001186
1622559670167000,1,3448.60304000,0.00001187
1622559882211000,1,36.18600000,0.00001180
1622559882919000,1,0.00085840,0.00001180
1622560049254000,1,343.80821900,0.00001180
1622560316922000,1,3474.51987000,0.00001187
1622560564549000,0,3713.00000000,0.00001188
1622560565055000,0,7000.00000000,0.00001188
1622560632674000,0,3136.27084199,0.00001195
1622560648129000,0,3713.00000000,0.00001197
1622561051083000,0,36.18600000,0.00001192
1622561051223000,0,3676.81400000,0.00001192
1622561121496000,0,3713.00000000,0.00001191
1622561344304000,0,3713.00000000,0.00001187
1622561508952000,0,892.60989814,0.00001181
1622561532446000,0,415.23936045,0.00001184
1622561532632000,0,14774.41977000,0.00001184
1622561532641000,0,3352.02771605,0.00001184
1622561532732000,0,2351.07499528,0.00001184
1622561532747000,0,977.67475051,0.00001184
1622561532849000,0,5154.48563358,0.00001184
1622561532883000,0,1257.01039352,0.00001184
1622561532952000,0,2607.13266804,0.00001184
1622561535532000,0,3543.19507633,0.00001184
1622562266432000,1,91.78257900,0.00001176
1622563011508000,0,3713.00000000,0.00001182
1622563050156000,0,3713.00000000,0.00001181
1622563432475000,0,237.62181800,0.00001184
1622563478416000,0,3646.00000000,0.00001184
1622563478416000,0,2346.62400656,0.00001184
1622563478416000,0,3512.76978165,0.00001184
1622563478528000,1,728.60000000,0.00001184
1622563478539000,1,3512.76978165,0.00001184
1622563478553000,1,5709.40450446,0.00001184
1622563800997000,0,728.60000000,0.00001174
1622563801004000,0,2917.40000000,0.00001174
1622563801193000,1,434.65994830,0.00001173
1622566120576000,1,36.68427227,0.00001164
1622566120576000,1,35.72672773,0.00001164
1622566121094000,1,0.00040925,0.00001164
1622566122799000,1,187.46700000,0.00001163
1622566129189000,1,0.00071815,0.00001163
1622566262462000,1,468.72200000,0.00001167
1622566262929000,1,2916.04730946,0.00001167
1622566286775000,0,2915.54520939,0.00001167
1622566291772000,0,2916.41462647,0.00001168
1622566291772000,0,7291.03656617,0.00001168
1622566291772000,0,18984.53501635,0.00001168
1622566298288000,1,3585.32213000,0.00001167
1622566302053000,0,7302.52649232,0.00001168
1622566302053000,0,2922.59165866,0.00001168
1622566302053000,0,18988.13550333,0.00001168
1622566307931000,0,2921.36753807,0.00001168
1622566307931000,0,7302.44592768,0.00001168
1622566317031000,0,2918.84243431,0.00001169
1622566317031000,0,2918.67508181,0.00001169
1622566328616000,1,3573.51057834,0.00001168
1622566328616000,1,2919.98194043,0.00001168
1622566328616000,1,7300.06740123,0.00001168
1622566335937000,1,2922.59165866,0.00001167
1622566335937000,1,7306.47914664,0.00001167
1622566341936000,0,2922.59165866,0.00001168
1622566341936000,0,7306.47914664,0.00001168
1622566341936000,0,18985.88108037,0.00001168
1622566345952000,1,2920.08943000,0.00001168
1622566347365000,0,2919.24215973,0.00001169
1622566347365000,0,7298.10539931,0.00001169
1622566350682000,1,2917.59150184,0.00001169
1622566350682000,1,7293.97875460,0.00001169
1622566350682000,1,3576.71474356,0.00001169
1622566354871000,1,0.00001026,0.00001169
1622566363087000,1,3580.00968000,0.00001168
1622566363784000,1,0.00000246,0.00001168
1622566363784000,1,2918.05911754,0.00001168
1622566366952000,1,2918.05912557,0.00001167
1622566366952000,1,7301.31767742,0.00001167
1622566371806000,0,2920.99512581,0.00001167
1622566371806000,0,7301.39901172,0.00001167
1622566375870000,0,2920.55960469,0.00001167
1622566383647000,0,2923.74641312,0.00001166
1622566397100000,0,7307.66093197,0.00001166
1622566397100000,0,2923.06437279,0.00001166
1622566399405000,0,18992.92711294,0.00001167
1622566399405000,0,7304.81691559,0.00001167
1622566399948000,0,2923.06437279,0.00001167
1622566418195000,0,2920.55960469,0.00001168
1622566418195000,0,7301.39901172,0.00001168
1622566420108000,1,2916.09122467,0.00001168
1622566420108000,1,7290.22805533,0.00001168
1622566428233000,0,7285.98563027,0.00001169
1622566428233000,0,2914.47927808,0.00001169
1622566439704000,1,2913.59670694,0.00001169
1622566439704000,1,7283.99175306,0.00001169
1622566451341000,1,2913.59670694,0.00001169
1622566451341000,1,7283.99176734,0.00001169
1622566453457000,1,2913.59670694,0.00001168
1622566453457000,1,7283.99175306,0.00001168
1622566458477000,1,2913.59670694,0.00001167
1622566458477000,1,7283.99176734,0.00001167
1622566458477000,1,3579.40952572,0.00001167
1622566461500000,0,7296.47504372,0.00001167
1622566461500000,0,2918.59001749,0.00001167
1622566464194000,1,2918.59001749,0.00001167
1622566464194000,1,7296.47503251,0.00001167
1622566467633000,0,2918.59001749,0.00001167
1622566467633000,0,7298.38571114,0.00001167
1622566472694000,0,2918.59001749,0.00001167
1622566474147000,0,18970.83511367,0.00001168
1622566474147000,0,7296.47504372,0.00001168
1622566496383000,0,2916.12368152,0.00001168
1622566496383000,0,7290.22805848,0.00001168
1622566496481000,0,0.00000318,0.00001168
1622566498676000,0,7289.41379889,0.00001169
1622566498676000,0,2915.83408111,0.00001169
1622566506967000,1,2913.59670000,0.00001169
1622566507550000,1,7283.99176734,0.00001168
1622566507550000,1,2913.59669266,0.00001168
1622566518532000,0,2918.59001749,0.00001167
1622566518532000,0,7296.47504372,0.00001167
1622566518532000,0,18973.76365838,0.00001167
1622566523038000,0,7294.02724477,0.00001168
1622566523038000,0,2917.62747543,0.00001168
1622566523038000,0,2958.24323898,0.00001168
1622566525843000,1,2916.09122467,0.00001168
1622566525843000,1,6083.90877533,0.00001168
1622566530853000,1,2254.01356930,0.00001165
1622566542877000,0,2921.09309641,0.00001166
1622566542877000,0,7302.73274101,0.00001166
1622566548155000,0,2921.09309641,0.00001166
1622566548155000,0,7302.73274101,0.00001166
1622566556299000,0,2701.10866731,0.00001166
1622566556299000,0,6746.98523154,0.00001166
1622566564514000,0,6216.41311157,0.00001167
1622566564514000,0,2490.47648843,0.00001167
1622566566016000,0,0.00000601,0.00001167
1622566572849000,1,2918.44246984,0.00001167
1622566572849000,1,5581.55753016,0.00001167
1622566612724000,0,2499.13081913,0.00001168
1622566612724000,0,6247.79439182,0.00001168
1622566612724000,0,16256.03568905,0.00001168
1622566618140000,0,1941.07439838,0.00001169
1622566618140000,0,4844.39789008,0.00001169
1622566625273000,0,4466.53262310,0.00001169
1622566625273000,0,1786.61304924,0.00001169
1622566651891000,1,3572.59919752,0.00001168
1622566651891000,1,7281.11503252,0.00001168
1622566651891000,1,2912.44599996,0.00001168
1622566653930000,1,3500.00000000,0.00001167
1622566679159000,0,4916.68253000,0.00001165
1622566688040000,0,2921.83637227,0.00001165
1622566688040000,0,7303.31551581,0.00001165
1622566700271000,0,2921.27452697,0.00001165
1622566700271000,0,7302.96044563,0.00001165
1622566709860000,0,2923.80453391,0.00001164
1622566713135000,0,19057.24798853,0.00001165
1622566713135000,0,3569.95414954,0.00001165
1622566713135000,0,645.56121257,0.00001165
1622566731568000,0,2934.22477000,0.00001164
1622566742025000,0,2931.70396263,0.00001164
1622566742025000,0,65.98839699,0.00001164
1622566742025000,0,10000.00000000,0.00001164
1622566751923000,0,2926.67531089,0.00001166
1622566751923000,0,2926.67530911,0.00001166
1622566810524000,1,2914.40256000,0.00001165
1622566814468000,0,4500.00000000,0.00001166
1622566816032000,0,2912.00026000,0.00001167
1622566829489000,0,7292.95469363,0.00001166
1622566829489000,0,2917.18186637,0.00001166
1622566838482000,0,2921.78970839,0.00001167
1622566838482000,0,7304.47426161,0.00001167
1622566838877000,0,0.00000937,0.00001167
1622566838976000,0,182.22600000,0.00001168
1622566866708000,1,2914.29153121,0.00001169
1622566866708000,1,7285.72881879,0.00001169
1622566870130000,0,546.37400000,0.00001169
1622566875395000,1,7284.02153812,0.00001168
1622566875395000,1,1715.97846188,0.00001168
1622566875654000,1,1197.63015000,0.00001168
1622566883153000,0,7291.96660956,0.00001168
1622566883153000,0,2916.78664382,0.00001168
1622566883153000,0,8750.35992662,0.00001169
1622566951667000,1,2908.90999291,0.00001169
1622566951667000,1,7272.43431709,0.00001169
1622566951760000,1,0.00000553,0.00001169
1622566955361000,0,7273.66098862,0.00001169
1622566955361000,0,2909.46439545,0.00001169
1622566963199000,0,2903.31750851,0.00001172
1622566963199000,0,7257.86035149,0.00001172
1622566976792000,1,2902.01696099,0.00001171
1622566976792000,1,2902.01696099,0.00001171
1622566976792000,1,7255.04239802,0.00001171
1622566991092000,1,728.60000000,0.00001172
1622566991172000,1,2173.41696099,0.00001172
1622567054717000,1,2906.30393888,0.00001169
1622567054717000,1,7266.56783112,0.00001169
1622567057847000,1,2905.94601784,0.00001168
1622567057847000,1,594.05398216,0.00001168
1622567112459000,0,728.60000000,0.00001166
1622567116674000,1,728.60000000,0.00001167
1622567139643000,1,1500.00000000,0.00001167
1622567139658000,1,1417.21884514,0.00001167
1622567139658000,1,7292.93364104,0.00001167
1622567143681000,0,728.60000000,0.00001167
1622567150879000,0,2917.21884514,0.00001167
1622567150879000,0,7293.04710486,0.00001167
1622567158133000,1,2914.72122000,0.00001168
1622567158137000,1,0.00000627,0.00001168
1622567158137000,1,728.59999373,0.00001168
1622567158283000,1,6558.20307194,0.00001168
1622567163683000,0,728.60000000,0.00001169
1622567163721000,0,6558.20306567,0.00001169
1622567163721000,0,2914.72122627,0.00001169
1622567164457000,0,2912.22788048,0.00001170
1622567164858000,0,826.50255610,0.00001171
1622567174653000,1,728.60000000,0.00001169
1622567174847000,1,2183.62788048,0.00001169
1622567186861000,1,7268.13491093,0.00001171
1622567186861000,1,2731.86508907,0.00001171
1622567329716000,0,7291.96336798,0.00001167
1622567329716000,0,2916.97012202,0.00001167
1622567329797000,0,0.00001669,0.00001167
1622567335471000,1,2915.67037000,0.00001167
1622567338190000,0,2915.67037481,0.00001167
1622567338190000,0,7289.17592519,0.00001167
1622567397542000,0,500.00000000,0.00001168
1622567397558000,1,2415.39613703,0.00001168
1622567402309000,0,7288.49034258,0.00001168
1622567402309000,0,2915.39612742,0.00001168
1622567407274000,1,2912.90221390,0.00001169
1622567407274000,1,7282.25552610,0.00001169
1622567407812000,1,0.00000865,0.00001169
1622567450684000,0,728.60000000,0.00001163
1622567450793000,0,2201.02598930,0.00001163
1622567450793000,0,7324.06496070,0.00001163
1622567451992000,0,2929.62598930,0.00001164
1622567451992000,0,7324.06496070,0.00001164
1622567481426000,1,7311.49147115,0.00001164
1622567481426000,1,2923.55013317,0.00001164
1622567483122000,0,2927.10912000,0.00001164
1622567484807000,1,728.60000000,0.00001164
1622567484931000,1,2198.48649000,0.00001164
1622567503429000,0,728.60000000,0.00001164
1622567503590000,0,2201.02451000,0.00001164
1622567532360000,1,2929.62451307,0.00001164
1622567532360000,1,7324.06127693,0.00001164
1622567621880000,1,728.60000000,0.00001161
1622567621893000,1,4000.00000000,0.00001161
1622567644485000,0,728.60000000,0.00001163
1622567644591000,0,2204.02356023,0.00001163
1622567644718000,1,728.59999977,0.00001163
1622567670427000,1,20.31700000,0.00001162
1622567701519000,1,0.00081528,0.00001162
1622567701519000,1,708.28218472,0.00001162
1622567709291000,0,728.60000000,0.00001162
1622567709438000,0,2209.96330822,0.00001162
1622567709438000,0,7345.38406178,0.00001162
1622567711759000,0,2938.15362900,0.00001163
1622567711759000,0,7345.38406100,0.00001163
1622567714212000,0,2935.62727163,0.00001164
1622567714212000,0,7339.06816837,0.00001164
1622567725058000,1,728.60000000,0.00001165
1622567725062000,1,6597.86892039,0.00001165
1622567725062000,1,728.59999961,0.00001165
1622567725172000,1,2201.98756854,0.00001165
1622567742754000,0,2922.57172000,0.00001167
1622567776582000,0,728.60000000,0.00001167
1622567913643000,1,728.60000000,0.00001167
1622567945322000,0,7292.92107948,0.00001166
1622567945322000,0,2917.16842052,0.00001166
1622568020169000,1,2915.14706042,0.00001166
1622568020169000,1,7288.84811958,0.00001166
1622568025167000,0,2915.81959000,0.00001166
1622568037456000,1,7286.42766904,0.00001167
1622568037456000,1,2914.38658096,0.00001167
1622568057015000,1,2915.21336695,0.00001166
1622568057015000,1,2168.89140305,0.00001166
1622568158730000,0,728.60000000,0.00001167
1622568187962000,1,728.60000000,0.00001166
1622568218020000,1,7304.00148787,0.00001165
1622568218020000,1,2921.60058213,0.00001165
1622568252995000,1,7304.00148787,0.00001166
1622568252995000,1,2921.60058213,0.00001166
1622568287089000,1,2917.09967365,0.00001167
1622568287089000,1,7292.74917635,0.00001167
1622568307242000,0,1793.73094928,0.00001167
1622568308197000,0,1125.87052512,0.00001167
1622568308197000,0,7292.74917488,0.00001167
1622568351710000,0,2911.30185547,0.00001169
1622568351710000,0,7278.25462453,0.00001169
1622568351738000,0,0.00001414,0.00001169
1622568372425000,1,2903.84335370,0.00001171
1622568372425000,1,7259.60837630,0.00001171
1622568382435000,0,2903.84335370,0.00001171
1622568382435000,0,7259.60837630,0.00001171
1622568382602000,0,0.00000796,0.00001171
1622568386853000,1,2900.92508000,0.00001172
1622568393269000,0,728.60000000,0.00001173
1622568440809000,1,728.60000000,0.00001172
1622568485487000,0,728.60000000,0.00001172
1622568485625000,0,2168.93294000,0.00001172
1622568506481000,1,728.60000000,0.00001172
1622568506955000,1,2167.98883308,0.00001172
1622568506955000,1,7242.81937394,0.00001172
1622568548422000,1,100.00000000,0.00001171
1622568582480000,0,2911.11789402,0.00001169
1622568582480000,0,7277.79472598,0.00001169
1622568587704000,0,728.60000000,0.00001170
1622568606670000,1,2908.62975000,0.00001170
1622568635026000,1,728.60000000,0.00001173
1622568635030000,1,6524.40170335,0.00001173
1622568635030000,1,2901.20068134,0.00001173
1622568666041000,1,2900.98304578,0.00001172
1622568666041000,1,7252.90748854,0.00001172
1622568700339000,0,7259.29646000,0.00001170
1622568750935000,0,2901.78902054,0.00001171
1622568750935000,0,7259.29646557,0.00001171
1622568778058000,0,2900.88845879,0.00001171
1622568783636000,0,18863.23664043,0.00001171
1622568783636000,0,2902.77700157,0.00001171
1622568801238000,0,728.60000000,0.00001171
1622568832055000,1,2901.42618095,0.00001171
1622568867352000,1,2891.54898000,0.00001175
1622568867354000,1,0.00000544,0.00001175
1622568867354000,1,728.59999456,0.00001175
1622568867571000,1,6500.27246905,0.00001175
1622568867584000,0,728.59999095,0.00001175
1622568871821000,0,2891.54898000,0.00001175
1622568882674000,0,728.60000000,0.00001176
1622568882789000,0,2156.98036708,0.00001176
1622568882789000,0,7213.95090292,0.00001176
1622568889390000,0,2885.58036708,0.00001177
1622568889390000,0,7213.95090292,0.00001177
1622568890144000,0,0.00001479,0.00001177
1622568893685000,0,2883.12872701,0.00001177
1622568900389000,1,728.60000000,0.00001178
1622568900977000,1,2880.68124931,0.00001177
1622568900977000,1,18732.39375919,0.00001177
1622568900977000,1,2880.68122150,0.00001177
1622568919817000,0,2885.95829019,0.00001176
1622568919817000,0,7214.87258981,0.00001176
1622568925496000,1,2882.88134000,0.00001177
1622568952676000,1,2880.68124931,0.00001177
1622568952676000,1,619.31875069,0.00001177
1622568953120000,1,6586.77840642,0.00001177
1622568994973000,0,2883.12872701,0.00001177
1622568994973000,0,7207.82180299,0.00001177
1622569027151000,0,728.60000000,0.00001176
1622569030453000,1,728.60000000,0.00001177
1622569042105000,0,728.60000000,0.00001178
1622569061842000,1,728.60000000,0.00001174
1622569062497000,1,2152.50256707,0.00001174
1622569062497000,1,7204.69718293,0.00001174
1622569065493000,0,728.60000000,0.00001174
1622569065511000,0,2157.96396573,0.00001174
1622569065511000,0,728.59999427,0.00001174
1622569065592000,0,6487.59623000,0.00001174
1622569065729000,0,0.00001462,0.00001174
1622569071351000,0,2884.18295294,0.00001175
1622569071351000,0,7210.28915905,0.00001175
1622569071351000,0,18753.19910801,0.00001175
1622569124227000,0,2876.59971738,0.00001177
1622569124227000,0,7191.49928262,0.00001177
1622569126634000,0,3201.08913233,0.00001180
1622569137284000,0,2871.71584000,0.00001179
1622569145239000,1,728.60000000,0.00001181
1622569145274000,1,2135.27544086,0.00001181
1622569145575000,1,7162.54800644,0.00001180
1622569165266000,1,2866.20727000,0.00001180
1622569177953000,1,17500.00000000,0.00001179
1622569211915000,1,2874.75454436,0.00001176
1622569211915000,1,7184.07114553,0.00001176
1622569211915000,1,18680.79419583,0.00001176
1622569212830000,1,18680.79419583,0.00001175
1622569212830000,1,7184.07114553,0.00001175
1622569212830000,1,2874.75454436,0.00001175
1622569217828000,1,7193.96926679,0.00001175
1622569217828000,1,2877.58770672,0.00001175
1622569221924000,0,728.60000000,0.00001174
1622569248663000,1,2876.89141000,0.00001174
1622569262265000,1,2879.69963489,0.00001173
1622569262265000,1,4050.57401511,0.00001173
1622569262297000,1,3147.72798654,0.00001173
1622569262297000,1,18715.35446390,0.00001173
1622569263438000,1,2880.85885516,0.00001172
1622569263438000,1,7202.15589311,0.00001172
1622569271852000,0,7205.39179122,0.00001172
1622569271852000,0,2884.61798878,0.00001172
1622569277565000,0,2877.24673000,0.00001174
1622569277723000,0,0.00000912,0.00001174
1622569277723000,0,7193.11684779,0.00001174
1622569288497000,0,2878.02630672,0.00001174
1622569288497000,0,7199.24907328,0.00001174
1622569328027000,0,2881.17894431,0.00001173
1622569328027000,0,7202.94735569,0.00001173
1622569331129000,0,2880.13541699,0.00001174
1622569331129000,0,7200.28172301,0.00001174
1622569332848000,0,2877.49437777,0.00001175
1622569332848000,0,7193.61090618,0.00001175
1622569401092000,1,18743.83170004,0.00001171
1622569401092000,1,7211.96065536,0.00001171
1622569401092000,1,2884.60329502,0.00001171
1622569405338000,0,2886.47052000,0.00001171
1622569413036000,1,2886.47052755,0.00001171
1622569413036000,1,7216.17631887,0.00001171
1622569448022000,1,728.60000000,0.00001172
1622569597692000,1,7211.57920696,0.00001171
1622569597692000,1,43.57099304,0.00001171
1622569629916000,1,2887.83399778,0.00001172
1622569629916000,1,4612.16600222,0.00001172
1622569658427000,0,2890.69082735,0.00001173
1622569658427000,0,7226.72706838,0.00001173
1622569691661000,0,728.60000000,0.00001173
1622569711269000,0,7216.70317149,0.00001173
1622569711269000,0,2886.68126860,0.00001173
1622569715178000,0,2884.90064791,0.00001174
1622569715178000,0,7211.52215209,0.00001174
1622569732234000,1,728.60000000,0.00001173
1622569732378000,0,2886.64189411,0.00001173
1622569797771000,0,728.60000000,0.00001172
1622569867514000,1,728.60000000,0.00001172
1622569875751000,0,728.60000000,0.00001172
1622569875939000,0,6495.09240736,0.00001172
1622569875939000,0,2889.47695264,0.00001172
1622569876167000,0,0.00001031,0.00001172
1622569877001000,0,2887.43949497,0.00001173
1622569916995000,0,7210.06261025,0.00001174
1622569916995000,0,2884.02503975,0.00001174
1622569917093000,0,0.00000435,0.00001174
1622569933020000,1,2881.56846000,0.00001174
1622569936426000,1,7203.92115999,0.00001173
1622569936426000,1,2881.56845001,0.00001173
1622569936491000,1,0.00001398,0.00001173
1622570023104000,1,2882.63053273,0.00001173
1622570023104000,1,7206.57632727,0.00001173
1622570113421000,1,728.60000000,0.00001172
1622570284401000,0,728.60000000,0.00001170
1622570364996000,0,7225.49381503,0.00001170
1622570364996000,0,2890.19751497,0.00001170
1622570406281000,1,7213.15309118,0.00001171
1622570406281000,1,2885.26122882,0.00001171
1622570512836000,1,728.60000000,0.00001168
1622570922080000,0,728.60000000,0.00001164
1622570953858000,0,2905.77522937,0.00001164
1622571281674000,0,7247.31507631,0.00001165
1622571281674000,0,2898.92602369,0.00001165
1622571301998000,0,2902.25945891,0.00001165
1622571301998000,0,7255.64863109,0.00001165
1622571302025000,0,0.00001618,0.00001165
1622571355815000,0,2896.43981609,0.00001167
1622571355815000,0,7241.09954023,0.00001167
1622571355815000,0,2386.36235368,0.00001167
1622571355954000,0,0.00000944,0.00001167
1622571360269000,0,2893.95786252,0.00001167
1622571360269000,0,2380.35025015,0.00001167
1622571360910000,0,7234.89465630,0.00001167
1622571364048000,1,1739.42019794,0.00001166
1622571367344000,1,728.60000000,0.00001166
1622571367375000,1,6512.49954023,0.00001166
1622571367375000,1,728.59999977,0.00001166
1622571367478000,1,2167.83981632,0.00001166
1622571401930000,0,2890.75566374,0.00001167
1622571412867000,1,7226.88915934,0.00001166
1622571412867000,1,2890.75565066,0.00001166
1622571413030000,1,0.00001308,0.00001166
1622571422834000,1,2893.23487100,0.00001166
1622571422834000,1,3061.06512900,0.00001166
1622571481905000,1,2799.58127000,0.00001166
1622571482048000,1,93.16566519,0.00001166
1622571566598000,1,7219.84928559,0.00001168
1622571566598000,1,2885.46926441,0.00001168
1622571567137000,1,0.00001380,0.00001168
1622571602585000,1,2883.00306000,0.00001170
1622571684898000,0,2887.78127859,0.00001169
1622571684898000,0,7218.88663141,0.00001169
1622571706751000,1,2885.92342000,0.00001170
1622571783040000,0,2883.96530001,0.00001171
1622571783040000,0,7209.91324999,0.00001171
1622571783095000,0,0.00000005,0.00001171
1622571785182000,1,2883.96530001,0.00001171
1622571785182000,1,7209.91324999,0.00001171
1622571907249000,1,2877.70469853,0.00001172
1622571907249000,1,7194.26173147,0.00001172
1622572023541000,0,2877.70469853,0.00001172
1622572023541000,0,7194.26174633,0.00001172
1622572080217000,1,18700.88860506,0.00001172
1622572080217000,1,2875.24171510,0.00001172
1622572080217000,1,7188.10428775,0.00001172
1622572080724000,1,3340.67795458,0.00001171
1622572081837000,1,3847.42633317,0.00001171
1622572081837000,1,2875.24171510,0.00001171
1622572082403000,1,1709.40170941,0.00001170
1622572092663000,1,2884.67284927,0.00001168
1622572092663000,1,7214.77066582,0.00001168
1622572092663000,1,9837.03507924,0.00001167
1622572098407000,0,728.60000000,0.00001167
1622572105398000,0,2892.50302900,0.00001166
1622572105398000,0,7231.25756100,0.00001166
1622572110235000,0,18801.26968850,0.00001167
1622572110235000,0,5698.73031150,0.00001167
1622572110491000,0,1532.52726100,0.00001167
1622572110491000,0,2892.50301900,0.00001167
1622572116595000,1,2892.29593418,0.00001166
1622572116595000,1,7233.95583582,0.00001166
1622572143908000,0,7234.03893802,0.00001167
1622572143908000,0,2893.61556198,0.00001167
1622572164907000,0,2891.13604000,0.00001167
1622572187443000,1,2886.27922907,0.00001168
1622572187443000,1,7215.75047093,0.00001168
1622572218435000,0,2886.31382488,0.00001168
1622572218435000,0,7215.78455512,0.00001168
1622572218615000,0,0.00000709,0.00001168
1622572221874000,1,2885.71098800,0.00001168
1622572221874000,1,7214.50703200,0.00001168
1622572329157000,1,728.60000000,0.00001166
1622572332350000,1,2895.94880982,0.00001165
1622572332350000,1,7240.01924018,0.00001165
1622572367489000,0,728.60000000,0.00001163
1622572367628000,0,2176.23345842,0.00001163
1622572367628000,0,7262.08364604,0.00001163
1622572393004000,1,2902.33789703,0.00001164
1622572393004000,1,7254.20275297,0.00001164
1622572421000000,0,2899.74188818,0.00001164
1622572421000000,0,7249.35472044,0.00001164
1622572421268000,1,18851.87249415,0.00001164
1622572431138000,0,5255.05379442,0.00001165
1622572431138000,0,2897.25282558,0.00001165
1622572499841000,1,2892.27218815,0.00001164
1622572499841000,1,7231.80974185,0.00001164
1622572543130000,0,7207.02366314,0.00001166
1622572543130000,0,2882.80946526,0.00001166
1622572568528000,1,728.60000000,0.00001165
1622572569070000,1,2883.57611071,0.00001165
1622572597984000,0,728.60000000,0.00001163
1622572598011000,0,2161.64577514,0.00001163
1622572598011000,0,7239.24129080,0.00001163
1622572674628000,0,2897.50545000,0.00001162
1622572674641000,0,0.00000584,0.00001162
1622572892004000,1,728.60000000,0.00001165
1622572933864000,1,7223.76557041,0.00001163
1622572933864000,1,2888.89887959,0.00001163
1622572970832000,0,728.60000000,0.00001163
1622572973950000,0,7224.64305000,0.00001163
1622573172283000,1,2886.83119410,0.00001164
1622573172283000,1,7217.07797590,0.00001164
1622573229565000,0,7229.49980000,0.00001162
1622573229687000,0,2891.79992249,0.00001162
1622573462206000,0,2882.57096274,0.00001165
1622573462206000,0,7206.42740684,0.00001165
1622573544919000,0,2877.86347416,0.00001169
1622573544919000,0,7194.65867584,0.00001169
1622573560832000,1,7182.36012354,0.00001170
1622573560832000,1,2872.94403646,0.00001170
1622573649276000,0,2865.59636642,0.00001174
1622573649276000,0,7160.01552358,0.00001174
1622573650654000,0,0.00001409,0.00001174
1622573658782000,0,3515.53660862,0.00001176
1622573700075000,1,728.60000000,0.00001175
1622573700214000,1,6428.52456408,0.00001175
1622573700214000,1,2862.76290592,0.00001175
1622573708966000,1,7157.12456408,0.00001174
1622573708966000,1,2862.76290592,0.00001174
1622573728735000,0,2863.23069916,0.00001175
1622573728735000,0,7158.07673084,0.00001175
1622573728834000,0,0.00001706,0.00001175
1622573738081000,0,728.60000000,0.00001175
1622573779968000,1,728.60000000,0.00001174
1622573838678000,0,728.60000000,0.00001175
1622573838772000,0,2136.40422409,0.00001175
1622573838772000,0,7162.51056023,0.00001175
1622573902871000,1,7149.76211755,0.00001176
1622573902871000,1,2859.90483245,0.00001176
1622573904374000,0,7155.84184724,0.00001176
1622573904374000,0,2862.33673890,0.00001176
1622573917303000,1,728.60000000,0.00001176
1622573917377000,1,2136.67841406,0.00001176
1622573917377000,1,1617.16336594,0.00001176
1622573937852000,0,2865.27841000,0.00001176
1622573937924000,0,0.00000406,0.00001176
1622573976701000,0,728.60000000,0.00001177
1622573976848000,0,2136.85096204,0.00001177
1622573976848000,0,7163.62739796,0.00001177
1622574024098000,1,2863.01849093,0.00001178
1622574024098000,1,7136.98150907,0.00001178
1622574060215000,1,728.60000000,0.00001177
1622574117725000,0,2880.76030132,0.00001173
1622574117725000,0,7201.90074868,0.00001173
1622574131175000,0,2879.63839617,0.00001174
1622574131175000,0,5676.93036383,0.00001174
1622574132136000,0,7195.76625522,0.00001174
1622574145836000,0,728.60000000,0.00001173
1622574206695000,1,2881.54896766,0.00001174
1622574206695000,1,7203.67828736,0.00001174
1622574206695000,1,11914.77274498,0.00001174
1622574236130000,1,728.60000000,0.00001174
1622574236752000,1,2156.41044561,0.00001174
1622574236752000,1,7213.95071113,0.00001174
1622574265811000,1,2885.58056692,0.00001174
1622574265811000,1,7213.95140308,0.00001174
1622574326179000,0,50.00000000,0.00001174
1622574345855000,0,2891.92013000,0.00001173
1622574345933000,0,0.00000016,0.00001173
1622574355069000,0,2892.47988544,0.00001173
1622574355069000,0,7232.60630456,0.00001173
1622574362210000,1,2891.92013016,0.00001172
