timestamp ms,type,amount,price
1627862455682000,0,3385.58766802,0.00000690
1627862504774000,0,731.20000000,0.00000690
1627862590212000,1,437.45700000,0.00000691
1627862605150000,0,437.45700000,0.00000690
1627862639507000,0,4122.25131865,0.00000691
1627862639507000,0,10305.62829662,0.00000691
1627862643644000,1,5432.82146815,0.00000691
1627862850937000,0,8968.72094000,0.00000693
1627862884151000,0,1184.51887997,0.00000693
1627862917796000,0,9137.16362000,0.00000693
1627862987523000,0,9200.62786000,0.00000693
1627863305047000,1,2892.01329423,0.00000692
1627863305124000,1,731.20000000,0.00000692
1627863305127000,1,722.89072484,0.00000692
1627863510940000,1,6477.00000000,0.00000691
1627863510957000,1,1013.22413385,0.00000691
1627863510976000,1,5174.43591111,0.00000691
1627863511007000,1,6714.03543774,0.00000691
1627863515854000,0,3942.42082101,0.00000691
1627863515854000,0,10718.37617899,0.00000691
1627863525328000,1,4288.08273644,0.00000691
1627863609813000,0,10704.08102000,0.00000692
1627863785705000,0,4284.05404549,0.00000693
1627863785705000,0,10709.88782451,0.00000693
1627863886131000,0,21231.37053000,0.00000691
1627863888646000,0,9046.06517000,0.00000691
1627863889064000,0,731.20000000,0.00000691
1627863889167000,0,2597.96323259,0.00000691
1627863889167000,0,8322.90807741,0.00000691
1627863903631000,0,7397.12829000,0.00000691
1627863932230000,0,7167.08048000,0.00000691
1627864019991000,1,10753.93876584,0.00000689
1627864019991000,1,4304.41278736,0.00000689
1627864036155000,0,9114.04955398,0.00000690
1627864036155000,0,3644.73885602,0.00000690
1627864091687000,1,22000.00000000,0.00000689
1627864091741000,1,5994.22283830,0.00000689
1627864091741000,1,4303.47015170,0.00000689
1627864107941000,1,731.20000000,0.00000688
1627864108044000,1,1000.00000000,0.00000688
1627864112633000,0,4314.63506264,0.00000688
1627864112633000,0,10786.58764736,0.00000688
1627864223838000,1,12965.86420695,0.00000687
1627864223838000,1,10802.23937692,0.00000687
1627864223838000,1,267.00824613,0.00000687
1627864224020000,1,4052.28181546,0.00000687
1627864231684000,0,4337.03309000,0.00000685
1627864231743000,0,0.00000724,0.00000685
1627864231743000,0,6505.54964276,0.00000685
1627864231746000,0,731.20000000,0.00000685
1627864231857000,0,3605.83310000,0.00000685
1627864257027000,0,6503.36453176,0.00000686
1627864257027000,0,4334.49911824,0.00000686
1627864290175000,0,2.02605562,0.00000686
1627864290175000,0,10830.70276438,0.00000686
1627864290184000,0,0.00000786,0.00000686
1627864296011000,0,4332.28110000,0.00000686
1627864345096000,0,34.13314139,0.00000686
1627864529146000,1,36.08475146,0.00000684
1627864536235000,0,4343.59367000,0.00000684
1627864552928000,0,4338.47364555,0.00000685
1627864552928000,0,10845.91680445,0.00000685
1627864556213000,1,4337.30307795,0.00000685
1627864556213000,1,10841.54224205,0.00000685
1627864647149000,1,731.20000000,0.00000684
1627864652636000,0,6530.69735000,0.00000684
1627864652840000,0,0.00000233,0.00000684
1627864666281000,0,18.43363684,0.00000683
1627864666281000,0,14650.44080316,0.00000683
1627864666343000,0,13696.89382000,0.00000683
1627864683634000,0,28328.13965709,0.00000684
1627864683634000,0,4356.01246598,0.00000684
1627864683634000,0,4815.84787693,0.00000684
1627864683707000,0,6074.09102000,0.00000684
1627864684454000,0,0.00001601,0.00000684
1627864701985000,0,3.33201543,0.00000685
1627864711985000,1,4348.76532000,0.00000685
1627864714855000,0,10871.95716000,0.00000685
1627864716723000,0,0.00000550,0.00000685
1627864745535000,1,4343.40055000,0.00000686
1627864755875000,0,1.74290425,0.00000685
1627864755875000,0,729.45709575,0.00000685
1627864761259000,0,3616.37581813,0.00000685
1627864780982000,1,4347.02887966,0.00000685
1627864780990000,1,1146.99998606,0.00000685
1627864920296000,0,4355.50276896,0.00000686
1627864920296000,0,10878.89130104,0.00000686
1627864946785000,0,2.12559482,0.00000686
1627864947016000,0,0.88804414,0.00000686
1627864951868000,0,4351.77147866,0.00000686
1627864951868000,0,10879.42869666,0.00000686
1627864962783000,1,4352.59649000,0.00000686
1627864976310000,0,1.60583863,0.00000686
1627864976310000,0,10879.42868137,0.00000686
1627864976810000,0,0.00001529,0.00000686
1627865015807000,0,4377.21091000,0.00000684
1627865016116000,0,0.00000493,0.00000684
1627865016116000,0,10940.30751507,0.00000684
1627865022550000,0,6596.29756000,0.00000683
1627865022881000,0,4382.53021000,0.00000683
1627865022913000,0,0.00000955,0.00000683
1627865034411000,0,4382.53021955,0.00000684
1627865034411000,0,10956.32554888,0.00000684
1627865034411000,0,28458.10501157,0.00000684
1627865047231000,0,21500.00000000,0.00000684
1627865047303000,0,1524.93150439,0.00000684
1627865047303000,0,8867.37191806,0.00000684
1627865047303000,0,3544.36442755,0.00000684
1627865056260000,1,28448.26544498,0.00000683
1627865056260000,1,10940.96334705,0.00000683
1627865056260000,1,522.60614934,0.00000683
1627865056260000,1,4377.01514863,0.00000683
1627865064177000,0,4044.22467950,0.00000683
1627865064177000,0,10125.36485050,0.00000683
1627865082177000,0,2210.63537156,0.00000683
1627865082177000,0,10160.18307844,0.00000683
1627865082970000,0,0.00001011,0.00000683
1627865134153000,0,3984.61966202,0.00000685
1627865134153000,0,9960.06100798,0.00000685
1627865134655000,0,0.00000415,0.00000685
1627865153998000,0,3676.03600879,0.00000686
1627865153998000,0,9189.82109121,0.00000686
1627865154268000,0,0.00001604,0.00000686
1627865173078000,0,3384.27278595,0.00000686
1627865173078000,0,8448.36656172,0.00000686
1627865180664000,1,399.58367792,0.00000686
1627865215812000,1,375.31571000,0.00000686
1627865369564000,1,5511.10913970,0.00000685
1627865438035000,1,3306.56676000,0.00000682
1627865439454000,1,4078.03942010,0.00000682
1627865440329000,0,10210.02548810,0.00000683
1627865440329000,0,4789.97451190,0.00000683
1627865440396000,0,19000.00000000,0.00000683
1627865442525000,0,8761.17426778,0.00000683
1627865442525000,0,3504.46970711,0.00000683
1627865450235000,1,4823.78959097,0.00000683
1627865450357000,1,1929.51583639,0.00000683
1627865463431000,0,4121.15756650,0.00000683
1627865476113000,0,1557.87548927,0.00000684
1627865476113000,0,3885.08806973,0.00000684
1627865476113000,0,10097.45183100,0.00000684
1627865479746000,1,939.62564891,0.00000684
1627865491695000,0,1169.01574536,0.00000685
1627865491695000,0,2922.53936340,0.00000685
1627865494520000,0,2642.59833098,0.00000685
1627865494520000,0,1057.03933239,0.00000685
1627865510743000,0,6328.89376615,0.00000686
1627865510743000,0,974.11835424,0.00000686
1627865510743000,0,2435.29586961,0.00000686
1627865537772000,0,732.32322753,0.00000686
1627865573548000,0,1789.55483891,0.00000687
1627865573548000,0,715.82192109,0.00000687
1627865599538000,1,10880.60914870,0.00000687
1627865599538000,1,4347.86444155,0.00000687
1627865646073000,0,1472.22016000,0.00000685
1627865666470000,0,3594.77336882,0.00000686
1627865666470000,0,1437.91540118,0.00000686
1627865684053000,0,836.79282484,0.00000685
1627865696606000,0,3251.93934000,0.00000685
1627865712448000,0,1152.79630075,0.00000686
1627865712448000,0,2881.99074925,0.00000686
1627865808816000,1,1169.84164621,0.00000684
1627865808821000,1,1316.07193237,0.00000684
1627865808847000,1,4572.35939786,0.00000684
1627865811774000,0,1332.98575079,0.00000684
1627865811774000,0,3730.84621921,0.00000684
1627865854005000,0,780.73601652,0.00000685
1627865914722000,1,23325.92608000,0.00000683
1627865914785000,1,5120.81634319,0.00000683
1627865914785000,1,10945.90394751,0.00000683
1627865914785000,1,5548.31818460,0.00000683
1627865914785000,1,2884.96152470,0.00000683
1627865914888000,1,731.20000000,0.00000683
1627865921127000,0,7011.81345000,0.00000682
1627865921286000,0,2804.80540000,0.00000682
1627865922898000,0,2768.31106651,0.00000683
1627865922898000,0,18203.92833349,0.00000683
1627865923501000,0,731.20000000,0.00000683
1627865923842000,0,2073.60540904,0.00000683
1627865923842000,0,7013.62281096,0.00000683
1627865948463000,0,4408.40620020,0.00000683
1627865948463000,0,1763.36247980,0.00000683
1627865956336000,0,878.97353419,0.00000683
1627865956336000,0,9771.92901581,0.00000683
1627865957715000,0,9769.49677396,0.00000684
1627865957715000,0,1503.37314906,0.00000684
1627865957715000,0,3758.43285698,0.00000684
1627865996688000,0,661.48051000,0.00000683
1627865996747000,0,0.00000493,0.00000683
1627865996747000,0,1651.28358507,0.00000683
1627866030572000,1,1611.21397703,0.00000683
1627866103643000,0,1458.39411141,0.00000683
1627866103643000,0,583.43964859,0.00000683
1627866105154000,0,0.00000213,0.00000683
1627866105457000,0,3412.33056861,0.00000684
1627866118165000,0,170.93314741,0.00000684
1627866118165000,0,426.70902493,0.00000684
1627866118165000,0,1109.63649766,0.00000684
1627866124125000,0,268.66106400,0.00000684
1627866124125000,0,670.67213600,0.00000684
1627866131025000,0,211.83162236,0.00000685
1627866131025000,0,1376.90553764,0.00000685
1627866131457000,0,530.08231084,0.00000685
1627866131457000,0,1626.57301916,0.00000685
1627866155535000,0,223.18039531,0.00000684
1627866295741000,0,1336.26404565,0.00000687
1627866295741000,0,514.51260283,0.00000687
1627866295741000,0,205.80503152,0.00000687
1627866381626000,0,159.46416198,0.00000687
1627866425761000,1,4363.28708000,0.00000687
1627866485155000,0,1125.97756000,0.00000687
1627866485446000,0,0.00000825,0.00000687
1627866487550000,0,450.39007579,0.00000688
1627866487550000,0,1125.97517421,0.00000688
1627866860098000,0,2455.58246134,0.00000688
1627866860098000,0,944.34971307,0.00000688
1627866860098000,0,377.73988523,0.00000688
1627866997705000,1,731.20000000,0.00000689
1627867050562000,0,223.89414346,0.00000690
1627867050562000,0,559.73534654,0.00000690
1627867075064000,0,206.39936732,0.00000690
1627867075064000,0,515.99763268,0.00000690
1627867479073000,1,722.39700000,0.00000690
1627867765186000,0,163.58512331,0.00000690
1627867765475000,0,408.96200000,0.00000690
1627867806878000,0,150.68414302,0.00000690
1627867806878000,0,376.16519062,0.00000690
1627868045336000,0,322.23800000,0.00000690
1627868104798000,0,131.55199039,0.00000690
1627868128812000,0,321.93602611,0.00000690
1627868128812000,0,128.58805095,0.00000690
1627868192252000,0,270.86544387,0.00000691
1627868192252000,0,108.45750717,0.00000691
1627868243941000,1,731.20000000,0.00000691
1627868813351000,0,116.22924110,0.00000691
1627868813351000,0,290.57310275,0.00000691
1627868936120000,0,106.96263577,0.00000692
1627868936120000,0,267.40536423,0.00000692
1627869162513000,1,374.36800000,0.00000692
1627869177990000,0,696.10400000,0.00000692
1627869178091000,0,0.00083413,0.00000692
1627869222192000,1,4322.26614000,0.00000692
1627869574958000,0,35.09600000,0.00000691
1627869603384000,1,731.20000000,0.00000691
1627869844569000,0,731.20000000,0.00000691
1627869981999000,0,692.01671311,0.00000692
1627869981999000,0,276.80668524,0.00000692
1627870176529000,1,3452.07731000,0.00000691
1627870459854000,0,522.40505960,0.00000690
1627870459854000,0,1306.01263040,0.00000690
1627870579541000,0,374.71435190,0.00000692
1627870579541000,0,936.78586810,0.00000692
1627871402965000,1,731.20000000,0.00000694
1627871615068000,0,458.44981778,0.00000693
1627871615068000,0,1146.12453222,0.00000693
1627871663366000,0,422.35224658,0.00000694
1627871663366000,0,1055.88060342,0.00000694
1627871754693000,0,949.93945220,0.00000695
1627871754693000,0,2371.43648780,0.00000695
1627871917352000,0,2185.47070508,0.00000695
1627871917352000,0,874.18827492,0.00000695
1627871985157000,1,487.54041581,0.00000694
1627871985157000,1,10753.91127419,0.00000694
1627872400073000,1,10757.10136055,0.00000694
1627872400073000,1,2742.89863945,0.00000694
1627872400128000,1,14045.11190000,0.00000694
1627872400194000,1,11175.95223000,0.00000694
1627872403863000,0,7225.08898883,0.00000693
1627872589230000,0,3043.62998000,0.00000695
1627872589603000,0,0.00000966,0.00000695
1627872626342000,0,3367.00061844,0.00000695
1627872626342000,0,8417.40155880,0.00000695
1627872626342000,0,522.60612276,0.00000695
1627872626906000,0,0.00002658,0.00000695
1627872782889000,0,7780.11503000,0.00000695
1627872906550000,0,8093.88409000,0.00000694
1627872988138000,1,5139.25024149,0.00000694
1627873019396000,0,731.20000000,0.00000694
1627873073088000,0,3322.61070413,0.00000694
1627873073088000,0,8294.57492326,0.00000694
1627873139830000,0,8287.03033880,0.00000695
1627873139830000,0,3314.85423120,0.00000695
1627873139899000,0,0.00001160,0.00000695
1627873140913000,0,436.10420194,0.00000696
1627873143616000,0,7648.46667803,0.00000696
1627873143616000,0,3059.42358197,0.00000696
1627873169043000,0,2885.45581204,0.00000695
1627873169043000,0,7213.63953011,0.00000695
1627873180274000,0,6644.74804429,0.00000695
1627873200979000,1,602.17530346,0.00000696
1627873201939000,1,4809.51333197,0.00000696
1627873205948000,1,2386.23415012,0.00000696
1627873206102000,1,3025.45448531,0.00000696
1627873217347000,0,2940.13088000,0.00000696
1627873460712000,0,5720.44381000,0.00000696
1627873850958000,1,155.73147776,0.00000697
1627873858849000,1,5244.08915644,0.00000697
1627874015923000,0,2355.61614594,0.00000697
1627874066425000,1,731.20000000,0.00000697
1627874223348000,0,5002.51522559,0.00000697
1627874271750000,1,3565.95935194,0.00000697
1627874377905000,1,150.83446658,0.00000697
1627874389114000,1,1804.54016694,0.00000697
1627874389117000,1,3452.42524116,0.00000697
1627874423817000,1,1805.50983447,0.00000697
1627874424630000,1,3602.29004021,0.00000697
1627874499618000,1,2910.00000000,0.00000697
1627874529090000,1,4153.00746747,0.00000697
1627874529225000,1,1249.02890675,0.00000697
1627874529330000,0,412.17408024,0.00000697
1627874545041000,1,1530.19556204,0.00000697
1627874545048000,1,3459.66673194,0.00000697
1627874559183000,1,1417.76258166,0.00000697
1627874559188000,1,3544.40645415,0.00000697
1627874569118000,1,439.67517338,0.00000697
1627874569118000,1,519.00573888,0.00000697
1627874646775000,1,1284.35232565,0.00000697
1627874646776000,1,3210.88081414,0.00000697
1627874650537000,1,906.61106940,0.00000697
1627874669511000,1,1164.30212118,0.00000697
1627874669512000,1,1745.69787882,0.00000697
1627874669512000,1,1165.05742412,0.00000697
1627874672717000,1,1070.81611310,0.00000697
1627874678094000,1,2616.72045830,0.00000697
1627874691601000,1,549.25021367,0.00000697
1627874892620000,1,1582.06766097,0.00000697
1627875189549000,1,1501.92795976,0.00000697
1627875193537000,1,905.86218529,0.00000697
1627875194419000,1,2264.65546322,0.00000697
1627876372081000,1,4293.47094112,0.00000695
1627876372081000,1,10729.35375287,0.00000695
1627876385345000,0,1274.53492667,0.00000695
1627876385345000,0,3186.33730333,0.00000695
1627876512101000,1,1324.80564000,0.00000695
1627876539214000,1,1854.16268386,0.00000694
1627876539214000,1,6032.10503553,0.00000694
1627876545589000,1,2113.73228061,0.00000694
1627876545589000,1,121.41303121,0.00000694
1627876546327000,1,5587.86327954,0.00000694
1627876548403000,1,1932.96590421,0.00000694
1627876548404000,1,3357.75778504,0.00000694
1627876566168000,0,731.20000000,0.00000694
1627876566193000,0,4117.95294619,0.00000694
1627876575137000,1,1830.39802401,0.00000694
1627876575139000,1,2287.55491599,0.00000694
1627876899632000,1,731.20000000,0.00000695
1627876942934000,1,4463.99110127,0.00000694
1627876943012000,1,724.42341516,0.00000694
1627876966748000,1,27930.56098435,0.00000693
1627876966748000,1,10739.40504907,0.00000693
1627876966748000,1,500.62276658,0.00000693
1627876966807000,1,3798.83320000,0.00000693
1627876966920000,1,0.00001766,0.00000693
1627876969197000,0,2442.05919451,0.00000693
1627876969197000,0,6105.04354549,0.00000693
1627877277873000,1,1488.57716763,0.00000692
1627877377293000,1,1000.00000000,0.00000691
1627877377530000,1,865.04132694,0.00000691
1627877377650000,1,1830.10668613,0.00000691
1627877377764000,1,5229.94079999,0.00000691
1627877377933000,1,4322.33447478,0.00000690
1627877377933000,1,10805.83618695,0.00000690
1627877377933000,1,21419.20759913,0.00000690
1627877378151000,1,6680.29473703,0.00000690
1627877400074000,1,1665.53474277,0.00000690
1627877454225000,0,731.20000000,0.00000690
1627877454320000,0,27433.57875876,0.00000690
1627877454320000,0,10838.27046539,0.00000690
1627877454320000,0,4335.30816585,0.00000690
1627877590462000,0,7.81358970,0.00000690
1627877595933000,0,4325.04606000,0.00000690
1627877716527000,0,4331.36689276,0.00000691
1627877716527000,0,10828.41722724,0.00000691
1627877796991000,0,519.00573888,0.00000692
1627877796991000,0,10805.59546070,0.00000692
1627877796991000,0,4325.06650354,0.00000692
1627878004751000,1,731.20000000,0.00000693
1627878252814000,0,6451.85983000,0.00000695
1627878520852000,0,4291.70209914,0.00000696
1627878520852000,0,10729.25523086,0.00000696
1627878734444000,1,433.88732597,0.00000694
1627879211323000,1,4293.14909999,0.00000695
1627879239114000,1,5427.64162072,0.00000695
1627879241848000,1,5427.55208142,0.00000695
1627879242029000,1,4298.70284707,0.00000695
1627879307372000,1,5427.79270867,0.00000695
1627879307512000,1,4297.39328074,0.00000695
1627879308681000,1,1130.39942793,0.00000695
1627879329612000,1,4297.39328074,0.00000695
1627879330281000,1,1132.31754885,0.00000695
1627879330369000,0,5429.71082959,0.00000695
1627879458097000,1,4292.22741231,0.00000696
1627879791936000,0,4290.89709880,0.00000696
1627879791936000,0,10731.12400120,0.00000696
1627879792115000,0,0.00001176,0.00000696
1627879834071000,0,10598.06776701,0.00000697
1627879834071000,0,4239.22709299,0.00000697
1627879994111000,0,291.25142900,0.00000698
1627880405108000,0,9776.35765000,0.00000694
1627880421944000,0,731.20000000,0.00000694
1627880422079000,0,2953.43945995,0.00000694
1627880422079000,0,9198.34454005,0.00000694
1627880461680000,0,2246.37229000,0.00000695
1627880486161000,0,3343.73151586,0.00000696
1627880486161000,0,8359.32878966,0.00000696
1627880629881000,1,1981.04194339,0.00000698
1627880730200000,0,8168.55338627,0.00000698
1627880730200000,0,3267.42135451,0.00000698
1627881639904000,0,2669.23964241,0.00000695
1627881639904000,0,6663.51131995,0.00000695
1627881682069000,1,2398.86354753,0.00000695
1627881683277000,1,3036.77596590,0.00000695
1627881733393000,1,2283.71086541,0.00000696
1627881890579000,0,3491.57662875,0.00000696
1627882112279000,0,1050.20696814,0.00000697
1627882112279000,0,2136.14213767,0.00000697
1627882306611000,1,290.63274600,0.00000695
1627882512830000,1,3674.00000000,0.00000696
1627882779279000,0,2076.19923764,0.00000696
1627882779279000,0,3340.46023613,0.00000696
1627882847234000,0,13477.73139184,0.00000697
1627882847234000,0,4881.51757721,0.00000697
1627882847234000,0,1952.62309095,0.00000697
1627883061810000,0,3631.20465411,0.00000697
1627883061810000,0,1452.48185589,0.00000697
1627883203357000,0,3344.82954455,0.00000698
1627883203357000,0,1337.93180545,0.00000698
1627883203522000,0,0.00001237,0.00000698
1627883419610000,1,731.20000000,0.00000698
1627883482019000,0,2662.39095803,0.00000697
1627883482019000,0,6912.29023087,0.00000697
1627883482019000,0,1064.43754110,0.00000697
1627883826995000,0,5361.10929000,0.00000697
1627883996561000,1,644.57572308,0.00000697
1627884522106000,1,513.24390243,0.00000697
1627885236061000,0,532.06597230,0.00000699
1627885236061000,0,1328.26469512,0.00000699
1627885327578000,1,715.96193767,0.00000699
1627885327599000,1,618.84540065,0.00000699
1627885327982000,1,2001.30363801,0.00000698
1627885328052000,1,7607.86940982,0.00000698
1627885328456000,1,509.43247385,0.00000698
1627885688081000,0,869.70265806,0.00000700
1627886001142000,0,2125.26598382,0.00000701
1627886001142000,0,850.10638618,0.00000701
1627886110332000,0,1957.65423926,0.00000703
1627886110332000,0,783.06169570,0.00000703
1627886115427000,1,6367.33696000,0.00000703
1627886123202000,0,743.49895300,0.00000702
1627886123202000,0,1856.10335700,0.00000702
1627886123504000,0,0.00000362,0.00000702
1627886126619000,0,822.20450782,0.00000703
1627886126619000,0,2055.51125218,0.00000703
1627886127967000,1,1796.58112000,0.00000703
1627886153572000,1,1849.85185919,0.00000703
1627886163691000,0,1942.79842368,0.00000704
1627886163691000,0,872.63767632,0.00000704
1627886164696000,1,2058.48815000,0.00000704
1627886219922000,0,793.87124988,0.00000703
1627886219922000,0,1981.85897964,0.00000703
1627886219922000,0,5154.54686048,0.00000703
1627886277551000,0,3592.52235060,0.00000704
1627886282858000,0,1300.99328837,0.00000704
1627886317373000,0,586.69623022,0.00000704
1627886317373000,0,1466.74057555,0.00000704
1627886359672000,1,2044.56438511,0.00000704
1627886370167000,1,4241.11516000,0.00000704
1627886370191000,1,0.00000268,0.00000704
1627886432286000,0,2178.65511059,0.00000704
1627886432286000,0,871.69553941,0.00000704
1627886432334000,0,0.00000523,0.00000704
1627886469563000,1,1423.05060730,0.00000705
1627886476973000,1,4232.60527918,0.00000704
1627886506952000,0,2613.17362608,0.00000705
1627886506952000,0,1045.26945043,0.00000705
1627886506952000,0,6785.47650733,0.00000705
1627886516769000,1,4226.73000096,0.00000704
1627886576003000,0,905.18034478,0.00000706
1627886576003000,0,2262.95085522,0.00000706
1627886621521000,0,833.79642542,0.00000706
1627886645359000,0,682.50402303,0.00000706
1627886669666000,0,5325.31253587,0.00000708
1627886669666000,0,5190.67168569,0.00000708
1627886669666000,0,1997.14218241,0.00000708
1627886669666000,0,798.85685603,0.00000708
1627886685211000,1,2021.42295105,0.00000708
1627886685211000,1,10481.68134895,0.00000708
1627886690051000,0,619.67500000,0.00000707
1627886690611000,0,0.00047758,0.00000707
1627886690611000,0,4849.10830242,0.00000707
1627886828186000,0,111.52500000,0.00000707
1627886913699000,0,1178.07213636,0.00000706
1627886913699000,0,2941.01458364,0.00000706
1627886941663000,0,7047.97482783,0.00000707
1627886941663000,0,2713.15352788,0.00000707
1627886941738000,1,1084.38284601,0.00000707
1627887139651000,1,731.20000000,0.00000706
1627887181880000,1,1561.61336252,0.00000706
1627887181880000,1,10419.31849748,0.00000706
1627887256347000,1,10406.43472832,0.00000707
1627887256347000,1,18593.56527168,0.00000707
1627887256396000,1,8461.25374000,0.00000707
1627887296920000,0,2012.68561000,0.00000707
1627887341359000,1,22000.00000000,0.00000707
1627887341409000,1,3100.17586793,0.00000707
1627887341409000,1,1899.82413207,0.00000707
1627887341690000,1,8511.45310678,0.00000707
1627887341690000,1,10411.72313911,0.00000707
1627887341690000,1,4167.29386624,0.00000707
1627887359646000,0,3335.83899156,0.00000707
1627887359646000,0,2997.82886844,0.00000707
1627887359688000,0,0.00000491,0.00000707
1627887558659000,0,1880.08433000,0.00000707
1627887558735000,0,0.00000706,0.00000707
1627887562589000,0,2947.74954000,0.00000707
1627887571879000,1,2814.91319593,0.00000707
1627887575870000,1,2446.70442527,0.00000707
1627887630081000,0,20425.57534878,0.00000707
1627887630081000,0,513.24390243,0.00000707
1627887630081000,0,7847.68425534,0.00000707
1627887883564000,0,289.65400000,0.00000706
1627887883799000,0,0.00034635,0.00000706
1627887936310000,1,4177.56310896,0.00000706
1627887936310000,1,10443.97374508,0.00000706
1627887936310000,1,19878.46314596,0.00000706
1627887936429000,1,289.65400000,0.00000706
1627887959880000,1,349.85007496,0.00000706
1627888114401000,1,2.53657011,0.00000707
1627888114600000,1,3487.45935503,0.00000707
1627888138471000,0,4168.69425007,0.00000707
1627888138471000,0,10421.73561993,0.00000707
1627888161639000,1,4151.24842000,0.00000708
1627888181282000,1,4159.45677000,0.00000707
1627888181648000,1,0.00000175,0.00000707
1627888181648000,1,10397.83951825,0.00000707
1627888192892000,0,731.20000000,0.00000706
1627888193035000,0,3433.54741000,0.00000706
1627888201702000,1,731.20000000,0.00000706
1627888278909000,1,4159.41886000,0.00000707
1627888561761000,1,4163.17889000,0.00000707
1627888780524000,0,4175.01476525,0.00000707
1627888780524000,0,10437.31603475,0.00000707
1627888792144000,0,4168.96478533,0.00000708
1627888792144000,0,10422.08681467,0.00000708
1627888798530000,1,6246.73947610,0.00000708
1627888798530000,1,4165.25051022,0.00000708
1627888798530000,1,27068.94269567,0.00000708
1627888890425000,1,4166.35880254,0.00000708
1627888890425000,1,10412.87141746,0.00000708
1627888976752000,0,6262.60402200,0.00000708
1627888976752000,0,4171.94536800,0.00000708
1627889028451000,1,3500.00000000,0.00000707
1627889314959000,1,4177.23135557,0.00000707
1627889679731000,0,4190.98264319,0.00000706
1627889679731000,0,10477.45659681,0.00000706
1627889737026000,1,4190.31312743,0.00000706
1627889764183000,1,4191.40550507,0.00000706
1627889764183000,1,4308.59449493,0.00000706
1627889764239000,1,5165.53953000,0.00000706
1627889764352000,1,998.97659000,0.00000706
1627890009968000,0,6296.59782436,0.00000706
1627890009968000,0,4196.25583564,0.00000706
1627890010033000,0,0.00000611,0.00000706
1627890019171000,1,10485.22909490,0.00000706
1627890072159000,1,4198.88699000,0.00000705
1627890097261000,0,622.71246458,0.00000706
1627890322571000,0,4202.52505501,0.00000706
1627890322571000,0,10506.13799499,0.00000706
1627890359706000,0,26500.00000000,0.00000707
1627890359770000,0,795.09367416,0.00000707
1627890359770000,0,4193.72560884,0.00000707
1627890359770000,0,10484.16376700,0.00000707
1627890359859000,0,0.00001564,0.00000707
1627890374774000,0,10477.21110700,0.00000707
1627890465083000,0,10476.52642326,0.00000707
1627890465083000,0,4190.70909674,0.00000707
1627890485752000,1,3894.70735406,0.00000707
1627890486347000,1,1387.14783753,0.00000707
1627890486491000,1,3894.70735406,0.00000707
1627890493213000,1,27210.52332000,0.00000707
1627891143724000,1,5301.90643986,0.00000705
1627891143848000,0,5197.16112184,0.00000705
1627891143848000,0,104.74531802,0.00000705
1627891144093000,0,4095.53752000,0.00000705
1627891285262000,1,4193.31054421,0.00000706
1627891473349000,0,5960.92055000,0.00000704
1627891746726000,0,731.20000000,0.00000704
1627891746731000,0,3255.71144756,0.00000704
1627891746731000,0,9967.27861890,0.00000704
1627891761520000,0,3663.78848216,0.00000705
1627891761520000,0,9159.28952784,0.00000705
1627891778227000,1,731.20000000,0.00000705
1627891778229000,1,3484.08389269,0.00000705
1627891788856000,1,20500.00000000,0.00000704
1627891788910000,1,6894.20936767,0.00000704
1627891788910000,1,6479.04163233,0.00000704
1627892179887000,1,10557.75264676,0.00000703
1627892179887000,1,4225.86888324,0.00000703
1627892411077000,1,4234.00225000,0.00000703
1627892526336000,0,731.20000000,0.00000702
1627892526365000,0,3506.82354042,0.00000702
1627892526365000,0,10595.05885106,0.00000702
1627892609885000,0,0.42916174,0.00000702
1627892609885000,0,10605.61402585,0.00000702
1627892735235000,0,10605.31318215,0.00000702
1627892745010000,1,1756.36281648,0.00000702
1627892806142000,1,3596.49107958,0.00000702
1627892810439000,1,3987.56704377,0.00000702
1627892811503000,1,1365.28685229,0.00000702
1627892873424000,0,3947.98459821,0.00000703
1627892873424000,0,9855.94165179,0.00000703
1627892903404000,1,3636.95445340,0.00000703
1627892914382000,0,8810.21984549,0.00000703
1627892914382000,0,3524.08793820,0.00000703
1627892916395000,1,13500.00000000,0.00000703
1627892916503000,1,731.20000000,0.00000703
1627892999751000,1,3450.40523827,0.00000702
1627893029696000,0,4162.46502452,0.00000703
1627893039778000,0,7224.49551776,0.00000703
1627893101240000,0,6651.24383425,0.00000704
1627893178043000,0,3165.03495843,0.00000704
1627893187427000,0,2894.89635578,0.00000704
1627893187959000,0,7226.97529953,0.00000704
1627893238825000,0,6663.35881310,0.00000705
1627893238825000,0,2664.56737790,0.00000705
1627893241670000,0,5616.18325622,0.00000705
1627893241670000,0,2246.47330249,0.00000705
1627893312405000,0,3718.71225331,0.00000705
1627893347592000,0,5489.25835706,0.00000704
1627893432199000,0,2670.07262452,0.00000705
1627893538153000,0,731.20000000,0.00000704
1627893538918000,1,2453.91224094,0.00000704
1627893623756000,0,2206.53701484,0.00000704
1627893658852000,1,731.20000000,0.00000705
1627893948923000,1,4262.21013348,0.00000704
1627893948924000,1,3978.06282223,0.00000704
1627893948976000,1,1989.03297774,0.00000704
1627893949881000,1,2360.66243861,0.00000704
1627894208436000,1,4991.25749921,0.00000704
1627894208441000,1,2094.79695925,0.00000704
1627894439262000,0,581.02866712,0.00000705
1627894439262000,0,1935.30385288,0.00000705
1627894541522000,0,4696.51491000,0.00000704
1627894543616000,1,9000.00000000,0.00000704
1627894543665000,1,1634.57194000,0.00000704
1627894853548000,0,1970.10945819,0.00000705
1627894853548000,0,4925.27363181,0.00000705
1627894853884000,0,0.00001366,0.00000705
1627894883789000,0,270.98600000,0.00000704
1627894883884000,0,0.00090349,0.00000704
1627894969777000,1,270.98600000,0.00000705
1627894994341000,1,291.61967375,0.00000705
1627895027206000,0,1808.63709000,0.00000704
1627895172042000,0,731.20000000,0.00000703
1627895172910000,1,1032.76180000,0.00000703
1627895226836000,0,1722.89768786,0.00000704
1627895226836000,0,4307.24420214,0.00000704
1627895262649000,0,1549.53316071,0.00000704
1627895288936000,1,731.20000000,0.00000705
1627895289114000,1,5829.80022000,0.00000705
1627895343529000,0,1662.58713087,0.00000705
1627895343529000,0,4156.11998092,0.00000705
1627895355579000,0,731.20000000,0.00000705
1627895357648000,0,802.31041772,0.00000705
1627895357648000,0,3822.93084228,0.00000705
1627895357719000,0,0.00000811,0.00000705
1627895491728000,1,3526.62625037,0.00000705
1627895494367000,1,1327.85280933,0.00000705
1627895535149000,1,527.85380230,0.00000705
1627895553614000,1,1286.04018589,0.00000705
1627895553619000,1,3215.10046473,0.00000705
1627895602834000,1,110.36800000,0.00000706
1627895639503000,0,2596.84029894,0.00000707
1627895639503000,0,1038.73610106,0.00000707
1627895641703000,1,620.83200000,0.00000707
1627895641769000,1,3627.93809000,0.00000707
1627895713894000,1,4256.37931000,0.00000706
1627895841741000,0,731.20000000,0.00000704
1627896079216000,0,1113.36716558,0.00000704
1627896079216000,0,2783.41790442,0.00000704
1627896079288000,0,0.00000952,0.00000704
1627896080225000,0,1114.74336024,0.00000705
1627896080225000,0,728.67008328,0.00000705
1627896080268000,0,2058.18831733,0.00000705
1627896110983000,0,867.42592116,0.00000706
1627896110983000,0,2168.56480289,0.00000706
1627896162728000,0,800.24962792,0.00000705
1627896162728000,0,2000.62405208,0.00000705
1627896446138000,1,731.20000000,0.00000706
1627896500011000,0,771.11599534,0.00000707
1627896500011000,0,1927.78997466,0.00000707
1627896554190000,0,1864.45533000,0.00000707
1627896720367000,1,1779.61050896,0.00000708
1627896787633000,1,1231.00000000,0.00000707
1627897373733000,0,731.20000000,0.00000705
1627897373863000,0,141.76014431,0.00000705
1627897373863000,0,2179.30913569,0.00000705
1627897555117000,1,731.20000000,0.00000705
1627897555190000,1,9920.67057325,0.00000705
1627897555190000,1,27694.88854359,0.00000705
1627897556987000,0,804.18667266,0.00000705
1627897556987000,0,2010.46667734,0.00000705
1627897557061000,0,0.00000431,0.00000705
1627897824738000,1,1507.06605348,0.00000705
1627897824738000,1,3867.05754878,0.00000705
1627897827743000,1,1608.09925033,0.00000705
1627897829689000,1,3766.02435193,0.00000705
1627897847994000,1,3477.33667734,0.00000705
1627897858746000,0,1408.65890062,0.00000705
1627897858746000,0,3521.64725156,0.00000705
1627897884498000,0,92.59842067,0.00000706
1627898105458000,0,3259.44929393,0.00000706
1627898105458000,0,1303.25604474,0.00000706
1627898227318000,1,4251.75300000,0.00000706
1627898412305000,1,9556.73196000,0.00000705
1627898456696000,0,12798.03505406,0.00000705
1627898456696000,0,1971.53413869,0.00000705
1627898456696000,0,4928.83532725,0.00000705
1627898551745000,1,4259.18565489,0.00000705
1627898551745000,1,8851.12306511,0.00000705
1627898551969000,1,1794.71718000,0.00000705
1627899129009000,0,20294.71718000,0.00000705
1627899129072000,0,731.20000000,0.00000705
1627899130693000,0,6435.71260000,0.00000705
1627899441636000,1,731.20000000,0.00000705
1627899442577000,1,3526.53754386,0.00000705
1627899442577000,1,10644.34384614,0.00000705
1627899509942000,1,4257.73754386,0.00000705
1627899509942000,1,1122.74730961,0.00000705
1627899510033000,1,9521.59655000,0.00000705
1627899514137000,1,0.00000004,0.00000705
1627899561436000,1,4257.73754386,0.00000705
1627899561436000,1,10644.34384614,0.00000705
1627899574688000,0,9509.08156519,0.00000705
1627899574688000,0,3803.63261481,0.00000705
1627899883563000,1,63.04293800,0.00000704
1627900099797000,0,731.20000000,0.00000705
1627900223271000,0,9569.90607345,0.00000706
1627900223271000,0,3827.96242938,0.00000706
1627900352607000,0,4588.39962253,0.00000705
1627900352607000,0,752.93922013,0.00000705
1627900374210000,1,5346.57239206,0.00000705
1627900611342000,1,731.20000000,0.00000705
1627901027758000,0,3444.75944641,0.00000706
1627901173819000,1,4237.84080000,0.00000706
1627901250420000,0,578.62500000,0.00000705
1627901252011000,0,0.00058963,0.00000705
1627901252011000,0,152.57441037,0.00000705
1627901430764000,1,4223.20544188,0.00000707
1627901430764000,1,27453.78967152,0.00000707
1627901430764000,1,10558.28062795,0.00000707
1627901430764000,1,5324.56837865,0.00000707
1627901467544000,0,10565.08292176,0.00000707
1627901467544000,0,4226.05567824,0.00000707
1627901696314000,0,4233.97161351,0.00000706
1627901696314000,0,10584.85442649,0.00000706
1627901744883000,1,86.47300000,0.00000707
1627902006081000,0,4210.38582000,0.00000706
1627902006749000,0,0.00000396,0.00000706
1627902006749000,0,86.47299604,0.00000706
1627902017901000,1,4329.11056000,0.00000707
1627902054988000,1,10568.04105000,0.00000708
1627902153123000,0,4243.41465540,0.00000706
1627902156405000,1,2125.29234460,0.00000706
1627902251761000,1,731.20000000,0.00000706
1627902684654000,0,4261.83619949,0.00000707
1627902684654000,0,10649.94701337,0.00000707
1627902733414000,0,4217.79489722,0.00000707
1627902791098000,0,4122.76028235,0.00000707
1627902791098000,0,10292.34293652,0.00000707
1627902942290000,0,2217.83386807,0.00000707
1627903196506000,1,5371.87139043,0.00000706
1627903196562000,0,731.20000000,0.00000706
1627903224277000,0,4772.73435008,0.00000707
1627903280880000,1,731.20000000,0.00000707
1627903319321000,0,15500.00000000,0.00000707
1627903319430000,0,731.20000000,0.00000707
1627903319452000,0,6648.52414926,0.00000707
1627903331264000,0,7925.42525594,0.00000708
1627903331264000,0,3151.49278406,0.00000708
1627903331833000,0,0.00001500,0.00000708
1627903336983000,0,5399.01451048,0.00000708
1627903423216000,1,2632.64814003,0.00000709
1627903423359000,1,6581.62035008,0.00000709
1627903728696000,1,731.20000000,0.00000708
1627904012450000,0,2124.33009016,0.00000708
1627904284577000,0,2873.32947755,0.00000709
1627904284577000,0,7183.32368245,0.00000709
1627904350948000,1,1644.43431304,0.00000710
1627904413258000,0,2705.21167432,0.00000710
1627904413258000,0,6763.02918581,0.00000710
1627904431179000,0,6229.69051271,0.00000710
1627904433948000,1,2351.51074878,0.00000710
1627904433954000,1,2995.83751012,0.00000710
1627904434067000,0,2882.93936182,0.00000710
1627904735304000,1,4217.28496633,0.00000712
1627904746935000,0,1098.41707000,0.00000712
1627904832078000,1,2774.26819085,0.00000712
1627904832079000,1,2797.34199595,0.00000712
1627905042135000,1,7527.36032000,0.00000710
1627905328014000,0,10586.96057424,0.00000710
1627905328014000,0,4234.78421576,0.00000710
1627905328220000,0,0.00001394,0.00000710
1627905446012000,0,6348.28755000,0.00000710
1627905526408000,1,5336.74393192,0.00000710
1627905526522000,0,5240.45016526,0.00000710
1627905529625000,1,9500.00000000,0.00000710
1627905545720000,0,10251.40082000,0.00000710
1627905564920000,1,4227.30509000,0.00000711
1627905618246000,1,2321.51889000,0.00000712
1627905645306000,1,4219.23693000,0.00000712
1627905725473000,0,9990.18586000,0.00000711
1627905877058000,0,5463.12378089,0.00000712
1627905877058000,0,3866.15285911,0.00000712
1627905916578000,1,3038.56907249,0.00000713
1627905916745000,1,2257.67755033,0.00000713
1627905916864000,0,1398.25695231,0.00000713
1627905928873000,1,7022.51117122,0.00000712
1627906002061000,1,4202.84691000,0.00000713
1627906120120000,1,27397.25752212,0.00000712
1627906187863000,1,137.48031000,0.00000710
1627906374884000,1,6331.74116000,0.00000713
1627906382476000,1,8000.00000000,0.00000712
1627906396193000,0,4229.50424201,0.00000712
1627906401485000,1,4348.92099000,0.00000712
1627906428708000,1,4269.45580000,0.00000711
1627906439145000,1,1000.00000000,0.00000710
1627906442914000,0,1005.52022596,0.00000710
1627906442914000,0,10687.44007404,0.00000710
1627906463439000,1,4268.92738000,0.00000711
1627906482890000,0,4269.15794232,0.00000711
1627906482890000,0,10672.89485581,0.00000711
1627906482890000,0,27718.31583187,0.00000711
1627906483143000,0,0.00001752,0.00000711
1627906486381000,1,4261.68498766,0.00000711
1627906486381000,1,10654.49634166,0.00000711
1627906486381000,1,27698.90805068,0.00000711
1627906516931000,1,4263.15350000,0.00000711
1627906541131000,0,4275.44320527,0.00000710
1627906554823000,0,4260.70000000,0.00000710
1627906554879000,0,0.00000449,0.00000710
1627906554879000,0,731.19999551,0.00000710
1627906611965000,0,4267.19192955,0.00000710
1627906611965000,0,10667.97982386,0.00000710
1627906645086000,0,4224.24890540,0.00000710
1627906645086000,0,10560.62225460,0.00000710
1627906845891000,0,3892.65909799,0.00000710
1627906845891000,0,9731.13483201,0.00000710
1627906864309000,0,5868.11241998,0.00000710
1627906957096000,1,3553.04248772,0.00000709
1627907012375000,1,10651.82055000,0.00000710
1627907014221000,0,3472.97938704,0.00000710
1627907014221000,0,26.69788026,0.00000710
1627907025100000,0,8655.75058000,0.00000710
1627907194443000,1,4263.24782404,0.00000709
1627907194443000,1,10658.27712596,0.00000709
1627907198153000,0,4147.77200417,0.00000709
1627907198153000,0,10369.43000583,0.00000709
1627907209701000,1,4263.96941470,0.00000709
1627907209701000,1,10655.46094857,0.00000709
1627907209701000,1,27704.63704673,0.00000709
1627907240014000,1,4263.75723000,0.00000708
1627907269316000,0,6420.76629532,0.00000708
1627907312742000,0,2142.97169000,0.00000707
1627907312928000,0,0.00000085,0.00000707
1627907423653000,1,4283.74756000,0.00000706
1627907424553000,0,4300.43688000,0.00000706
1627907426587000,0,0.00000052,0.00000706
1627907500247000,0,10766.55883023,0.00000706
1627907500247000,0,4306.68480977,0.00000706
1627907501931000,1,4305.69675588,0.00000706
1627907501931000,1,10763.18916714,0.00000706
1627907530177000,1,4304.86108462,0.00000706
1627907530177000,1,10762.82326538,0.00000706
1627907593803000,0,4309.59755823,0.00000707
1627907601552000,0,4308.53072054,0.00000707
1627907601552000,0,10747.43672022,0.00000707
1627907668518000,0,3474.52180000,0.00000707
1627907668602000,0,817.53894133,0.00000707
1627907668602000,0,3474.52179867,0.00000707
1627907668685000,0,7255.63005465,0.00000707
1627907693943000,0,4298.14014748,0.00000706
1627907693943000,0,10745.35035252,0.00000706
1627907693970000,0,0.00001618,0.00000706
1627907782802000,0,4231.25651959,0.00000706
1627907782802000,0,10578.14128041,0.00000706
1627907805528000,0,3891.57981000,0.00000706
1627907983270000,1,5395.50501931,0.00000707
1627907987757000,1,3682.31706497,0.00000707
1627908004007000,1,1713.18795434,0.00000707
1627908004133000,0,5395.50501931,0.00000707
1627908004199000,0,1889.67638310,0.00000707
1627908004199000,0,3599.34774270,0.00000707
1627908356022000,0,3315.49157624,0.00000708
1627908356022000,0,2072.34274563,0.00000708
1627908359385000,0,1930.52328098,0.00000708
1627908364632000,0,3150.59595525,0.00000708
1627908364632000,0,2237.54986462,0.00000708
1627908364722000,0,5638.94002000,0.00000708
1627908364794000,0,0.00000351,0.00000708
1627908389495000,0,2902.13608000,0.00000708
1627908389571000,0,0.00000673,0.00000708
1627908441003000,0,2836.74579587,0.00000709
1627908441003000,0,7091.86447413,0.00000709
1627908832015000,1,1118.24882599,0.00000709
1627908832041000,1,4253.49506137,0.00000709
1627908832138000,0,2279.08328545,0.00000709
1627908940764000,1,731.20000000,0.00000710
1627909124099000,1,1190.58574909,0.00000710
1627909124275000,1,4182.12908000,0.00000710
1627909213946000,0,4138.34019000,0.00000710
1627909245344000,0,3800.40278000,0.00000710
1627909246058000,0,0.00000432,0.00000710
1627909276410000,0,2217.87081655,0.00000710
1627909276410000,0,5544.67704138,0.00000710
1627909377956000,0,2042.97561038,0.00000708
1627909412671000,0,731.20000000,0.00000708
1627909412914000,0,1982.27340000,0.00000708
1627909528980000,0,1935.80434931,0.00000709
1627909528980000,0,4839.51086069,0.00000709
1627909610115000,1,731.20000000,0.00000710
1627909610534000,1,3099.25788974,0.00000710
1627909610553000,1,431.46065771,0.00000710
1627909630649000,1,8594.89321675,0.00000710
1627909630649000,1,18755.94772325,0.00000710
1627909630704000,1,1000.00000000,0.00000710
1627909639775000,1,3754.71455076,0.00000709
1627909686130000,0,2483.61808369,0.00000709
1627909686130000,0,6207.18081631,0.00000709
1627909860375000,0,4065.99277000,0.00000707
1627909873313000,0,5954.51056877,0.00000708
1627909873313000,0,2383.93746123,0.00000708
1627909967740000,1,1889.60984967,0.00000708
1627909969600000,1,3508.89587344,0.00000708
1627909970793000,0,1758.21945340,0.00000708
1627910134045000,0,731.20000000,0.00000708
1627910152214000,0,4822.79284000,0.00000708
1627910152375000,0,1929.11713868,0.00000708
1627910445363000,0,4682.95540000,0.00000708
1627910470664000,1,1705.47872855,0.00000708
1627910470666000,1,4419.16710349,0.00000708
1627910602428000,1,4267.14073000,0.00000708
1627910965422000,0,2147.82131000,0.00000709
1627910967551000,1,4258.08951415,0.00000709
1627910967551000,1,10642.48462647,0.00000709
1627910967551000,1,27668.01049938,0.00000709
1627911011191000,0,2132.83222689,0.00000709
1627911011191000,0,4259.33935311,0.00000709
1627911638292000,1,0.50661341,0.00000709
1627911638292000,1,26184.10922659,0.00000709
1627911638658000,1,731.20000000,0.00000709
1627911638780000,1,624.50145000,0.00000709
1627911705009000,1,4240.73493000,0.00000709
1627911748303000,1,5365.83281810,0.00000709
1627911861339000,0,0.12135230,0.00000708
1627911919351000,0,4252.99832326,0.00000708
1627911924735000,0,4253.19081000,0.00000708
1627911932498000,1,5366.60748909,0.00000708
1627912310103000,0,5366.21651393,0.00000708
1627912347629000,1,5365.74108749,0.00000708
1627912351599000,1,4250.50294926,0.00000708
1627912353791000,1,1115.23813823,0.00000708
1627912353932000,1,4250.50294926,0.00000708
1627912362393000,0,731.20000000,0.00000708
1627912362519000,0,3518.26064763,0.00000708
1627912372288000,0,4250.50294926,0.00000708
1627912374724000,0,5364.79171745,0.00000708
1627912433452000,1,1500.00000000,0.00000708
1627912433469000,1,731.20000000,0.00000708
1627912433511000,1,3000.00000000,0.00000708
1627912433563000,1,1000.00000000,0.00000708
1627912516199000,0,12010.00000000,0.00000709
1627912516199000,0,2602.04557000,0.00000709
1627912516282000,0,8016.82547969,0.00000709
1627912516282000,0,4246.66855031,0.00000709
1627912525454000,1,4235.37439000,0.00000710
1627912847175000,0,731.20000000,0.00000709
1627912933236000,1,731.20000000,0.00000709
1627912970196000,0,731.20000000,0.00000709
1627913083055000,0,4216.37026765,0.00000710
1627913083055000,0,10540.68964235,0.00000710
1627913083187000,0,0.00001325,0.00000710
1627913083821000,0,4208.12729343,0.00000711
1627913083821000,0,8868.11163285,0.00000711
1627913113671000,0,3589.39075872,0.00000711
1627913113834000,0,5328.74305124,0.00000711
1627913139443000,1,731.20000000,0.00000710
1627913183149000,1,4211.25698000,0.00000710
1627913607762000,0,731.20000000,0.00000710
1627913607892000,0,3487.84042820,0.00000710
1627913607892000,0,10547.60106180,0.00000710
1627913753418000,0,4221.01853260,0.00000710
1627913781277000,0,4227.87866915,0.00000710
1627913781277000,0,10569.69666085,0.00000710
1627913851169000,1,63.04294397,0.00000710
1627913873807000,1,23193.08709835,0.00000710
1627913873807000,1,306.91290165,0.00000710
1627913899217000,1,4217.73909361,0.00000710
1627913899221000,1,1104.45067252,0.00000710
1627913899314000,0,5322.18976613,0.00000710
1627914257784000,0,4220.47637762,0.00000711
1627914257784000,0,936.95362238,0.00000711
1627914329376000,1,731.20000000,0.00000711
1627914470349000,0,731.20000000,0.00000711
1627914503850000,0,4217.17418000,0.00000711
1627914583085000,1,731.20000000,0.00000711
1627914629703000,0,731.20000000,0.00000711
1627914882746000,1,731.20000000,0.00000710
1627915105883000,0,4032.76466331,0.00000711
1627915254793000,0,1.87755445,0.00000711
1627915254793000,0,10556.65656555,0.00000711
1627915278078000,1,4215.28273000,0.00000712
1627915378802000,0,4219.66668237,0.00000711
1627915419181000,0,4219.38818576,0.00000711
1627916084824000,0,731.20000000,0.00000710
1627916085451000,0,1317.12821350,0.00000710
1627916309392000,1,731.20000000,0.00000711
1627916473510000,1,4217.18342838,0.00000710
1627916596213000,1,8440.26331000,0.00000710
1627916703174000,1,3641.72214386,0.00000709
1627916715983000,0,731.20000000,0.00000709
1627917224574000,0,4207.75007769,0.00000711
1627917224574000,0,10519.22975922,0.00000711
1627917395371000,1,4202.93935000,0.00000710
1627917930632000,0,543.12000000,0.00000712
1627918137362000,1,731.20000000,0.00000710
1627918206281000,0,731.20000000,0.00000711
1627918214574000,1,375.70000000,0.00000710
1627918497120000,0,564.00000000,0.00000710
1627918800151000,0,5319.36376709,0.00000710
1627918866103000,0,4210.60237256,0.00000710
1627918866103000,0,1108.44744199,0.00000710
1627918866140000,0,9418.05848942,0.00000710
1627918931297000,0,4219.66963810,0.00000709
1627918931297000,0,1110.33760933,0.00000709
1627918931342000,0,9438.83648591,0.00000709
1627918968404000,1,3502.39506509,0.00000709
1627918987611000,1,3604.95375983,0.00000709
1627919197998000,1,3527.36783456,0.00000708
1627919200759000,0,3582.68309792,0.00000708
1627919312069000,1,3522.27722545,0.00000708
1627919317573000,1,3516.43903142,0.00000708
1627919661798000,0,3231.28965254,0.00000707
1627919661891000,0,707.07216406,0.00000707
1627919661903000,0,290.62390692,0.00000707
1627919661903000,0,3584.27604779,0.00000707
1627919925894000,1,731.20000000,0.00000706
1627919979739000,0,731.20000000,0.00000705
1627919979837000,0,3503.45403000,0.00000705
1627919979908000,0,0.00000723,0.00000705
1627919979908000,0,10586.63508277,0.00000705
1627920060991000,1,4233.41305899,0.00000706
1627920073397000,1,4233.36507000,0.00000706
1627920081388000,1,731.20000000,0.00000706
1627920325063000,0,731.20000000,0.00000705
1627920366541000,1,4226.55906000,0.00000706
1627920366945000,1,0.00000997,0.00000706
1627920366945000,1,10590.95087003,0.00000706
1627920403075000,0,5347.66585236,0.00000706
1627920403189000,0,27499.49483647,0.00000707
1627920403223000,0,3395.65972000,0.00000708
1627920403976000,0,22907.05906151,0.00000709
1627920418461000,0,2198.07100702,0.00000708
1627920418461000,0,5495.17751754,0.00000708
1627920427178000,1,3220.89680000,0.00000709
1627920429889000,1,10531.92496000,0.00000709
1627920430052000,1,0.00000728,0.00000709
1627920430052000,1,11499.99999272,0.00000709
1627920449150000,1,10518.93841901,0.00000709
1627920449150000,1,6308.79965099,0.00000709
1627920449210000,1,21034.51489903,0.00000709
1627920449210000,1,4205.37942097,0.00000709
1627920476917000,1,731.20000000,0.00000709
1627920493870000,0,1.73004567,0.00000710
1627920493870000,0,10515.44358762,0.00000710
1627920496507000,1,10508.44452000,0.00000710
1627920510111000,1,4201.28313000,0.00000710
1627920534510000,1,4203.17715000,0.00000710
1627920547615000,1,4204.05943000,0.00000710
1627920558380000,1,4203.65673542,0.00000710
1627921094106000,0,7068.99643155,0.00000708
1627921194789000,1,12628.92328000,0.00000707
1627921241792000,0,4208.40452339,0.00000708
1627921241792000,0,10520.67887392,0.00000708
1627921362514000,0,4.62046622,0.00000707
1627921362514000,0,726.57953378,0.00000707
1627921362606000,0,9781.98196000,0.00000707
1627921364001000,0,27289.36220726,0.00000708
1627921364001000,0,4201.00619793,0.00000708
1627921364001000,0,10502.40123974,0.00000708
1627921463886000,0,27245.63533288,0.00000709
1627921463886000,0,4196.17817798,0.00000709
1627921463886000,0,10490.44544496,0.00000709
1627921464630000,0,27227.14336000,0.00000710
1627921464850000,0,0.00000083,0.00000710
1627921647774000,0,2846.32049095,0.00000711
1627921687749000,0,4741.70437000,0.00000711
1627921800399000,1,5287.85092738,0.00000710
1627921800551000,1,3190.91094251,0.00000710
1627921804818000,1,2096.93998487,0.00000710
1627921804954000,1,2999.87010728,0.00000710
1627921853807000,1,731.20000000,0.00000710
1627922056928000,1,3327.72635951,0.00000710
1627922057055000,1,2995.78748829,0.00000710
1627922872352000,0,3280.33185929,0.00000711
1627922872352000,0,8200.82963071,0.00000711
1627922872444000,0,0.00001752,0.00000711
1627922878605000,0,3048.88930970,0.00000711
1627922882939000,0,7289.46123425,0.00000711
1627922914781000,0,2767.47011988,0.00000711
1627922940145000,0,2790.28130178,0.00000711
1627922940145000,0,6975.70325444,0.00000711
1627923010899000,0,731.20000000,0.00000711
1627923025575000,1,731.20000000,0.00000711
1627923144291000,0,2632.59325498,0.00000711
1627923144291000,0,2673.22611552,0.00000711
1627923144362000,0,3908.25702194,0.00000711
1627923360577000,0,731.20000000,0.00000710
1627923403365000,1,731.20000000,0.00000710
1627923739410000,1,4205.27890000,0.00000709
1627923743117000,0,731.20000000,0.00000708
1627923743269000,0,2039.01198089,0.00000708
1627923815273000,0,6764.13183022,0.00000709
1627923815273000,0,2704.58151978,0.00000709
1627923848184000,1,2771.86535001,0.00000709
1627923943655000,1,731.20000000,0.00000709
1627923943727000,1,3465.44114000,0.00000709
1627924290728000,1,4205.90912000,0.00000709
1627924684231000,0,2840.81379770,0.00000709
1627924684231000,0,7092.03161230,0.00000709
1627924718319000,1,2267.21453418,0.00000709
1627924762191000,1,4212.51406308,0.00000709
1627924762191000,1,10525.43274492,0.00000709
1627924762191000,1,27359.20939200,0.00000709
1627924809020000,0,9859.60653000,0.00000709
1627924872609000,0,2234.86130435,0.00000710
1627924872722000,0,1787.00504709,0.00000710
1627924872722000,0,10054.56931291,0.00000710
1627924978784000,0,7252.47000000,0.00000710
1627925044498000,0,731.20000000,0.00000709
1627925054824000,1,731.20000000,0.00000709
1627925451500000,0,731.20000000,0.00000708
1627925485365000,1,731.20000000,0.00000708
1627925833800000,0,731.20000000,0.00000708
1627926082944000,1,731.20000000,0.00000707
1627926323949000,0,731.20000000,0.00000707
1627926592502000,1,731.20000000,0.00000707
1627927157528000,0,7270.87583000,0.00000706
1627927253821000,0,731.20000000,0.00000706
1627927698841000,1,731.20000000,0.00000706
1627927747321000,1,4231.34664359,0.00000706
1627927804754000,0,731.20000000,0.00000706
1627927950151000,1,731.20000000,0.00000707
1627928126811000,1,10609.20409000,0.00000706
1627928858033000,0,3548.99427509,0.00000705
1627928884882000,0,731.20000000,0.00000705
1627929020546000,1,500.00000000,0.00000704
1627929100657000,1,2103.41393000,0.00000705
1627929120708000,1,4236.14097000,0.00000705
1627929263571000,1,18500.00000000,0.00000704
1627929263655000,1,731.20000000,0.00000704
1627929263827000,1,10579.41233488,0.00000704
1627929263827000,1,4234.92362954,0.00000704
1627929292032000,0,6356.04061000,0.00000704
1627929584195000,0,4243.65909064,0.00000705
1627929584195000,0,10599.68842936,0.00000705
1627929584209000,0,0.00000256,0.00000705
1627929585195000,1,4238.84823000,0.00000705
1627930414000000,0,731.20000000,0.00000704
1627930534292000,1,731.20000000,0.00000704
1627930577028000,0,4245.82300940,0.00000705
1627930577028000,0,10614.48904060,0.00000705
1627930579856000,1,4245.61817401,0.00000705
1627930579856000,1,10610.56896599,0.00000705
1627930644494000,1,4233.03600000,0.00000705
1627931029367000,1,1408.00424328,0.00000704
1627931395080000,0,6366.50102000,0.00000704
1627931675195000,1,19008.39537000,0.00000704
1627931675391000,1,10602.11490551,0.00000704
1627931675391000,1,4241.78807898,0.00000704
1627931718132000,0,731.20000000,0.00000703
1627931718265000,0,3520.74993350,0.00000703
1627931723991000,1,10622.77912213,0.00000703
1627931723993000,1,11.16851437,0.00000703
1627931792677000,1,23654.69757000,0.00000703
1627931792677000,1,731.20000000,0.00000703
1627931844546000,1,13000.00000000,0.00000702
1627931864836000,0,248.21500000,0.00000702
1627931880912000,1,248.21500000,0.00000702
1627932058056000,0,731.20000000,0.00000703
1627932156235000,1,4267.74598694,0.00000704
1627932271139000,1,731.20000000,0.00000704
1627932685735000,1,4263.42601079,0.00000704
1627932685735000,1,7736.57398921,0.00000704
1627932857160000,0,3551.76834036,0.00000704
1627932864168000,1,4277.67336526,0.00000704
1627933052430000,1,3000.00000000,0.00000705
1627933179910000,0,731.20000000,0.00000704
1627933180051000,0,9966.41162000,0.00000704
1627933253191000,0,4276.50674675,0.00000704
1627933253191000,0,10691.26685325,0.00000704
1627933690988000,1,731.20000000,0.00000706
1627933771727000,0,5422.60683486,0.00000705
1627933771727000,0,4287.64691193,0.00000705
1627933771727000,0,10719.11726321,0.00000705
1627933928768000,0,6428.88561000,0.00000705
1627933936771000,0,19000.00000000,0.00000706
1627933954869000,1,4280.32107000,0.00000706
1627934013342000,0,4288.73095456,0.00000707
1627934013342000,0,4282.99198796,0.00000707
1627934116094000,1,4287.35130201,0.00000706
1627934116094000,1,10716.00946799,0.00000706
1627934353292000,1,27870.03468887,0.00000705
1627934353292000,1,3210.44825113,0.00000705
1627934353816000,1,7511.16996825,0.00000705
1627934353816000,1,4289.87483175,0.00000705
1627934353890000,1,0.00001215,0.00000705
1627934360678000,0,10734.76248000,0.00000705
1627934382832000,0,2146.70970000,0.00000705
1627934434245000,0,731.20000000,0.00000705
1627934438781000,0,4291.12847467,0.00000706
1627934438781000,0,10727.57801533,0.00000706
1627934490834000,0,4285.23182218,0.00000707
1627934490834000,0,10712.90690782,0.00000707
1627934519151000,1,731.20000000,0.00000707
1627934520821000,1,3544.97169000,0.00000707
1627934525860000,1,5406.55350677,0.00000706
1627934525860000,1,27796.50083666,0.00000706
1627934525860000,1,10691.52966059,0.00000706
1627934525860000,1,4276.17169649,0.00000706
1627934541083000,1,4276.22008000,0.00000707
1627934569488000,1,4282.59191000,0.00000706
1627934622421000,1,4289.43198000,0.00000707
1627934696807000,1,3193.69774160,0.00000705
1627934707823000,0,10749.15794000,0.00000705
1627934748560000,0,6461.23828722,0.00000706
1627934748560000,0,4307.16965278,0.00000706
1627934757670000,0,4305.26016000,0.00000706
1627934796144000,0,10749.93115000,0.00000707
1627934811732000,1,10745.99244121,0.00000707
1627934811732000,1,7860.06598879,0.00000707
1627934815521000,1,3000.00000000,0.00000708
1627934855079000,0,10832.32774000,0.00000706
1627934855138000,0,0.00000837,0.00000706
1627935182277000,1,1332.32774000,0.00000707
1627935224098000,0,6473.74571952,0.00000707
1627935224098000,0,4319.09186281,0.00000707
1627935224098000,0,5463.76523767,0.00000707
1627935310312000,1,4321.16802256,0.00000706
1627935310312000,1,5178.83197744,0.00000706
1627935340657000,0,28167.08347437,0.00000706
1627935340657000,0,4332.62675526,0.00000706
1627935340657000,0,10831.30846255,0.00000706
1627935413620000,1,1421.85372000,0.00000707
1627935502547000,1,4328.27988703,0.00000707
1627935515310000,0,731.20000000,0.00000706
1627935515749000,0,10101.56080000,0.00000706
1627935627658000,1,5463.75120757,0.00000706
1627935735340000,0,3890.09641725,0.00000707
1627935735340000,0,9725.11986275,0.00000707
1627935753235000,1,731.20000000,0.00000707
1627935753401000,1,4311.59079000,0.00000707
1627935753651000,1,0.00000471,0.00000707
1627935758973000,0,731.20000000,0.00000706
1627935759070000,0,8188.19089000,0.00000706
1627935833700000,0,4450.85834000,0.00000706
1627935890905000,1,2353.94718120,0.00000706
1627936155017000,1,731.20000000,0.00000706
1627936155099000,1,1242.98699000,0.00000706
1627936186650000,1,4307.70784177,0.00000706
1627936186650000,1,10763.29669950,0.00000706
1627936186650000,1,27976.69750873,0.00000706
1627936254039000,0,731.20000000,0.00000705
1627936254240000,0,5736.43599000,0.00000705
1627936281802000,1,731.20000000,0.00000705
1627936411289000,0,2935.41721801,0.00000706
1627936414511000,0,843.00000000,0.00000706
1627936491563000,0,6487.86475000,0.00000706
1627936695105000,0,0.89211173,0.00000707
1627936695105000,0,10805.42344827,0.00000707
1627936768029000,1,2500.00000000,0.00000707
1627936809707000,0,4336.06069000,0.00000706
1627936809850000,0,0.00000528,0.00000706
1627936809850000,0,731.19999472,0.00000706
1627936809875000,0,10108.95174347,0.00000706
1627936857835000,0,4333.89814000,0.00000706
1627936889009000,1,65.79978288,0.00000706
1627936969403000,1,5459.92042265,0.00000706
1627936969494000,0,5342.73026437,0.00000706
1627936969494000,0,117.19015828,0.00000706
1627937161374000,1,731.20000000,0.00000707
1627937274592000,0,731.20000000,0.00000706
1627937311640000,1,731.20000000,0.00000706
1627937312649000,1,3602.60081000,0.00000706
1627937316467000,1,4333.73327000,0.00000706
1627937652497000,0,731.20000000,0.00000705
1627937652586000,0,10096.61715602,0.00000705
1627937652586000,0,4331.12685398,0.00000705
1627937764337000,1,1337.81668296,0.00000705
1627937764384000,1,425.61703830,0.00000705
1627937764590000,1,731.20000000,0.00000705
1627937768188000,1,1846.54012649,0.00000705
1627937833787000,0,731.20000000,0.00000704
1627937833908000,0,3608.47745573,0.00000704
1627937833908000,0,10849.19362427,0.00000704
1627937884850000,0,2174.52389741,0.00000704
1627937923954000,0,10834.92061272,0.00000705
1627937923954000,0,4334.12217704,0.00000705
1627937958730000,0,6511.68551000,0.00000704
1627938003822000,0,10834.73959018,0.00000705
1627938003822000,0,4334.17891982,0.00000705
1627938129669000,1,10225.54386193,0.00000704
1627938134859000,0,3771.32916066,0.00000704
1627938134859000,0,9428.32289934,0.00000704
1627938134970000,0,0.00000230,0.00000704
1627938170656000,1,731.20000000,0.00000705
1627938219466000,1,10811.70438848,0.00000704
1627938219466000,1,4188.29561152,0.00000704
1627938219627000,1,137.04721131,0.00000704
1627938253536000,0,4332.34954159,0.00000704
1627938253536000,0,10830.68190841,0.00000704
1627938297768000,0,731.20000000,0.00000704
1627938297852000,0,9102.15010000,0.00000704
1627938323617000,0,22793.45968146,0.00000705
1627938323617000,0,3711.77538888,0.00000705
1627938323617000,0,9279.43847219,0.00000705
1627938324517000,0,9279.40118515,0.00000706
1627938324517000,0,3711.76047406,0.00000706
1627938325637000,1,4314.12066000,0.00000706
1627938519366000,1,731.20000000,0.00000705
1627938871549000,0,866.96829968,0.00000705
1627939184546000,0,731.20000000,0.00000704
1627940297077000,0,3349.65312673,0.00000705
1627940297077000,0,8362.27143889,0.00000705
1627940306064000,0,6526.87967587,0.00000705
1627940330668000,0,2938.69794180,0.00000705
1627940330668000,0,7346.74485449,0.00000705
1627940387156000,1,365.60000000,0.00000705
1627940388167000,1,365.60000000,0.00000705
1627940411015000,1,4298.35427191,0.00000705
1627940411015000,1,1143.37258227,0.00000705
1627940411078000,1,9602.51309750,0.00000705
1627940666407000,0,3333.39873425,0.00000703
1627940666407000,0,3062.41042575,0.00000703
1627940676891000,1,4306.81006222,0.00000703
1627940676891000,1,10766.49933356,0.00000703
1627940676891000,1,27990.83595422,0.00000703
1627940688787000,0,3258.87369000,0.00000702
1627940688846000,0,0.00000272,0.00000702
1627940688846000,0,10029.11677728,0.00000702
1627940860579000,0,5440.04469268,0.00000704
1627940860579000,0,24101.43951981,0.00000704
1627940860579000,0,3661.27018578,0.00000704
1627940860579000,0,5420.43025578,0.00000705
1627940860579000,0,3637.14306532,0.00000705
1627940860579000,0,3615.98433844,0.00000705
1627940860579000,0,11649.00000000,0.00000706
1627940860579000,0,5436.61952733,0.00000706
1627940860579000,0,91226.29000000,0.00000706
1627940860579000,0,15478.09471540,0.00000708
1627940860579000,0,117205.00000000,0.00000708
1627940860806000,1,3468.57027000,0.00000706
1627940861788000,1,3883.29323391,0.00000707
1627940862055000,1,3468.57027000,0.00000707
1627940873556000,0,11683.76589839,0.00000710
1627940890997000,0,1262.12240544,0.00000708
1627940890997000,0,3155.30600456,0.00000708
1627940893293000,0,1161.56776782,0.00000709
1627940893293000,0,2903.91940218,0.00000709
1627940895382000,1,4268.72726000,0.00000709
1627940901353000,1,273.76390461,0.00000709
1627940901353000,1,4726.23609539,0.00000709
1627940924194000,1,10417.15970000,0.00000710
1627940928598000,1,12000.00000000,0.00000709
1627940934748000,0,2428.73620000,0.00000709
1627940962762000,1,1855.54766967,0.00000709
1627941353374000,0,11789.27986357,0.00000711
1627941353374000,0,4534.33840906,0.00000711
1627941353374000,0,1813.73534737,0.00000711
1627941392856000,0,1405.07013188,0.00000711
1627941392856000,0,3512.67532971,0.00000711
1627941493593000,0,275.68088409,0.00000712
1627941520510000,1,2752.32757322,0.00000712
1627941688261000,0,9262.62473320,0.00000712
1627941688261000,0,1426.45578348,0.00000712
1627941688261000,0,3566.13945870,0.00000712
1627941755237000,0,2385.50032000,0.00000711
1627941761068000,0,7177.74165954,0.00000712
1627942065520000,1,3573.00000000,0.00000712
1627942065520000,1,5364.00250875,0.00000712
1627942065520000,1,65101.55749125,0.00000712
1627942065642000,1,19605.95751000,0.00000712
1627942065841000,1,3500.00000000,0.00000712
1627942066464000,1,2809.97618509,0.00000711
1627942066479000,1,1432.28957116,0.00000711
1627942066479000,1,3901.75664498,0.00000711
1627942066482000,1,6701.37378861,0.00000711
1627942066482000,1,27638.01964857,0.00000711
1627942067021000,1,803.96040082,0.00000711
1627942068271000,0,27668.48301000,0.00000711
1627942068426000,0,4254.54984000,0.00000711
1627942068489000,0,0.00000292,0.00000711
1627942068489000,0,10636.19630708,0.00000711
1627942068597000,0,0.00000374,0.00000711
1627942068597000,0,17017.64763626,0.00000711
1627942068661000,0,10636.19631000,0.00000711
1627942070060000,1,2536.32234283,0.00000711
1627942116825000,1,4247.20546000,0.00000711
1627942118107000,0,2150.44742000,0.00000711
1627942118716000,0,0.00000005,0.00000711
1627942137287000,0,2197.69082905,0.00000712
1627942137287000,0,5494.22706095,0.00000712
1627942138040000,0,0.00001169,0.00000712
1627942277775000,1,4249.79674553,0.00000712
1627942277775000,1,10615.53151238,0.00000712
1627942277775000,1,27595.14385392,0.00000712
1627942278676000,1,2843.82783502,0.00000711
1627942278679000,1,1407.01177738,0.00000711
1627942278679000,1,3596.59281802,0.00000711
1627942278750000,1,2391.47688890,0.00000711
1627942278806000,1,4639.18912888,0.00000711
1627942278806000,1,5208.06864897,0.00000711
1627942278817000,1,2304.37742058,0.00000711
1627942278860000,1,17814.32707714,0.00000711
1627942278861000,1,787.91910907,0.00000711
1627942278889000,1,475.01934395,0.00000711
1627942278898000,1,984.72577778,0.00000711
1627942281414000,0,3571.50808000,0.00000711
1627942306459000,1,4253.65623151,0.00000711
1627942327834000,0,4263.84484000,0.00000709
1627942329007000,0,0.00000278,0.00000709
1627942329007000,0,10659.61209722,0.00000709
1627942382198000,0,4262.35078562,0.00000709
1627942400626000,0,365.60000000,0.00000709
1627942400661000,0,27710.50605240,0.00000709
1627942419702000,0,10645.45717000,0.00000710
1627942476320000,1,254.99220000,0.00000709
1627942532965000,0,5398.66821510,0.00000708
1627942532965000,0,4272.83237974,0.00000708
1627942532965000,0,10682.08094936,0.00000708
1627942534010000,0,4261.65082066,0.00000710
1627942534010000,0,1662.64495398,0.00000710
1627942534168000,0,5199.88751692,0.00000710
1627942534281000,0,3791.49914193,0.00000710
1627942550574000,0,2950.11623007,0.00000710
1627942578983000,1,365.60000000,0.00000710
1627942579094000,1,3290.64389194,0.00000710
1627942581700000,1,3113.52511000,0.00000709
1627942590775000,0,8910.99406996,0.00000709
1627942590775000,0,3629.42961004,0.00000709
1627942596675000,1,4261.58487809,0.00000709
1627942596675000,1,10278.83880191,0.00000709
1627942597049000,1,373.31988068,0.00000709
1627942597049000,1,1899.50059852,0.00000709
1627942663754000,0,6909.76478000,0.00000707
1627942715170000,0,3572.74765799,0.00000708
1627942715170000,0,8931.63690201,0.00000708
1627942720206000,1,4264.20669000,0.00000708
1627942735219000,1,4264.33924000,0.00000708
1627942848212000,0,365.60000000,0.00000706
1627942861752000,1,3100.90126000,0.00000706
1627943102230000,1,1005.20828880,0.00000704
1627943119911000,0,493.14801198,0.00000704
1627943204791000,1,4274.72736000,0.00000704
1627943219004000,1,2593.67106000,0.00000705
1627943248474000,0,3426.57476940,0.00000705
1627943248474000,0,8566.37145060,0.00000705
1627943304569000,1,4267.10401895,0.00000705
1627943304569000,1,3572.99999105,0.00000705
1627943317072000,0,7463.10678000,0.00000705
1627943343999000,0,3184.02611850,0.00000705
1627943343999000,0,7960.06529626,0.00000705
1627943343999000,0,20539.48835481,0.00000706
1627943343999000,0,5390.48082899,0.00000706
1627943343999000,0,3541.30930285,0.00000706
1627943344091000,0,11144.09140000,0.00000705
1627943344164000,0,1080.95553472,0.00000705
1627943344177000,0,5451.42300000,0.00000705
1627943344235000,0,3189.38204845,0.00000706
1627943344235000,0,3671.13263108,0.00000706
1627943344350000,0,1270.10000000,0.00000706
1627943344361000,0,3032.14067729,0.00000706
1627943361158000,1,4232.55830000,0.00000711
1627943361577000,1,0.00000223,0.00000711
1627943361577000,1,10576.94517674,0.00000711
1627943361577000,1,22301.50522103,0.00000710
1627943361960000,1,3570.18932614,0.00000710
1627943362060000,1,1659.73211785,0.00000710
1627943362060000,1,10576.94516215,0.00000710
1627943362367000,1,0.00001459,0.00000710
1627943362367000,1,4232.55829541,0.00000710
1627943371610000,0,21500.00000000,0.00000710
1627943371943000,0,440.92333000,0.00000710
1627943389162000,1,27499.09072553,0.00000710
1627943389162000,1,4233.95210376,0.00000710
1627943389162000,1,9836.12100071,0.00000710
1627943395494000,0,1689.40518000,0.00000710
1627943395722000,0,0.00000676,0.00000710
1627943395722000,0,4223.51296690,0.00000710
1627943399902000,1,4230.69537782,0.00000711
1627943399902000,1,10576.35084342,0.00000711
1627943399902000,1,5347.44479504,0.00000711
1627943399902000,1,8034.91416372,0.00000711
1627943401574000,0,1758.78387119,0.00000711
1627943417982000,0,1757.82213728,0.00000712
1627943417982000,0,4850.99705272,0.00000712
1627943459894000,1,365.60000000,0.00000711
1627943494700000,0,174.81922940,0.00000712
1627943494700000,0,1757.80468060,0.00000712
1627943504676000,0,1718.39030000,0.00000712
1627943523079000,1,3500.00000000,0.00000712
1627943523094000,1,2502.86359843,0.00000712
1627943528703000,0,11971.34765000,0.00000712
1627943611257000,1,2927.64569000,0.00000714
1627943616962000,1,4212.26061000,0.00000714
1627943617167000,1,0.00000607,0.00000714
1627943627552000,0,1850.07180257,0.00000713
1627943627552000,0,11249.26577743,0.00000713
1627943655576000,0,3830.13259212,0.00000714
1627943655576000,0,1531.06733788,0.00000714
1627943656020000,0,0.00000542,0.00000714
1627943656020000,0,365.59999458,0.00000714
1627943772230000,0,1403.38370000,0.00000714
1627943789133000,1,3448.33779000,0.00000714
1627943789145000,1,365.60000000,0.00000714
1627943789146000,1,23563.24351732,0.00000714
1627943789146000,1,5321.54344642,0.00000714
1627943789146000,1,3538.53785436,0.00000714
1627943789146000,1,3520.06088322,0.00000713
1627943789146000,1,5324.94797984,0.00000713
1627943789146000,1,3410.49769000,0.00000713
1627943789146000,1,3533.21140500,0.00000713
1627943789146000,1,5327.93739043,0.00000712
1627943789151000,0,88342.46000000,0.00000712
1627943789382000,0,53308.04658843,0.00000712
1627943789616000,1,2373.32229053,0.00000711
1627943790160000,1,7984.62099634,0.00000709
1627943790164000,1,5334.10000000,0.00000709
1627943790166000,1,2166.12547122,0.00000709
1627943790270000,1,12023.28811104,0.00000709
1627943790270000,1,4232.02070440,0.00000709
1627943790270000,1,10580.05176100,0.00000709
1627943790277000,1,2547.94211689,0.00000709
1627943790398000,0,31544.80404000,0.00000710
1627943790461000,0,89500.00000000,0.00000710
1627943791630000,1,1486.91129105,0.00000708
1627943794150000,0,2770.78474650,0.00000710
1627943794150000,0,6925.41819915,0.00000710
1627943805515000,1,4236.98471040,0.00000710
1627943809043000,1,53667.29560801,0.00000709
1627943815014000,0,4.98632295,0.00000710
1627943815014000,0,360.61367705,0.00000710
1627943820808000,1,6000.00000000,0.00000710
1627943820891000,1,4592.53673803,0.00000710
1627943820891000,1,2915.37776890,0.00000710
1627943858484000,1,4500.00000000,0.00000710
1627943858775000,1,365.60000000,0.00000710
1627943872295000,0,365.60000000,0.00000709
1627943872336000,0,3880.36453022,0.00000709
1627943872452000,1,365.59999978,0.00000709
1627943872544000,0,6500.00000000,0.00000709
1627943903611000,0,0.54443311,0.00000708
1627943903611000,0,499.45556689,0.00000708
1627943994620000,1,4252.02002260,0.00000708
1627943994620000,1,10630.20777174,0.00000708
1627944270046000,0,6386.21455000,0.00000708
1627944270221000,0,0.00000851,0.00000708
1627944482280000,0,4.82643626,0.00000709
1627944482280000,0,10637.42949597,0.00000709
1627944643284000,1,4243.57632928,0.00000710
1627944643286000,1,1111.58700863,0.00000710
1627944667573000,1,4237.09423864,0.00000710
1627944927762000,0,4232.61031000,0.00000712
1627944929112000,1,10565.51285000,0.00000713
1627944942945000,1,10564.84640177,0.00000713
1627944996962000,1,3548.02859504,0.00000712
1627944997385000,0,4225.84797725,0.00000712
1627945278068000,0,4225.80147122,0.00000712
1627945278068000,0,10567.89500551,0.00000712
1627945448976000,0,10017.00201080,0.00000711
1627945489534000,1,365.60000000,0.00000711
1627945489579000,1,601.04318464,0.00000711
1627945489579000,1,27495.36536728,0.00000711
1627945489722000,1,3611.15629384,0.00000710
1627945490602000,0,11474.59537485,0.00000708
1627945490712000,0,57981.30043000,0.00000708
1627945491768000,1,4228.30526231,0.00000705
1627945491768000,1,10570.98475215,0.00000705
1627945491768000,1,27485.71353703,0.00000705
1627945491768000,1,3450.50939000,0.00000705
1627945492071000,1,51043.66830839,0.00000705
1627945492127000,1,22568.77114699,0.00000705
1627945492128000,1,12165.03054462,0.00000705
1627945492128000,1,4051.79544119,0.00000705
1627945492382000,1,500.00000000,0.00000705
1627945492747000,1,3419.41228000,0.00000706
1627945492778000,1,7134.54197019,0.00000706
1627945492943000,1,367.70000000,0.00000706
1627945494145000,0,365.60000000,0.00000705
1627945494643000,0,270.91022660,0.00000705
1627945494824000,0,3545.06576200,0.00000706
1627945510651000,1,4251.90170303,0.00000707
1627945510651000,1,10629.84976697,0.00000707
1627945511089000,1,0.00001292,0.00000707
1627945511089000,1,14177.94430461,0.00000707
1627945548892000,0,4219.32944232,0.00000707
1627945548892000,0,10162.42202768,0.00000707
1627945549304000,0,472.72358437,0.00000707
1627945549304000,0,4252.87814427,0.00000707
1627945558088000,0,6377.62498657,0.00000708
1627945558088000,0,4244.89498741,0.00000708
1627945616161000,1,4251.59829000,0.00000707
1627945993709000,1,4253.91626166,0.00000707
1627946033153000,1,365.60000000,0.00000707
1627946033199000,1,23028.19856078,0.00000707
1627946073838000,1,6393.96233442,0.00000704
1627946073838000,1,4267.97583126,0.00000704
1627946074619000,1,1009.41224039,0.00000703
1627946077746000,0,4278.12062161,0.00000704
1627946077746000,0,10695.30154839,0.00000704
1627946088155000,0,4278.12062000,0.00000703
1627946150421000,0,6406.86983000,0.00000704
1627946150702000,0,0.00000992,0.00000704
1627946193373000,0,10701.64138865,0.00000704
1627946297873000,0,365.60000000,0.00000705
1627946322600000,0,4274.58470219,0.00000705
1627946322600000,0,10686.46175547,0.00000705
1627946371826000,0,4274.58470219,0.00000705
1627946371826000,0,10686.46175547,0.00000705
1627946394747000,1,4264.68911695,0.00000706
1627946394747000,1,10667.75080864,0.00000706
1627946394747000,1,27736.39108441,0.00000706
1627946651286000,1,4267.58205000,0.00000706
1627946834863000,1,4274.67137000,0.00000706
1627946843270000,0,4280.58315069,0.00000706
1627946843270000,0,10701.45786931,0.00000706
1627947034351000,1,4273.38862065,0.00000706
1627947034351000,1,10680.04761907,0.00000706
1627947034351000,1,10546.56376028,0.00000706
1627947034401000,1,365.60000000,0.00000706
1627947034407000,1,16834.14216941,0.00000706
1627947034751000,1,4274.88149403,0.00000705
1627947034751000,1,1126.79184597,0.00000705
1627947034776000,1,4250.14181306,0.00000705
1627947035057000,1,4274.88149403,0.00000704
1627947035057000,1,10687.62345513,0.00000704
1627947035057000,1,8355.05874752,0.00000704
1627947035328000,1,17975.49595301,0.00000704
1627947037588000,0,365.60000000,0.00000704
1627947037607000,0,10341.17164077,0.00000704
1627947037671000,1,365.59999923,0.00000704
1627947065541000,0,4282.53287000,0.00000704
1627947070287000,1,27828.04463000,0.00000704
1627947070678000,1,0.00000582,0.00000704
1627947077940000,1,27575.01674000,0.00000703
1627947077996000,1,260.64043845,0.00000703
1627947077996000,1,10716.27001031,0.00000703
1627947077996000,1,4286.44711124,0.00000703
1627947097610000,0,4288.80069387,0.00000703
1627947097610000,0,10722.00175690,0.00000703
1627947097610000,0,27893.52841601,0.00000703
1627947097610000,0,5421.22771322,0.00000703
1627947110022000,1,2.10072756,0.00000703
1627947110022000,1,363.49927244,0.00000703
1627947112675000,1,4292.24421173,0.00000702
1627947119426000,0,6437.27149000,0.00000702
1627947119463000,0,0.00000982,0.00000702
1627947155983000,0,4288.71304914,0.00000703
1627947155983000,0,10721.70632735,0.00000703
1627947164592000,0,365.60000000,0.00000703
1627947164682000,0,3919.04100000,0.00000703
1627947164783000,0,0.00000763,0.00000703
1627947186154000,0,19000.00000000,0.00000704
1627947186281000,0,8850.16654957,0.00000704
1627947186281000,0,4281.41928529,0.00000704
1627947186281000,0,10703.25935514,0.00000704
1627947215495000,1,4278.86680623,0.00000703
1627947309934000,1,4270.80675000,0.00000704
1627947309938000,1,0.00000065,0.00000704
1627947310379000,1,9006.34873000,0.00000703
1627947310542000,1,18835.77529477,0.00000703
1627947310542000,1,6664.22470523,0.00000703
1627947310617000,1,4033.19488699,0.00000703
1627947310650000,1,1277.99926809,0.00000703
1627947310672000,1,1949.17870752,0.00000703
1627947310673000,1,1052.09985741,0.00000703
1627948014499000,1,4304.17291000,0.00000701
1627948014501000,1,0.00000019,0.00000701
1627948179871000,0,4321.34376506,0.00000700
1627948179871000,0,2163.13364494,0.00000700
1627948180049000,0,2155.74835000,0.00000700
1627948180120000,0,6484.47741000,0.00000700
1627948180651000,0,0.00000770,0.00000700
1627948219295000,1,10785.80329000,0.00000701
1627948345757000,1,28092.43989056,0.00000700
1627948345757000,1,4317.58958944,0.00000700
1627948451851000,0,3.12039360,0.00000701
1627948520464000,0,4329.58160000,0.00000700
1627948709273000,0,303.95863052,0.00000701
1627948847452000,0,3618.55540716,0.00000700
1627949225105000,1,365.60000000,0.00000702
1627949300427000,0,365.60000000,0.00000703
1627949300486000,0,5545.72091000,0.00000703
1627949300554000,0,22361.03621379,0.00000703
1627949300554000,0,10866.09373140,0.00000703
1627949300554000,0,4351.09971136,0.00000703
1627949300587000,0,3687.53194897,0.00000704
1627949300587000,0,3551.76850843,0.00000705
1627949300671000,0,1701.27659574,0.00000707
1627949300798000,0,28263.68391828,0.00000704
1627949300849000,0,1352.31134504,0.00000707
1627949325878000,0,4000.00000000,0.00000707
1627949344945000,1,2129.92942418,0.00000706
1627949344945000,1,4323.97431945,0.00000706
1627949344945000,1,6546.09625637,0.00000706
1627949362177000,1,365.60000000,0.00000706
1627949362355000,1,3922.13223097,0.00000706
1627949441597000,0,4323.45932918,0.00000705
1627949524745000,1,5461.39281925,0.00000705
1627949524849000,0,1035.47788441,0.00000705
1627949524936000,1,4326.38433807,0.00000705
1627949556645000,0,4325.93572369,0.00000705
1627949559666000,1,1138.30075370,0.00000705
1627949896912000,0,365.60000000,0.00000702
1627949897215000,0,2895.30000000,0.00000702
1627949897352000,0,3267.70243894,0.00000702
1627949897942000,0,2968.54551638,0.00000703
1627949898211000,0,621.58683067,0.00000703
1627949986286000,1,2127.89279770,0.00000702
1627949986298000,1,3343.71437511,0.00000702
1627949986412000,0,990.30582241,0.00000702
1627949989085000,1,4334.02019752,0.00000702
1627950120934000,0,2161.06630097,0.00000703
1627950158136000,1,5468.99360604,0.00000703
1627950289176000,0,10844.42077000,0.00000702
1627950340847000,0,6479.10570000,0.00000703
1627950341165000,0,0.00000350,0.00000703
1627950397132000,0,10726.80489636,0.00000706
1627950397132000,0,4290.77791364,0.00000706
1627950397745000,0,27869.67570000,0.00000707
1627950399908000,1,4280.13002000,0.00000707
1627950400572000,0,4281.40739969,0.00000707
1627950400848000,0,9500.00000000,0.00000707
1627950420718000,0,10687.35560503,0.00000708
1627950480495000,1,5386.36134413,0.00000708
1627950536421000,1,365.60000000,0.00000708
1627950536511000,1,10660.03669992,0.00000708
1627950536511000,1,4264.71453008,0.00000708
1627950543593000,1,26005.90373000,0.00000707
1627950543660000,1,1742.38383355,0.00000707
1627950543660000,1,10674.77227252,0.00000707
1627950543660000,1,4269.92584393,0.00000707
1627950728636000,0,365.60000000,0.00000705
1627950728764000,0,3909.49365493,0.00000705
1627950851531000,0,95.57221984,0.00000705
1627950853385000,1,365.60000000,0.00000704
1627950935001000,0,365.60000000,0.00000704
1627951296561000,1,5399.10547151,0.00000701
1627951296696000,1,4273.96321314,0.00000701
1627951297164000,1,1125.14225837,0.00000701
1627951297164000,1,9559.76577447,0.00000701
1627951968234000,1,365.60000000,0.00000700
1627951994874000,1,4281.49273388,0.00000700
1627951994952000,0,1137.48953603,0.00000700
1627952122402000,1,10739.63892000,0.00000700
1627952122468000,1,4295.79779000,0.00000700
1627952122471000,1,0.00000625,0.00000700
1627952122827000,1,7584.81440381,0.00000699
1627952122966000,1,3154.82451857,0.00000699
1627952122966000,1,4295.79778143,0.00000699
1627952366610000,1,5440.94270978,0.00000700
1627952583196000,1,28093.97930000,0.00000699
1627952583458000,1,4321.75332000,0.00000699
1627952583800000,1,0.00000670,0.00000699
1627952584032000,1,28096.94944000,0.00000699
1627952601142000,1,2865.93069349,0.00000698
1627952601197000,1,1455.82263321,0.00000698
1627952601197000,1,1410.17042841,0.00000698
1627952601223000,1,1358.85404014,0.00000698
1627952601236000,1,8044.94685440,0.00000698
1627952601236000,1,10583.42065291,0.00000698
1627952601271000,1,7164.75673358,0.00000698
1627952616428000,0,28217.81121013,0.00000698
1627952616428000,0,4341.92488324,0.00000698
1627952616428000,0,10854.37484968,0.00000698
1627952624675000,0,365.60000000,0.00000699
1627952624923000,0,3970.12400700,0.00000699
1627952624923000,0,10839.10347181,0.00000699
1627952745757000,0,28212.91899756,0.00000698
1627952745757000,0,10860.76606083,0.00000698
1627952770774000,1,10829.50499333,0.00000698
1627952770774000,1,4332.91941667,0.00000698
1627952777737000,0,6506.69024382,0.00000698
1627952798899000,0,4337.93167973,0.00000699
1627952801183000,0,10844.82919932,0.00000699
1627952809355000,0,4332.92303163,0.00000700
1627952809355000,0,10832.22136837,0.00000700
1627952809765000,0,0.00000217,0.00000700
1627952822127000,0,1.87098597,0.00000700
1627952889146000,1,365.60000000,0.00000700
1627952945873000,0,4336.54729308,0.00000700
1627952945873000,0,10841.36823271,0.00000700
1627952975548000,0,4331.86863407,0.00000701
1627952975548000,0,10829.57152593,0.00000701
1627952994291000,0,4330.36106299,0.00000701
1627952994291000,0,10825.90265748,0.00000701
1627953001725000,1,10825.94950992,0.00000701
1627953001725000,1,28139.35870349,0.00000701
1627953167490000,1,10830.95870309,0.00000700
1627953167490000,1,4321.29203928,0.00000700
1627953167490000,1,28109.04818763,0.00000700
1627953277432000,0,10827.93034043,0.00000700
1627953277432000,0,4331.05073957,0.00000700
1627953287039000,0,3.47040094,0.00000701
1627953297233000,0,10805.07164291,0.00000701
1627953368649000,1,2169.38233166,0.00000701
1627953527178000,0,365.60000000,0.00000700
1627953709667000,0,1.92033994,0.00000700
1627953709667000,0,10844.79193006,0.00000700
1627953709751000,0,0.00001044,0.00000700
1627953720105000,1,4337.91677620,0.00000700
1627953720123000,1,1140.42531194,0.00000700
1627953740699000,1,5478.34208814,0.00000700
1627953740863000,1,4336.84776743,0.00000700
1627953751807000,1,1141.49432071,0.00000700
1627953766472000,1,4336.88958279,0.00000700
1627953766478000,1,1140.65791113,0.00000700
1627953772877000,1,5477.54749392,0.00000700
1627953773009000,1,5477.54749392,0.00000700
1627953774083000,0,5364.67646306,0.00000700
1627953774083000,0,113.80786122,0.00000700
1627953859513000,1,365.60000000,0.00000701
1627953859844000,1,2214.47875000,0.00000701
1627953859917000,1,1500.00000000,0.00000701
1627953860098000,1,252.86145838,0.00000701
1627953860098000,1,2747.13854162,0.00000701
1627953860996000,0,10000.00000000,0.00000701
1627953861130000,0,365.60000000,0.00000701
1627953861379000,0,490.12553610,0.00000701
1627953861379000,0,3028.17108732,0.00000701
1627953861912000,0,1423.74307937,0.00000702
1627953862135000,0,712.09751933,0.00000702
1627953862168000,0,569.67808901,0.00000702
1627953862207000,0,569.67808901,0.00000702
1627953862245000,0,4459.48390975,0.00000702
1627953862329000,0,3205.80962355,0.00000702
1627953862393000,0,1326.14966645,0.00000702
1627953862393000,0,525.30412283,0.00000702
1627953862488000,0,3811.89385710,0.00000702
1627953984284000,0,4341.60878519,0.00000701
1627954002798000,0,4342.29021444,0.00000701
1627954003784000,0,10855.72553610,0.00000701
1627954013637000,1,4342.24487657,0.00000701
1627954031925000,1,1145.42412447,0.00000701
1627954043457000,0,4342.29021444,0.00000701
1627954043457000,0,10855.72553610,0.00000701
1627954045102000,0,28225.54223864,0.00000702
1627954045102000,0,4336.10461584,0.00000702
1627954045102000,0,10840.26153961,0.00000702
1627954063468000,1,365.60000000,0.00000702
1627954537192000,0,365.60000000,0.00000703
1627954593012000,1,365.60000000,0.00000703
1627954593124000,1,3959.30125000,0.00000703
1627954854891000,1,648.05063122,0.00000702
1627954855021000,1,3386.74815372,0.00000702
1627954979864000,0,8231.16676074,0.00000702
1627954979864000,0,3292.48900053,0.00000702
1627954979864000,0,21399.18881614,0.00000702
1627955018556000,0,171.91309199,0.00000702
1627955093313000,0,623.28893211,0.00000701
1627955135761000,1,2607.22109516,0.00000702
1627955135891000,1,2536.09910543,0.00000702
1627955150093000,1,5475.44292151,0.00000702
1627955214025000,0,401.17244293,0.00000703
1627955234814000,0,994.85675143,0.00000703
1627955234814000,0,2487.14187857,0.00000703
1627955320959000,0,5957.21345000,0.00000701
1627955320986000,0,0.00000674,0.00000701
1627955369378000,0,1259.12226294,0.00000701
1627955863203000,1,4347.60457000,0.00000702
1627956507890000,1,1267.95323241,0.00000703
1627957231504000,0,365.60000000,0.00000702
1627957537986000,1,365.60000000,0.00000703
1627957631006000,1,2062.43470000,0.00000704
1627957900407000,1,2580.50478707,0.00000703
1627957963828000,1,386.86771975,0.00000703
1627958322179000,0,365.60000000,0.00000703
1627958323192000,0,1107.45845000,0.00000703
1627958455282000,1,1268.46606682,0.00000703
1627958455408000,1,932.15009924,0.00000703
1627958455559000,1,2330.37524810,0.00000703
1627958525223000,1,365.60000000,0.00000703
1627960787857000,0,1179.17640144,0.00000703
1627960787857000,0,2943.75358740,0.00000703
1627960944774000,0,365.60000000,0.00000703
1627961178152000,0,2829.88478101,0.00000704
1627961189685000,1,3016.50811808,0.00000704
1627961189688000,1,1206.60324723,0.00000704
1627961270927000,1,365.60000000,0.00000705
1627961402853000,0,1217.31661424,0.00000705
1627961402853000,0,3038.98092436,0.00000705
1627961410816000,0,1217.31661424,0.00000705
1627961410816000,0,3038.98092436,0.00000705
1627961795305000,1,3658.52930996,0.00000706
1627961999086000,1,2996.78152830,0.00000706
1627962006770000,1,2502.47299815,0.00000706
1627962267772000,0,1090.02636082,0.00000704
1627962294574000,0,2663.66482552,0.00000704
1627962313797000,0,1667.99221282,0.00000704
1627962323241000,0,969.23806455,0.00000704
1627962323241000,0,2423.09516138,0.00000704
1627962364231000,1,2021.47203110,0.00000704
1627962364370000,1,891.42928878,0.00000704
1627962617596000,0,365.60000000,0.00000703
1627962927605000,1,565.10624672,0.00000703
1627962927607000,1,2035.50652043,0.00000703
1627962949186000,0,1846.48929643,0.00000704
1627962953456000,1,365.60000000,0.00000704
1627963698715000,0,365.60000000,0.00000703
1627963760197000,1,365.60000000,0.00000704
1627964143227000,1,803.58774653,0.00000704
1627964751691000,1,8201.04330572,0.00000704
1627964751691000,1,4341.44353428,0.00000704
1627964753942000,1,1411.56622739,0.00000703
1627965320630000,0,3681.78086450,0.00000703
1627965857286000,0,1380.08997340,0.00000704
1627965857286000,0,3450.21262660,0.00000704
1627965949264000,0,84.89200000,0.00000704
1627965962867000,0,83.34100000,0.00000704
1627965993284000,1,168.23300000,0.00000704
1627966528653000,1,10982.73402832,0.00000701
1627966528653000,1,4394.14149168,0.00000701
1627966528703000,1,0.00001152,0.00000701
1627966529996000,0,1272.57666694,0.00000701
1627966529996000,0,3181.43931306,0.00000701
1627966533796000,0,1648.01947707,0.00000701
1627966533796000,0,4125.92607293,0.00000701
1627966533797000,0,0.00000732,0.00000701
1627966563515000,0,365.60000000,0.00000701
1627966666453000,0,1082.32400700,0.00000700
1627966687013000,1,365.60000000,0.00000700
1627966688410000,0,1545.01606954,0.00000700
1627966691812000,0,365.60000000,0.00000700
1627966691998000,0,535.44125389,0.00000700
1627966692502000,0,3790.68797689,0.00000700
1627966867018000,0,730.70124917,0.00000698
1627966922471000,0,1314.40951121,0.00000699
1627966922471000,0,3282.20567796,0.00000699
1627966927621000,0,1210.83018808,0.00000699
1627966927621000,0,3031.39986374,0.00000699
1627966931786000,0,1210.83018808,0.00000699
1627966933390000,0,2788.10864862,0.00000699
1627966937207000,0,992.37407636,0.00000699
1627966944949000,0,1002.77825432,0.00000699
1627966989292000,0,16.85403850,0.00000698
1627966989292000,0,1600.48341701,0.00000698
1627966994705000,0,678.66980206,0.00000698
1627966995374000,0,1696.67450516,0.00000698
1627967004416000,0,1562.86996507,0.00000699
1627967004416000,0,625.14798603,0.00000699
1627967028805000,0,607.64639497,0.00000699
1627967697683000,0,743.26316636,0.00000699
1627967697683000,0,297.30526654,0.00000699
1627967774028000,0,274.11338335,0.00000701
1627967774028000,0,685.28345837,0.00000701
1627968168468000,0,210.26889228,0.00000700
1627968168468000,0,525.67223071,0.00000700
1627968399602000,1,365.60000000,0.00000702
1627969345644000,1,1719.70260668,0.00000701
1627969345644000,1,11072.14159332,0.00000701
1627969446404000,1,103.44927900,0.00000700
1627969527017000,0,365.60000000,0.00000701
1627969753871000,1,416.44897587,0.00000701
1627969760698000,1,4418.61143904,0.00000701
1627969760698000,1,7884.75200296,0.00000701
1627969804107000,0,684.28608570,0.00000701
1627969804107000,0,1710.71521425,0.00000701
1627970276767000,0,642.66852743,0.00000701
1627970276767000,0,1606.67131858,0.00000701
1627970413977000,1,365.60000000,0.00000700
1627970441389000,0,365.60000000,0.00000699
1627970636814000,0,597.37006440,0.00000701
1627970686828000,0,583.33837591,0.00000702
1627970686828000,0,1458.34592409,0.00000702
1627970687002000,0,0.00001568,0.00000702
1627970924906000,1,365.60000000,0.00000702
1627971163962000,1,2663.39871000,0.00000701
1627971858036000,1,514.81908831,0.00000702
1627971916942000,1,824.35072666,0.00000702
1627971922835000,1,505.11363696,0.00000702
1627971922837000,1,1262.78409240,0.00000702
1627971946922000,1,1163.19818666,0.00000702
1627971946926000,1,465.27927466,0.00000702
1627972149121000,0,365.60000000,0.00000702
1627972149524000,0,62.98633699,0.00000702
1627972331930000,1,365.60000000,0.00000703
1627972331932000,1,2565.39125226,0.00000703
1627972589919000,1,2702.31008088,0.00000704
1627972589968000,0,365.60000000,0.00000704
1627972591934000,0,313.91264048,0.00000704
1627972608776000,1,365.60000000,0.00000704
1627973830588000,1,2584.18960000,0.00000703
1627973836219000,0,365.60000000,0.00000702
1627973836234000,0,1822.61181054,0.00000702
1627974003176000,1,365.60000000,0.00000702
1627974082129000,1,2699.28873764,0.00000701
1627974082170000,1,3127.71704989,0.00000701
1627974082222000,1,893.64671424,0.00000701
1627974082657000,1,819.01233839,0.00000701
1627974082692000,1,10191.11547449,0.00000701
1627974082692000,1,4408.93521908,0.00000701
1627974100108000,0,365.60000000,0.00000700
1627974262536000,0,354.95934219,0.00000699
1627974356579000,0,514.81908831,0.00000701
1627974356579000,0,1358.15804771,0.00000701
1627974356579000,0,3395.39511928,0.00000701
1627974641256000,1,365.60000000,0.00000702
1627974796156000,1,976.83346984,0.00000702
1627975698250000,0,365.60000000,0.00000705
1627975698354000,0,722.92711787,0.00000705
1627975698354000,0,2721.31779467,0.00000705
1627975715122000,1,365.60000000,0.00000705
1627975741555000,0,832.29737920,0.00000705
1627976025707000,0,365.60000000,0.00000702
1627976304200000,1,365.60000000,0.00000701
1627977200024000,0,365.60000000,0.00000703
1627977681497000,0,2562.27344036,0.00000703
1627977681497000,0,1024.90937614,0.00000703
1627977696352000,1,365.60000000,0.00000703
1627977696828000,1,4012.24625697,0.00000703
1627977696828000,1,10939.16221303,0.00000703
1627977711777000,0,1330.01891738,0.00000703
1627977711777000,0,3325.04729344,0.00000703
1627977870743000,1,4386.11111000,0.00000704
1627977937416000,1,1323.95881951,0.00000703
1627977937416000,1,3309.57963373,0.00000703
1627977989566000,1,3048.88976180,0.00000703
1627978308136000,0,365.60000000,0.00000702
1627979321591000,1,590.51762824,0.00000699
1627979321597000,1,2768.11516925,0.00000699
1627979325636000,1,1031.56871926,0.00000699
1627979325636000,1,2578.92179815,0.00000699
1627979330408000,1,530.87668510,0.00000699
1627979383523000,1,2152.10886115,0.00000699
1627979388370000,1,2224.40732031,0.00000699
1627979388371000,1,889.76292813,0.00000699
1627979399304000,1,819.59385600,0.00000699
1627979399309000,1,1414.12703441,0.00000699
1627980575962000,1,365.60000000,0.00000700
1627982110796000,0,365.60000000,0.00000698
1627982241138000,1,365.60000000,0.00000699
1627982384280000,1,4416.22364946,0.00000699
1627982393951000,0,365.60000000,0.00000698
1627982870383000,0,1022.08782281,0.00000698
1627982971911000,0,1528.18434274,0.00000699
1627983068319000,1,940.71535995,0.00000699
1627983068323000,1,3734.37751136,0.00000699
1627983075160000,1,889.28428861,0.00000699
1627983154344000,1,365.60000000,0.00000699
1627983236227000,1,2990.56761072,0.00000698
1627983242025000,1,1408.48993936,0.00000698
1627983242028000,1,2600.94244992,0.00000698
1627983607813000,0,365.60000000,0.00000699
1627983670215000,1,365.60000000,0.00000700
1627983825645000,1,68.27189100,0.00000699
1627984141924000,0,1339.05838076,0.00000698
1627984682651000,0,365.60000000,0.00000699
1627984804141000,1,365.60000000,0.00000700
1627985260532000,1,1435.81062350,0.00000698
1627985260538000,1,3589.52655874,0.00000698
1627985263559000,1,535.86508660,0.00000698
1627985427231000,1,2742.60458825,0.00000698
1627985519619000,1,1248.70729636,0.00000698
1627985519621000,1,3121.76824089,0.00000698
1627985632945000,1,1053.32181422,0.00000698
1627986535948000,1,4411.74794000,0.00000698
1627987017892000,1,2186.81425000,0.00000698
1627987044438000,0,710.78802060,0.00000698
1627987044438000,0,1776.97004940,0.00000698
1627987073700000,0,654.73327126,0.00000699
1627987073700000,0,1636.83316874,0.00000699
1627987204772000,0,365.60000000,0.00000700
1627987204907000,0,223.92686999,0.00000700
1627987239042000,1,365.60000000,0.00000700
1627987469846000,0,584.48012000,0.00000701
1627987470103000,0,0.00000835,0.00000701
1627987470103000,0,1459.11882165,0.00000701
1627987470579000,0,0.00001727,0.00000701
1627987564613000,1,4371.42200000,0.00000701
1627987881616000,1,8614.88961405,0.00000699
1627987881616000,1,6007.23413595,0.00000699
1627987881810000,1,20257.44867204,0.00000699
1627987884984000,0,365.60000000,0.00000698
1627987896123000,0,3796.84425000,0.00000698
1627988328446000,1,365.60000000,0.00000698
1627988343519000,0,5550.32066408,0.00000699
1627988343519000,0,94855.07000000,0.00000699
1627988343519000,0,15349.95064309,0.00000699
1627988343519000,0,240119.07786307,0.00000699
1627988455545000,0,365.60000000,0.00000699
1627988455722000,0,12792.56659323,0.00000699
1627988455722000,0,2025.82665706,0.00000699
1627988455722000,0,5064.55860971,0.00000699
1627988487733000,0,1525.24410711,0.00000699
1627988609702000,1,295.83650789,0.00000699
1627988664126000,1,3140.03899916,0.00000699
1627988664127000,1,1484.21117479,0.00000699
1627988669348000,1,3450.04174156,0.00000699
1627988669482000,1,925.70808449,0.00000699
1627988669607000,0,454.30861214,0.00000699
1627988669820000,0,3445.11311050,0.00000699
1627988677926000,1,1193.55896860,0.00000699
1627988677929000,1,898.72028308,0.00000699
1627988677929000,1,2085.17713841,0.00000699
1627988710906000,1,28060.80974000,0.00000699
1627988710954000,1,365.60000000,0.00000699
1627989067216000,1,1739.94452575,0.00000698
1627989067225000,1,4349.86131438,0.00000698
1627989070768000,1,4006.81897430,0.00000698
1627989070893000,1,903.37518557,0.00000698
1627989388575000,1,2694.78581982,0.00000698
1627989392942000,1,1332.11997651,0.00000698
1627989393506000,1,1527.24318501,0.00000698
1627989396113000,0,3255.26084052,0.00000698
1627989399493000,1,1159.93162954,0.00000698
1627989399496000,1,2899.82907385,0.00000698
1627989413702000,1,1102.86834978,0.00000698
1627989413712000,1,2757.17087446,0.00000698
1627989417939000,1,2539.73259760,0.00000698
1627989418077000,1,1015.89303904,0.00000698
1627989418240000,1,1084.33513912,0.00000698
1627989440846000,0,2278.36088162,0.00000698
1627989804431000,1,1796.51136579,0.00000698
1627989811076000,1,2048.82093438,0.00000698
1627989811210000,1,819.52837375,0.00000698
1627989812236000,1,2048.82093438,0.00000698
1627989813763000,1,708.73353852,0.00000698
1627989813770000,1,1577.58485318,0.00000698
1627990376822000,0,365.60000000,0.00000697
1627990482722000,1,2027.29698508,0.00000697
1627990482722000,1,11070.94635571,0.00000697
1627990482722000,1,515.71447921,0.00000697
1627990500011000,1,365.60000000,0.00000698
1627990836184000,0,365.60000000,0.00000696
1627992067463000,0,3740.83250112,0.00000695
1627992116198000,1,365.60000000,0.00000698
1627992116292000,1,3548.86444000,0.00000698
1627992120108000,0,636.08982397,0.00000698
1627992120108000,0,1589.15370931,0.00000698
1627992122214000,0,733.07546662,0.00000698
1627992122214000,0,1830.08777053,0.00000698
1627992125216000,0,625.15014342,0.00000698
1627992125216000,0,1562.87535854,0.00000698
1627992130709000,0,518.86300498,0.00000699
1627992158627000,0,568.83903760,0.00000699
1627992186707000,0,437.34667718,0.00000700
1627992216701000,0,365.60000000,0.00000699
1627992218214000,0,27.83064132,0.00000699
1627992218214000,0,982.31624148,0.00000699
1627992267202000,0,515.71447921,0.00000700
1627992277435000,1,365.60000000,0.00000700
1627992284197000,0,193.89612944,0.00000700
1627992284197000,0,484.72785834,0.00000700
1627992356958000,0,365.60000000,0.00000699
1627992374841000,0,114.99492737,0.00000699
1627992375113000,1,287.89801460,0.00000699
1627992907197000,1,365.60000000,0.00000701
1627993165283000,0,730.39040059,0.00000701
1627993165283000,0,112.23466466,0.00000701
1627993165283000,0,280.58666166,0.00000701
1627993166488000,0,112.23466466,0.00000702
1627993166488000,0,253.36533534,0.00000702
1627993238472000,1,365.60000000,0.00000702
1627993238552000,1,3821.06987000,0.00000702
1627993429224000,0,327.02296566,0.00000703
1627993429224000,0,38.57703434,0.00000703
1627993460471000,1,365.60000000,0.00000703
1627993493533000,0,312.29200000,0.00000703
1627993603955000,1,312.29200000,0.00000704
1627993917951000,1,11080.32065201,0.00000701
1627993917951000,1,1905.81716488,0.00000701
1627993918041000,1,2527.34432918,0.00000701
1627993934136000,0,213.68700000,0.00000702
1627993934213000,0,0.00056233,0.00000702
1627993934750000,0,3018.08542808,0.00000703
1627993934750000,0,464.61005816,0.00000703
1627993934750000,0,1161.52514540,0.00000703
1627993949427000,1,213.68700000,0.00000703
1627993950717000,0,796.79043063,0.00000703
1627994149308000,0,305.12560276,0.00000703
1627994149308000,0,762.81400690,0.00000703
1627994762938000,1,281.06278140,0.00000703
1627994813172000,0,274.72900000,0.00000703
1627994814899000,0,0.00087321,0.00000703
1627994814899000,0,90.87012679,0.00000703
1627995288868000,0,254.62469919,0.00000704
1627995864185000,1,528.57142900,0.00000706
1627995919166000,1,365.60000000,0.00000707
1627996527090000,0,4349.26847960,0.00000708
1627996842635000,0,4364.76863900,0.00000707
1627996842849000,1,1155.94441925,0.00000707
1627996936161000,1,3573.00000000,0.00000707
1627997014600000,0,10899.49391113,0.00000708
1627997662920000,0,7.49430862,0.00000707
1627997665717000,1,4362.63442356,0.00000707
1627997666395000,1,1136.15382447,0.00000707
1627997666472000,0,5506.08220916,0.00000707
1627997716593000,1,2.06751022,0.00000707
1627997716832000,1,10906.58605891,0.00000707
1627997763029000,1,508.57001414,0.00000707
1627997763385000,0,6045.59829520,0.00000707
1627997810298000,1,3573.00000000,0.00000707
1627997924776000,0,4361.89446725,0.00000707
1627997927510000,0,5508.95624061,0.00000707
1627998061671000,0,4359.00431763,0.00000707
1627998061671000,0,1143.92908438,0.00000707
1627998086681000,0,5498.90699919,0.00000707
1627998395752000,0,365.60000000,0.00000706
1627998566364000,1,2485.27456159,0.00000707
1627998640238000,0,4351.84303048,0.00000707
1627998785609000,0,8694.21344207,0.00000708
1627998820206000,1,16.12115457,0.00000707
1627998823318000,1,4351.18654616,0.00000707
1627998871477000,1,365.60000000,0.00000708
1627998888879000,0,10858.51436921,0.00000709
1627998888879000,0,4343.48748079,0.00000709
1627998888908000,0,0.00001713,0.00000709
1627998947289000,0,3290.66844371,0.00000712
1627998947994000,1,3287.18863000,0.00000712
1627998957918000,0,10793.95789000,0.00000713
1627999015136000,0,4312.61369201,0.00000714
1627999015136000,0,10781.53422799,0.00000714
1627999091508000,1,6467.00719000,0.00000714
