timestamp ms,type,amount,price
1625270566523000,0,365.20000000,0.00000776
1625270590158000,0,4514.66402378,0.00000775
1625270612100000,1,365.20000000,0.00000776
1625270941048000,1,2500.98916129,0.00000775
1625271828973000,1,2.19476246,0.00000776
1625271829109000,1,4539.83637413,0.00000776
1625271830143000,1,1196.55369033,0.00000776
1625271830238000,0,5738.58482692,0.00000776
1625271830351000,0,4414.45241000,0.00000776
1625272146970000,0,4536.85978983,0.00000776
1625272150526000,1,1196.40820193,0.00000776
1625272153168000,0,365.20000000,0.00000776
1625272198229000,1,365.20000000,0.00000776
1625273320450000,1,1581.08827261,0.00000779
1625273450259000,1,1947.00000000,0.00000779
1625273898044000,1,1148.54046279,0.00000780
1625273898046000,1,3374.81365490,0.00000780
1625274418346000,0,4522.65747373,0.00000780
1625274418347000,0,5239.25428627,0.00000780
1625275125524000,0,5729.58078770,0.00000778
1625275169934000,1,2905.00000000,0.00000778
1625276320891000,1,3500.00000000,0.00000779
1625276561888000,0,4498.45711918,0.00000780
1625276797525000,0,4492.69725091,0.00000781
1625276797525000,0,11231.74312727,0.00000781
1625277002597000,0,181.25031928,0.00000783
1625277305072000,1,4000.00000000,0.00000786
1625277305625000,1,467.40955041,0.00000786
1625277305625000,1,196.66966393,0.00000786
1625277625183000,0,4.99713897,0.00000783
1625277625183000,0,11212.96881103,0.00000783
1625277664462000,0,4487.39382927,0.00000783
1625277664462000,0,1197.77191751,0.00000783
1625277664516000,0,10020.71265567,0.00000783
1625277682337000,0,365.20000000,0.00000784
1625277775093000,0,2237.47597327,0.00000785
1625277775093000,0,3438.63687409,0.00000785
1625277860416000,1,365.20000000,0.00000785
1625277978873000,0,365.20000000,0.00000785
1625278342058000,1,365.20000000,0.00000783
1625278773074000,0,221.90772559,0.00000782
1625278796175000,0,6768.22392000,0.00000781
1625278796345000,0,4508.86599000,0.00000781
1625278796739000,0,0.00000964,0.00000781
1625278796739000,0,11272.16498036,0.00000781
1625279262943000,1,4512.34256550,0.00000780
1625279263111000,1,1201.77442673,0.00000780
1625279306772000,0,5705.40692395,0.00000781
1625279356851000,1,4267.22085000,0.00000780
1625279493658000,0,365.20000000,0.00000780
1625279493690000,0,4150.29317588,0.00000780
1625279713121000,0,3748.16837809,0.00000780
1625279884143000,0,4514.85328036,0.00000780
1625279884326000,1,1208.14852352,0.00000780
1625279884326000,1,10078.98467738,0.00000780
1625279936925000,0,4514.85328036,0.00000780
1625279936925000,0,1206.97773857,0.00000780
1625279937034000,0,10080.15546000,0.00000780
1625280218866000,0,5734.46801748,0.00000779
1625280471610000,1,90.10901090,0.00000778
1625280627838000,0,4537.93374535,0.00000779
1625280627838000,0,11344.83435465,0.00000779
1625280798936000,0,1852.00000000,0.00000778
1625280798961000,0,486.99589469,0.00000778
1625280992865000,0,3844.20272162,0.00000778
1625281036014000,1,488.00000000,0.00000777
1625281186110000,1,365.20000000,0.00000778
1625281186206000,1,4173.77350000,0.00000778
1625281414445000,0,365.20000000,0.00000778
1625281439658000,0,4547.14860634,0.00000778
1625281439658000,0,11367.87151584,0.00000778
1625281530617000,1,4551.57971000,0.00000778
1625281738576000,1,4550.98879358,0.00000778
1625281920252000,0,4552.75356135,0.00000778
1625281920252000,0,1212.42893755,0.00000778
1625281920369000,0,10169.45496000,0.00000778
1625281925938000,1,4552.34099976,0.00000778
1625282201661000,0,4546.23288119,0.00000779
1625282201661000,0,1208.58555281,0.00000779
1625282275816000,0,3.53056654,0.00000779
1625282275816000,0,5748.35052078,0.00000779
1625282291049000,0,2271.13335508,0.00000779
1625282291975000,1,680.00000000,0.00000779
1625282324184000,1,2269.18644000,0.00000779
1625282406419000,0,5755.39079395,0.00000779
1625282406529000,0,5606.82162000,0.00000779
1625282577584000,0,4544.22120251,0.00000779
1625282577584000,0,1211.36612856,0.00000779
1625282635520000,0,4543.98939300,0.00000779
1625282943192000,1,4404.42745821,0.00000779
1625283247207000,0,6381.44606000,0.00000778
1625283247421000,0,4367.26407000,0.00000778
1625283247745000,0,0.00000278,0.00000778
1625283372014000,0,2720.23166485,0.00000778
1625283372014000,0,10313.54523698,0.00000778
1625283568110000,1,2072.35529000,0.00000778
1625283606849000,0,3883.78454000,0.00000776
1625283607253000,0,0.00000423,0.00000776
1625283607253000,0,9709.46135577,0.00000776
1625283648904000,1,3680.12034947,0.00000776
1625283648909000,1,2091.26094862,0.00000776
1625283655453000,1,4586.01442838,0.00000776
1625283655586000,1,1184.68829147,0.00000776
1625283655679000,0,2365.40863848,0.00000776
1625283655679000,0,3405.29408137,0.00000776
1625283797598000,1,2182.16527000,0.00000777
1625284036419000,0,3786.91653000,0.00000776
1625284038567000,0,3339.24265000,0.00000776
1625284038675000,0,0.00000641,0.00000776
1625284039150000,0,21674.67043236,0.00000777
1625284039150000,0,3339.24264764,0.00000777
1625284039190000,0,5008.86399340,0.00000777
1625284182185000,0,770.60680000,0.00000777
1625284182392000,0,2128.87838000,0.00000777
1625284407703000,0,2679.42305504,0.00000779
1625284413275000,0,2003.35294862,0.00000779
1625284413275000,0,3757.74713199,0.00000779
1625284424222000,0,1876.13349616,0.00000779
1625284424222000,0,3884.34384313,0.00000779
1625284567018000,0,1744.11745667,0.00000779
1625284567018000,0,4360.29364168,0.00000779
1625284767640000,1,365.20000000,0.00000779
1625285210625000,1,1131.69000000,0.00000779
1625285536858000,0,365.20000000,0.00000779
1625285657023000,1,365.20000000,0.00000778
1625286193709000,0,1636.17468827,0.00000776
1625286279854000,1,751.58220423,0.00000776
1625286281298000,1,4328.10646403,0.00000776
1625286286461000,0,1616.80230579,0.00000776
1625286286461000,0,4036.80369785,0.00000776
1625286338101000,0,1489.43224527,0.00000776
1625286338101000,0,3723.58061318,0.00000776
1625286769484000,0,365.20000000,0.00000777
1625287789588000,1,1914.90033319,0.00000778
1625287789747000,1,1366.29426315,0.00000778
1625287856884000,1,365.20000000,0.00000778
1625287892413000,0,1300.60005327,0.00000778
1625287921313000,0,3230.93125063,0.00000778
1625287983000000,1,4531.48704440,0.00000778
1625288447347000,1,2568.69152368,0.00000778
1625288967185000,1,673.15670252,0.00000777
1625288967189000,1,3159.51214851,0.00000777
1625288991491000,1,2943.64706409,0.00000777
1625289380007000,1,1177.45884507,0.00000777
1625289563976000,1,4528.40069112,0.00000778
1625289607507000,0,1287.36571417,0.00000778
1625289607507000,0,622.87162977,0.00000778
1625290037025000,0,365.20000000,0.00000778
1625290037115000,0,879.13012000,0.00000778
1625290037446000,0,0.00000928,0.00000778
1625290037446000,0,3106.83195072,0.00000778
1625290061222000,1,365.20000000,0.00000778
1625290882977000,0,2923.82487690,0.00000779
1625290882977000,0,676.02123807,0.00000779
1625291001689000,0,365.20000000,0.00000780
1625291001716000,0,724.29481798,0.00000780
1625291001716000,0,2723.73704495,0.00000780
1625291558669000,1,365.20000000,0.00000781
1625292637248000,0,1021.50248023,0.00000779
1625292637248000,0,2553.75619977,0.00000779
1625292637306000,0,0.00000079,0.00000779
1625293480871000,1,4485.70465000,0.00000781
1625294726985000,0,26.07306122,0.00000784
1625295418372000,0,365.20000000,0.00000782
1625296158566000,1,365.20000000,0.00000782
1625296220006000,1,11258.18737162,0.00000780
1625296220006000,1,4503.24410838,0.00000780
1625296220586000,1,0.00000439,0.00000780
1625296528321000,0,365.20000000,0.00000779
1625296528399000,0,6987.66257938,0.00000779
1625296528399000,0,2941.14503175,0.00000779
1625296804202000,1,4508.07567209,0.00000778
1625296804202000,1,11270.18918022,0.00000778
1625296804202000,1,5707.44693769,0.00000778
1625296806752000,1,4510.56285000,0.00000777
1625296859677000,0,19906.92062796,0.00000777
1625296859677000,0,7915.82003210,0.00000777
1625296859677000,0,3166.32799994,0.00000777
1625296859771000,0,0.00001290,0.00000777
1625296889920000,0,4441.83705461,0.00000777
1625297015655000,0,1993.91426739,0.00000778
1625297020218000,0,490.97519169,0.00000778
1625297020218000,0,6212.19674831,0.00000778
1625297049994000,0,2343.84251306,0.00000779
1625297049994000,0,5859.60627694,0.00000779
1625297050308000,0,0.00000570,0.00000779
1625297149466000,1,3765.24995365,0.00000781
1625297184740000,0,3348.89505988,0.00000781
1625297193581000,1,658.21546357,0.00000781
1625297227980000,0,4903.46546796,0.00000782
1625297227980000,0,1959.77018204,0.00000782
1625297370331000,0,1529.59926000,0.00000780
1625297375823000,0,1802.98971156,0.00000781
1625297375823000,0,1565.30804978,0.00000781
1625297556412000,1,4438.70047000,0.00000781
1625297790144000,1,11099.47294375,0.00000780
1625297790144000,1,4439.78917750,0.00000780
1625297790144000,1,28806.31796673,0.00000780
1625297816040000,0,2452.90042125,0.00000782
1625297816040000,0,1450.26443425,0.00000782
1625297913445000,1,365.20000000,0.00000781
1625298176480000,0,2243.95327000,0.00000778
1625298208209000,1,4430.26907000,0.00000779
1625298220451000,0,2398.21743460,0.00000778
1625298220451000,0,4543.10701449,0.00000778
1625298225696000,0,399.97790000,0.00000778
1625298467325000,1,4425.54708303,0.00000778
1625298467325000,1,11063.86769697,0.00000778
1625298566563000,0,462.21471574,0.00000778
1625298617909000,1,4428.43723807,0.00000777
1625298617909000,1,11070.82285193,0.00000777
1625298923941000,1,4437.16305000,0.00000775
1625298933997000,0,365.20000000,0.00000775
1625298937866000,0,3385.74279646,0.00000775
1625298937866000,0,8464.35698354,0.00000775
1625298950918000,1,5481.71455000,0.00000776
1625299031316000,1,365.20000000,0.00000776
1625299031403000,1,4049.46987028,0.00000776
1625299031403000,1,11036.67466972,0.00000776
1625299223582000,0,3925.35392535,0.00000777
1625299251187000,1,1492.05012077,0.00000776
1625299251334000,1,2931.94046526,0.00000776
1625299251334000,1,11059.97645474,0.00000776
1625299350536000,1,11059.90052000,0.00000776
1625299366037000,1,4423.96021097,0.00000776
1625299366037000,1,11059.90051903,0.00000776
1625299441404000,1,4423.25910160,0.00000776
1625299441404000,1,11059.90051840,0.00000776
1625299553918000,1,4434.31182000,0.00000776
1625299930330000,0,4437.91085347,0.00000775
1625300485888000,1,11086.23733000,0.00000776
1625300697311000,0,3727.91656467,0.00000776
1625301034895000,0,4421.00064000,0.00000776
1625301046129000,0,4421.00064433,0.00000776
1625301046129000,0,11052.50160567,0.00000776
1625301046321000,0,0.00000517,0.00000776
1625301046698000,0,3765.66285817,0.00000777
1625301074528000,1,11047.15998592,0.00000776
1625301074528000,1,4416.00418599,0.00000776
1625301080321000,0,4422.06057122,0.00000776
1625301080321000,0,11052.50160878,0.00000776
1625301080486000,0,0.00000206,0.00000776
1625301258907000,0,5595.90819838,0.00000776
1625301259275000,0,1036.37982758,0.00000776
1625302709477000,0,1644.90000000,0.00000775
1625302827291000,0,4427.11523969,0.00000775
1625302827291000,0,2698.96831166,0.00000775
1625302854082000,1,4427.08421000,0.00000775
1625303044149000,0,365.20000000,0.00000775
1625303247188000,1,365.20000000,0.00000775
1625303553724000,1,1672.51785271,0.00000773
1625303617745000,0,4403.99419309,0.00000775
1625303617745000,0,11008.98133691,0.00000775
1625303617907000,0,0.00001227,0.00000775
1625304345337000,1,4408.83982000,0.00000776
1625304345398000,1,0.00000967,0.00000776
1625304345398000,1,6613.25974033,0.00000776
1625304345564000,1,4408.83983000,0.00000776
1625304352927000,1,4408.83982000,0.00000776
1625304352980000,1,0.00000967,0.00000776
1625304352980000,1,11022.09956033,0.00000776
1625304406014000,1,11015.09007000,0.00000776
1625304418660000,1,4406.03602000,0.00000776
1625304555522000,0,4405.43352779,0.00000776
1625304555522000,0,11013.58381947,0.00000776
1625305091832000,1,11054.43575000,0.00000776
1625305411403000,0,4412.25140317,0.00000776
1625305411403000,0,11030.62849683,0.00000776
1625305418084000,0,13000.00000000,0.00000777
1625305418084000,0,4406.01465589,0.00000777
1625305418084000,0,11015.03663973,0.00000777
1625305425529000,0,10803.11746033,0.00000777
1625305425529000,0,4321.24698413,0.00000777
1625305453365000,0,5578.02438051,0.00000777
1625305494827000,1,11004.68359000,0.00000778
1625305528764000,1,4401.87343000,0.00000778
1625305542915000,0,4201.93047223,0.00000778
1625305542915000,0,10504.82618057,0.00000778
1625305590649000,1,4393.92047000,0.00000779
1625305590704000,1,0.00000145,0.00000779
1625305590704000,1,10984.80116855,0.00000779
1625306039358000,0,2811.09395386,0.00000778
1625306548781000,1,4397.14205067,0.00000777
1625306548781000,1,10993.46450933,0.00000777
1625306560582000,1,4406.88650311,0.00000777
1625306560582000,1,9258.52954689,0.00000777
1625307816237000,0,927.33897448,0.00000775
1625307835990000,0,1287.77196383,0.00000775
1625308044711000,1,4425.50171206,0.00000775
1625308460387000,0,11051.99263578,0.00000774
1625308638293000,1,4425.10208201,0.00000774
1625308829376000,0,365.20000000,0.00000774
1625308926073000,0,460.00000000,0.00000774
1625309294508000,1,1373.70697810,0.00000772
1625309418813000,0,3890.88999740,0.00000773
1625309424919000,0,28.00030400,0.00000773
1625309460419000,1,365.20000000,0.00000773
1625309623388000,0,4434.14115000,0.00000772
1625309981288000,0,379.00000000,0.00000772
1625311037081000,0,4436.11527327,0.00000772
1625311037081000,0,1176.86124987,0.00000772
1625311265039000,0,4453.07801272,0.00000771
1625311265039000,0,1183.53476636,0.00000771
1625311325431000,1,54.72293169,0.00000770
1625311946359000,0,5.22336093,0.00000770
1625311946359000,0,11158.35404476,0.00000770
1625312944682000,0,11175.61522242,0.00000770
1625312944682000,0,1917.72023199,0.00000770
1625313267534000,0,365.20000000,0.00000770
1625313267536000,0,5635.69648569,0.00000770
1625313267571000,0,170.87154013,0.00000770
1625313267571000,0,4253.37569455,0.00000770
1625313312107000,0,4018.50533002,0.00000770
1625313312107000,0,1613.34545144,0.00000770
1625313597555000,1,615.87280300,0.00000767
1625313724035000,0,801.74585190,0.00000769
1625313724035000,0,3888.57400023,0.00000769
1625313731234000,1,615.87280400,0.00000769
1625313759264000,1,2331.86623814,0.00000769
1625313801191000,1,365.20000000,0.00000769
1625314108659000,0,258.28947196,0.00000770
1625314708377000,1,1277.21638924,0.00000769
1625315575448000,0,4055.28906817,0.00000765
1625315622318000,0,365.20000000,0.00000765
1625315622429000,0,3598.72579000,0.00000765
1625315734969000,0,396.00000000,0.00000765
1625315751904000,1,365.20000000,0.00000765
1625318522271000,1,3899.45279224,0.00000765
1625318548893000,1,3932.31973000,0.00000766
1625319066483000,1,3720.12190947,0.00000766
1625319463870000,0,4039.25348374,0.00000764
1625319463870000,0,1629.82599547,0.00000764
1625319863821000,0,629.69974690,0.00000764
1625320800845000,0,3655.48347845,0.00000764
1625320961181000,0,5660.96531877,0.00000765
1625320961181000,0,9665.38292156,0.00000765
1625320961181000,0,3866.21683368,0.00000765
1625320961181000,0,807.43492599,0.00000766
1625321004349000,0,5715.79164000,0.00000764
1625321030954000,1,1669.47650645,0.00000764
1625321031011000,1,9522.29128350,0.00000764
1625321031011000,1,29094.75553476,0.00000764
1625321031535000,1,1891.01133366,0.00000763
1625321031556000,1,1201.99620027,0.00000763
1625321031583000,1,434.78884770,0.00000763
1625321031615000,1,948.45114532,0.00000763
1625321031615000,1,10050.55672935,0.00000763
1625321031636000,1,1140.16662416,0.00000763
1625321031636000,1,5349.05534045,0.00000763
1625321154256000,1,4483.28033834,0.00000764
1625321640104000,1,4479.52117052,0.00000764
1625322201045000,1,4482.81181466,0.00000764
1625322220600000,0,365.20000000,0.00000764
1625322618761000,0,1.16872159,0.00000763
1625322618761000,0,4476.14749841,0.00000763
1625322618832000,0,0.00000676,0.00000763
1625323319080000,1,365.20000000,0.00000763
1625323319183000,1,4113.33550672,0.00000763
1625324094570000,0,2233.99874626,0.00000764
1625324201643000,1,2000.00000000,0.00000763
1625324201934000,1,2485.37745616,0.00000763
1625324234688000,0,4485.51857640,0.00000763
1625324248928000,0,1191.12654337,0.00000763
1625324249008000,1,3293.33284123,0.00000763
1625324422900000,1,4482.41714989,0.00000763
1625324436540000,1,2118.93492400,0.00000763
1625324442122000,0,2118.93492400,0.00000763
1625324866370000,1,4480.07315668,0.00000763
1625324879928000,0,1187.93704069,0.00000763
1625324891407000,1,4481.17139376,0.00000763
1625324896379000,0,1183.94248241,0.00000763
1625324897506000,1,3296.98220159,0.00000763
1625324928712000,0,4479.92530300,0.00000763
1625324949751000,0,1185.43129267,0.00000763
1625324949887000,1,3295.16352544,0.00000763
1625325021072000,0,4478.73256813,0.00000763
1625325039214000,1,236.23865980,0.00000763
1625325066750000,0,903.99120701,0.00000763
1625325066788000,0,3377.70338367,0.00000763
1625325124595000,1,4480.30010137,0.00000763
1625325128491000,0,1185.40983837,0.00000763
1625325135881000,1,4480.08281149,0.00000763
1625325142591000,0,1186.81299191,0.00000763
1625325151504000,1,4480.95420186,0.00000763
1625325183499000,0,4480.58415419,0.00000763
1625325193602000,0,1185.84484173,0.00000763
1625325193711000,1,3294.31060350,0.00000763
1625325226910000,1,4479.96581604,0.00000763
1625325310894000,1,4480.56126316,0.00000763
1625325315155000,0,4480.77859277,0.00000763
1625325339919000,0,1184.74942991,0.00000763
1625325843340000,1,1.27412299,0.00000763
1625325853939000,0,4487.70359713,0.00000763
1625325859909000,0,1190.52963152,0.00000763
1625325860075000,1,3297.04454102,0.00000763
1625325880905000,1,4486.00174443,0.00000763
1625325931379000,0,4488.05010928,0.00000763
1625325935132000,0,1189.68724097,0.00000763
1625325969363000,0,1.48003453,0.00000763
1625325978089000,1,4487.77360226,0.00000763
1625325982483000,0,4487.97362521,0.00000763
1625325988619000,0,1189.92015765,0.00000763
1625325988709000,1,3297.87109298,0.00000763
1625326741383000,1,1000.00000000,0.00000764
1625327875282000,1,4477.55223888,0.00000765
1625328005401000,0,365.20000000,0.00000765
1625328121741000,1,365.20000000,0.00000764
1625328121928000,1,4129.83662781,0.00000764
1625328936693000,0,11243.79247989,0.00000765
1625328936693000,0,4497.02278509,0.00000765
1625328944347000,1,8767.70182000,0.00000766
1625329033474000,1,4486.36556269,0.00000766
1625329034741000,1,1185.22406198,0.00000766
1625329053910000,1,136.90014043,0.00000766
1625329081767000,0,4486.36556269,0.00000766
1625329270589000,1,2219.74209000,0.00000768
1625329565111000,1,4481.40236000,0.00000767
1625329818745000,1,327.03267883,0.00000766
1625329819019000,1,1593.69819866,0.00000766
1625329819071000,1,2456.39722374,0.00000766
1625329866591000,0,2243.49752571,0.00000766
1625330726290000,1,4492.06028345,0.00000765
1625330735147000,1,1199.22080823,0.00000765
1625330903248000,1,4483.14639197,0.00000766
1625330903248000,1,1185.13255985,0.00000766
1625330976908000,0,4481.74265812,0.00000766
1625332095247000,0,4467.64222339,0.00000768
1625332103122000,1,1175.43689130,0.00000768
1625332103206000,0,3291.46259732,0.00000768
1625332112379000,1,2352.08216977,0.00000768
1625332526999000,1,6686.73214994,0.00000768
1625332526999000,1,4464.52452712,0.00000768
1625333595709000,0,11162.90232004,0.00000768
1625333595709000,0,4464.71240996,0.00000768
1625333596079000,0,0.00000941,0.00000768
1625333616557000,1,4447.99304000,0.00000769
1625333696494000,0,2233.05192309,0.00000769
1625333812724000,1,4449.08513000,0.00000770
1625333859315000,1,2219.68942022,0.00000770
1625333859315000,1,5616.53046841,0.00000770
1625333859315000,1,13163.78011137,0.00000770
1625334340792000,1,1000.00000000,0.00000767
1625334440475000,0,4448.28064000,0.00000765
1625334632382000,1,4143.89405000,0.00000765
1625334910158000,1,4468.62514829,0.00000764
1625334910163000,1,1169.84808595,0.00000764
1625335080922000,0,12.51224618,0.00000765
1625336431362000,1,1000.00000000,0.00000765
1625336431567000,1,3480.90457207,0.00000765
1625336478689000,0,4480.29589164,0.00000764
1625337314027000,1,4472.03149624,0.00000765
1625337317333000,0,1186.47931091,0.00000765
1625337317444000,1,3285.59896347,0.00000765
1625337324373000,1,4472.04319068,0.00000765
1625337362973000,1,4471.75410581,0.00000765
1625337372160000,0,1185.09347051,0.00000765
1625337581665000,1,4467.57758840,0.00000765
1625337740419000,0,4468.05724703,0.00000765
1625337779395000,1,4466.76959173,0.00000765
1625337806501000,1,4465.66023713,0.00000765
1625337817737000,0,1182.53986357,0.00000765
1625337828900000,1,4464.93792399,0.00000765
1625337879706000,1,4463.84288114,0.00000765
1625337884087000,0,4463.84288114,0.00000765
1625337884087000,0,0.15758551,0.00000765
1625337918290000,1,4463.77868283,0.00000765
1625337918290000,1,11156.32379940,0.00000765
1625337952649000,1,1262.67390288,0.00000765
1625338022382000,1,4463.66161209,0.00000765
1625338023958000,0,1187.77436174,0.00000765
1625338036764000,1,5650.34046743,0.00000765
1625338057027000,0,4464.77045860,0.00000765
1625338071713000,1,4464.78797112,0.00000765
1625338082613000,1,4464.91640047,0.00000765
1625338215132000,1,4474.62842516,0.00000764
1625338758027000,0,30.00000000,0.00000765
1625338804019000,0,4475.30198000,0.00000764
1625338804094000,0,0.00000980,0.00000764
1625338804094000,0,11188.25496020,0.00000764
1625338807176000,0,4475.30198000,0.00000764
1625338807486000,0,0.00000980,0.00000764
1625338811383000,1,11188.25496020,0.00000764
1625338845568000,1,4481.86474000,0.00000764
1625338845693000,1,0.00000678,0.00000764
1625338853816000,1,5525.38816022,0.00000763
1625338853849000,1,4856.02409742,0.00000763
1625338853876000,1,6344.86803209,0.00000763
1625338853876000,1,4481.86474678,0.00000763
1625338884635000,1,475.83788300,0.00000763
1625339127657000,0,4484.93824131,0.00000764
1625339545221000,0,4482.29209497,0.00000764
1625340134558000,1,4484.92864633,0.00000764
1625340139562000,0,1188.69156494,0.00000764
1625340139664000,1,3294.38238870,0.00000764
1625340139664000,1,2379.29950719,0.00000764
1625340407518000,1,4480.71567405,0.00000764
1625340441895000,0,4485.50763000,0.00000763
1625340490576000,1,4500.00000000,0.00000763
1625340738203000,0,32.04370077,0.00000762
1625340885756000,1,4492.84818147,0.00000762
1625340937172000,1,4493.14374013,0.00000762
1625341028671000,0,4493.43176142,0.00000762
1625341222860000,0,436.00016063,0.00000762
1625341287868000,0,2220.00000000,0.00000762
1625341771934000,1,4490.56631227,0.00000762
1625341776940000,0,1185.41850552,0.00000762
1625341781888000,1,4491.20287407,0.00000762
1625341792599000,1,4491.56249337,0.00000762
1625342088141000,1,4478.70713896,0.00000762
1625342107424000,1,4478.93053757,0.00000762
1625342140026000,0,1185.16335415,0.00000762
1625342160436000,1,4478.66011051,0.00000762
1625342963855000,0,4491.48552000,0.00000761
1625343671614000,0,4483.04248385,0.00000761
1625343946680000,0,4478.35203810,0.00000761
1625345197095000,1,4493.17010177,0.00000762
1625345414216000,0,4489.29249000,0.00000762
1625345603514000,0,4493.10101413,0.00000762
1625345603514000,0,11232.75252587,0.00000762
1625345711085000,1,4473.63607000,0.00000763
1625345711662000,1,4484.97335000,0.00000763
1625346167870000,1,4485.74841922,0.00000763
1625346219959000,0,4484.85384377,0.00000763
1625346425768000,1,4482.39642418,0.00000763
1625346439033000,0,1183.39881389,0.00000763
1625346439091000,1,2078.77892000,0.00000763
1625346439139000,1,1219.97779505,0.00000763
1625347449151000,0,7076.95612590,0.00000762
1625347914981000,0,932.79828184,0.00000764
1625347997951000,1,3352.99984794,0.00000763
1625349007060000,0,5630.86589519,0.00000763
1625349434509000,0,4462.26162820,0.00000767
1625349485959000,1,29133.40352078,0.00000765
1625349556619000,0,4518.75118000,0.00000759
1625349556715000,0,0.00000114,0.00000759
1625349557225000,0,11292.28425635,0.00000760
1625349586111000,0,4522.64391000,0.00000759
1625349606021000,0,6788.82662000,0.00000759
1625349609758000,1,4522.64391249,0.00000759
1625349620725000,1,5500.00000000,0.00000760
1625349621054000,1,2500.00000000,0.00000760
1625349627912000,0,4522.64391000,0.00000759
1625350613597000,1,2238.26913745,0.00000761
1625350613597000,1,1467.59632255,0.00000761
1625351172900000,1,4505.46429163,0.00000762
1625351172900000,1,11264.02992430,0.00000762
1625351227178000,1,12500.00000000,0.00000761
1625351227590000,1,982.41901676,0.00000761
1625351564809000,1,0.56434973,0.00000759
1625351564809000,1,659.21311848,0.00000759
1625351564839000,1,3426.34800734,0.00000759
1625351564839000,1,395.34784700,0.00000759
1625351564854000,1,4085.26108567,0.00000759
1625351564880000,1,790.69569400,0.00000759
1625351627964000,0,29652.31823176,0.00000759
1625351627964000,0,4564.91769453,0.00000759
1625351627964000,0,11412.29423633,0.00000759
1625351636449000,0,4558.90331000,0.00000759
1625351636543000,0,0.00000022,0.00000759
1625351636543000,0,6838.35495978,0.00000759
1625351636629000,0,4558.90331000,0.00000759
1625351654606000,0,4558.90331022,0.00000759
1625351654606000,0,11397.25827555,0.00000759
1625351773184000,0,11365.67967551,0.00000761
1625351858280000,0,4538.34016267,0.00000761
1625351868536000,0,11344.88991284,0.00000761
1625351940977000,1,2257.11717000,0.00000762
1625352611683000,0,1957.58424625,0.00000761
1625352688008000,1,4526.02670000,0.00000761
1625352756829000,1,42.86606438,0.00000761
1625352940546000,0,4529.19850000,0.00000760
1625353384807000,0,5725.84511258,0.00000759
1625353385634000,0,1071.29093282,0.00000759
1625353433381000,0,1.65462216,0.00000759
1625353444290000,1,4532.60331810,0.00000759
1625353449725000,1,1190.95707906,0.00000759
1625353449827000,0,3341.66018777,0.00000759
1625353503725000,0,4532.00920714,0.00000759
1625353503725000,0,1195.94109744,0.00000759
1625353503849000,0,10134.08192041,0.00000759
1625353505154000,1,5728.11520127,0.00000759
1625353505154000,1,6271.88479873,0.00000759
1625353505438000,1,6061.81842430,0.00000759
1625353505723000,1,3832.94150000,0.00000759
1625353505736000,1,1428.31111581,0.00000759
1625353506295000,1,50.00000000,0.00000758
1625353506295000,1,4537.09671318,0.00000758
1625353506295000,1,5609.92908668,0.00000758
1625353587665000,0,4537.98811111,0.00000758
1625354076914000,1,4537.79700000,0.00000760
1625354120515000,1,4537.89267000,0.00000760
1625354167922000,1,4538.19137000,0.00000760
1625354421019000,0,4549.06536609,0.00000759
1625354421019000,0,11372.66340391,0.00000759
1625354563827000,0,4546.15801091,0.00000758
1625354635097000,0,4560.32780000,0.00000757
1625355090262000,1,4544.89944474,0.00000758
1625355425474000,0,1658.89350904,0.00000760
1625355453855000,0,4.37742565,0.00000759
1625355453855000,0,11305.01870435,0.00000759
1625355553088000,1,2261.01957000,0.00000759
1625355948664000,0,4513.14534819,0.00000760
1625355948664000,0,1189.36130142,0.00000760
1625356130548000,1,4510.53688000,0.00000760
1625356483944000,1,4502.90523625,0.00000760
1625356587798000,1,2243.64166000,0.00000761
1625356601409000,1,4496.67391033,0.00000761
1625356795039000,1,5685.68906590,0.00000761
1625356881582000,0,2252.75173459,0.00000761
1625356885649000,0,3445.82032883,0.00000761
1625356885730000,1,1055.89146228,0.00000761
1625356893465000,0,4503.55388790,0.00000761
1625357239160000,1,4500.85769000,0.00000762
1625357337853000,1,2260.83974000,0.00000762
1625357783156000,0,1.91788440,0.00000760
1625357783156000,0,3839.66223541,0.00000760
1625357783253000,0,680.77048211,0.00000760
1625357796003000,1,4517.23420631,0.00000760
1625358072784000,0,2000.00000000,0.00000760
1625358098424000,0,1.36325591,0.00000761
1625358098424000,0,11273.21372409,0.00000761
1625358098464000,0,0.00000812,0.00000761
1625358226369000,0,4487.92284255,0.00000763
1625358226369000,0,11219.80710638,0.00000763
1625358316509000,1,2221.72675000,0.00000764
1625358948538000,1,3690.69985659,0.00000764
1625358948539000,1,795.33352550,0.00000764
1625359039793000,1,2190.00661454,0.00000762
1625359261417000,0,4504.69717000,0.00000761
1625359261790000,0,0.00000594,0.00000761
1625359287473000,1,9000.71561000,0.00000762
1625359490076000,1,4005.00000000,0.00000761
1625359687188000,1,1003.00000000,0.00000760
1625359746194000,1,714.00000000,0.00000760
1625359749324000,1,1975.00000000,0.00000760
1625359773916000,1,4518.78928012,0.00000759
1625359779025000,0,4524.22084850,0.00000759
1625359845088000,1,4530.51323290,0.00000758
1625359849400000,0,4530.66867452,0.00000758
1625359854242000,0,1193.98650748,0.00000758
1625359854319000,1,3336.73001764,0.00000758
1625359865345000,1,4530.75233000,0.00000758
1625359865482000,1,0.00000764,0.00000758
1625359941336000,1,2274.00200000,0.00000757
1625359944667000,1,781.00000000,0.00000757
1625359947910000,1,713.00000000,0.00000757
1625360083324000,1,4536.16388677,0.00000757
1625360096960000,1,4536.51740511,0.00000757
1625360408772000,1,11346.49789000,0.00000757
1625360408919000,1,4539.39103000,0.00000757
1625360836274000,1,1151.02548020,0.00000757
1625360897529000,1,4547.32601000,0.00000757
1625360974877000,0,4554.46134561,0.00000757
1625361044345000,1,4553.15220001,0.00000757
1625361405088000,1,3854.07293600,0.00000756
1625361405198000,1,2523.29170000,0.00000756
1625361482864000,1,615.00000000,0.00000756
1625361486038000,1,2177.00000000,0.00000756
1625361488961000,1,1085.00000000,0.00000756
1625361579323000,1,1251.00000000,0.00000756
1625361734471000,1,1500.00000000,0.00000755
1625361734647000,1,1013.66107792,0.00000755
1625361734669000,1,11172.82285109,0.00000755
1625361761906000,1,1170.84641861,0.00000754
1625361771816000,0,3383.13368530,0.00000754
1625361936715000,1,952.40386434,0.00000755
1625362280230000,1,3206.00021475,0.00000754
1625362326969000,1,2141.53180123,0.00000754
1625362431784000,1,921.00039118,0.00000755
1625362489773000,1,689.00000000,0.00000754
1625362822745000,1,639.14840463,0.00000753
1625362822853000,1,1641.94271000,0.00000753
1625362955770000,0,0.85022917,0.00000752
1625362955770000,0,11461.64177083,0.00000752
1625364492289000,1,426.21569181,0.00000754
1625364497757000,1,1881.78451723,0.00000754
1625364585517000,1,984.55107583,0.00000754
1625364707863000,0,4565.78941970,0.00000754
1625364812342000,1,1990.62732568,0.00000754
1625365197547000,0,4561.45238834,0.00000753
1625365197547000,0,1197.97225394,0.00000753
1625365197642000,0,10205.65871000,0.00000753
1625365320450000,0,5762.71513068,0.00000753
1625365857563000,0,11384.08535321,0.00000755
1625365857563000,0,4553.66708679,0.00000755
1625365857597000,0,0.00000915,0.00000755
1625365858514000,0,11376.24305059,0.00000756
1625365858514000,0,4545.49753941,0.00000756
1625365876177000,0,5284.77970628,0.00000757
1625365876181000,0,1320.28058192,0.00000757
1625365876303000,0,971.29047373,0.00000757
1625365876335000,0,11114.29897000,0.00000757
1625365876399000,0,1145.66212381,0.00000757
1625365876434000,0,4582.64849526,0.00000757
1625365876458000,0,801.96348667,0.00000757
1625365876476000,0,3742.27444633,0.00000757
1625365877195000,0,13.28078272,0.00000757
1625366284105000,1,4532.37271000,0.00000757
1625366284187000,1,0.00000237,0.00000757
1625366291495000,1,4532.63621000,0.00000757
1625366358260000,1,4535.87851000,0.00000757
1625366902331000,1,4538.23858108,0.00000756
1625366913535000,1,4534.97087506,0.00000756
1625367088015000,0,4527.89380908,0.00000757
1625367091223000,1,1192.94163939,0.00000757
1625367096524000,1,5720.83544847,0.00000757
1625367217071000,1,800.00000000,0.00000757
1625367220112000,1,3732.58472756,0.00000757
1625367220112000,1,11329.60448244,0.00000757
1625367226036000,1,4532.76439000,0.00000757
1625367396341000,0,4532.78222939,0.00000757
1625367523560000,1,1157.38261367,0.00000756
1625368074985000,1,11304.40475000,0.00000757
1625368235917000,1,4518.61533000,0.00000758
1625368324259000,1,1005.40399452,0.00000757
1625368326777000,1,1082.00000000,0.00000757
1625368338987000,1,1741.00000000,0.00000757
1625368670994000,1,1362.00000000,0.00000757
1625368680678000,1,1871.00000000,0.00000757
1625368696290000,1,822.00000000,0.00000757
1625368836322000,1,400.00000000,0.00000757
1625368840214000,1,3048.00535712,0.00000757
1625368851861000,1,2149.00000000,0.00000757
1625368859211000,1,1610.00000000,0.00000757
1625369542299000,0,4511.70990084,0.00000757
1625369549005000,1,4518.94446061,0.00000757
1625369556445000,0,1200.41812146,0.00000757
1625369590908000,0,4522.75284836,0.00000757
1625369596040000,1,4523.21315682,0.00000757
1625369610180000,0,1196.91982077,0.00000757
1625370028699000,0,4521.15922509,0.00000756
1625370042074000,0,4520.40196030,0.00000756
1625370071018000,0,4521.45477106,0.00000756
1625370222439000,1,6788.30030000,0.00000756
1625370247231000,1,29409.31639494,0.00000756
1625370247231000,1,5737.33961410,0.00000755
1625370247231000,1,3865.00389648,0.00000755
1625370247231000,1,3114.15209448,0.00000755
1625370344575000,1,6792.44964000,0.00000756
1625370554443000,1,4520.92118301,0.00000756
1625370883941000,0,4527.98499091,0.00000756
1625371139332000,1,6788.80303000,0.00000756
1625371204674000,1,4528.84792000,0.00000756
1625371242043000,1,4526.96199991,0.00000756
1625371242043000,1,11317.71332009,0.00000756
1625371243621000,0,11324.80934671,0.00000756
1625371243621000,0,4529.92373329,0.00000756
1625371663197000,0,4522.67514643,0.00000756
1625371663197000,0,11306.68785357,0.00000756
1625371677561000,1,11290.16768000,0.00000757
1625371807287000,0,11271.24944304,0.00000759
1625371807287000,0,4503.66400696,0.00000759
1625371807431000,0,0.00000883,0.00000759
1625371807922000,0,28593.09547000,0.00000760
1625371808011000,0,13039.31622504,0.00000760
1625371860609000,1,11239.77888416,0.00000760
1625371860609000,1,29217.53668409,0.00000760
1625371860609000,1,4493.47920451,0.00000760
1625371926125000,1,8999.85673000,0.00000760
1625371931053000,1,4499.53498000,0.00000760
1625371961527000,1,4508.10537438,0.00000759
1625371966120000,1,1178.68608478,0.00000759
1625371966233000,0,3322.81913979,0.00000759
1625371966233000,0,2363.97231937,0.00000759
1625372020456000,0,4392.36097934,0.00000759
1625372320608000,0,4500.44425000,0.00000759
1625372320669000,0,0.00000235,0.00000759
1625372320738000,1,11251.11063088,0.00000759
1625372321041000,0,18680.90444861,0.00000760
1625372321138000,0,6068.89395174,0.00000760
1625372321138000,0,4488.02783826,0.00000760
1625372499834000,1,4473.12921000,0.00000762
1625372669979000,0,4490.78773331,0.00000761
1625372767293000,1,2029.40339480,0.00000760
1625372777451000,1,5669.48770455,0.00000760
1625372777559000,0,872.42810826,0.00000760
1625372784346000,1,4496.42713900,0.00000760
1625372784361000,1,300.63245729,0.00000760
1625372784454000,0,5669.48770455,0.00000760
1625372864708000,0,4495.50539371,0.00000760
1625372864708000,0,1180.55268520,0.00000760
1625372864797000,0,10058.21079000,0.00000760
1625372867559000,0,0.00000907,0.00000760
1625372938530000,0,4498.54646284,0.00000760
1625372938530000,0,5675.90689537,0.00000761
1625372938530000,0,262.69650407,0.00000761
1625373002460000,0,4495.82507998,0.00000761
1625373002460000,0,11239.20863440,0.00000761
1625373039108000,0,4492.95980381,0.00000761
1625373039108000,0,3568.61179770,0.00000761
1625373281902000,1,961.00081574,0.00000761
1625373429222000,0,6739.04461000,0.00000760
1625373429541000,0,4490.77971073,0.00000760
1625373780582000,0,4490.76438378,0.00000760
1625373780582000,0,1179.45386079,0.00000760
1625374878665000,1,29144.87471000,0.00000761
1625374929042000,1,4476.46828000,0.00000762
1625374929190000,1,0.00000669,0.00000762
1625374929190000,1,6727.16908331,0.00000762
1625374929252000,1,4476.46828000,0.00000762
1625374957135000,1,4482.67682000,0.00000762
1625375189711000,1,2053.60143702,0.00000761
1625375195506000,1,4677.33420000,0.00000761
1625375254115000,1,79.01073736,0.00000760
1625375260604000,1,4490.37694000,0.00000761
1625375264547000,1,0.00000125,0.00000761
1625375264547000,1,11224.17145875,0.00000761
1625375337102000,1,4490.04056088,0.00000761
1625375342120000,0,1181.85695617,0.00000761
1625375342207000,1,3308.13639747,0.00000761
1625375347643000,0,2364.01579260,0.00000761
1625375347740000,1,2125.94215625,0.00000761
1625375466049000,1,6736.26782000,0.00000761
1625375750274000,1,2504.00000000,0.00000761
1625375780311000,0,29188.66989059,0.00000762
1625375780311000,0,4490.13496021,0.00000762
1625375780311000,0,11225.33740053,0.00000762
1625375787690000,1,4476.56995323,0.00000763
1625375787690000,1,11194.01961677,0.00000763
1625375903210000,1,11189.03643000,0.00000763
1625375910967000,1,4479.72289000,0.00000763
1625376169047000,1,533.72560501,0.00000763
1625376173955000,1,990.00000000,0.00000763
1625376195254000,1,4477.37225318,0.00000763
1625376195254000,1,11191.21437682,0.00000763
1625376195288000,1,0.00001170,0.00000763
1625376418587000,1,11147.87190000,0.00000764
1625376437711000,1,4467.08968000,0.00000764
1625376589478000,1,2335.08844933,0.00000763
1625376599127000,1,893.00000000,0.00000763
1625376601508000,1,614.00000000,0.00000763
1625376747601000,1,4473.56284082,0.00000763
1625376747601000,1,11183.52499918,0.00000763
1625376836128000,1,6723.20645845,0.00000762
1625377120462000,1,611.00000000,0.00000762
1625377292240000,1,4466.15453215,0.00000762
1625377292240000,1,3800.13441021,0.00000762
1625377311431000,0,11177.22574000,0.00000762
1625377351353000,1,4452.62897912,0.00000763
1625377396400000,1,4452.86243000,0.00000763
1625377450831000,1,4450.54803000,0.00000761
1625377647149000,1,28500.00000000,0.00000759
1625377658520000,1,4444.13240374,0.00000759
1625377658520000,1,55.86759626,0.00000759
1625377658582000,1,11055.29234000,0.00000759
1625378398457000,0,4443.42050000,0.00000759
1625378773956000,0,11120.40654000,0.00000759
1625378774387000,0,0.00000651,0.00000759
1625378809492000,1,4445.42441000,0.00000760
1625379201258000,0,4453.59320000,0.00000759
1625379361061000,0,4452.70099885,0.00000759
1625379361061000,0,1168.18768269,0.00000759
1625379361165000,0,9963.56481444,0.00000759
1625379781274000,1,4017.95800000,0.00000759
1625379881657000,1,11112.67384939,0.00000759
1625380455555000,1,11077.66051000,0.00000760
1625380715845000,0,1078.97330125,0.00000760
1625380887358000,0,4430.96878524,0.00000760
1625380887358000,0,1155.43344585,0.00000760
1625380887475000,0,9921.98851000,0.00000760
1625381240176000,1,6633.67629000,0.00000762
1625381240634000,1,4421.76627000,0.00000762
1625381246177000,1,6632.59748000,0.00000762
1625381261252000,0,5581.04300048,0.00000762
1625381262348000,0,5471.10065076,0.00000762
1625381267563000,1,111.05829273,0.00000762
1625381326660000,1,4420.74143000,0.00000762
1625381386147000,1,5582.78009937,0.00000761
1625381386239000,0,5482.24665066,0.00000761
1625381386239000,0,100.33962357,0.00000761
1625381386642000,0,4325.67107000,0.00000761
1625381404674000,0,5583.46405400,0.00000761
1625381404683000,0,5481.22533967,0.00000761
1625381537472000,0,0.70954207,0.00000761
1625381544728000,1,241.85396311,0.00000761
1625381954523000,0,4403.64355178,0.00000761
1625381954523000,0,11009.10886822,0.00000761
1625381954579000,0,0.00001122,0.00000761
1625381955077000,0,3948.12014322,0.00000762
1625381955123000,0,3936.17440477,0.00000762
1625381988753000,0,6592.25088430,0.00000763
1625382028830000,1,10979.43015000,0.00000763
1625382631029000,0,400.00000000,0.00000763
1625382713627000,0,6596.58770000,0.00000762
1625382713818000,0,4397.18664000,0.00000762
1625382987521000,0,10410.89182507,0.00000763
1625382990820000,0,10992.37731000,0.00000762
1625383246747000,1,4385.44058285,0.00000764
1625383246760000,1,1156.99894121,0.00000764
1625383246883000,0,5542.43952406,0.00000764
1625383326050000,1,4374.27435000,0.00000765
1625383359670000,0,2199.48275312,0.00000765
1625383424075000,0,4381.55769941,0.00000765
1625383424135000,1,1152.61122606,0.00000765
1625384101802000,1,7000.00000000,0.00000764
1625384309744000,1,3732.60637745,0.00000764
1625384703910000,1,3000.00000000,0.00000765
1625385096471000,0,474.07428600,0.00000766
1625385104510000,0,4373.87546000,0.00000765
1625385211650000,0,4374.91104000,0.00000765
1625385224030000,1,10926.81008465,0.00000765
1625385224030000,1,28411.43388011,0.00000765
1625385316532000,1,28453.29611274,0.00000763
1625385316532000,1,10927.10826196,0.00000763
1625385316532000,1,4371.78312681,0.00000763
1625385365501000,1,2148.62322000,0.00000763
1625385386981000,0,4362.81229114,0.00000763
1625385538990000,1,1000.00000000,0.00000762
1625385625345000,1,3500.00000000,0.00000762
1625385659295000,0,10953.32203000,0.00000761
1625385720033000,1,4388.46061118,0.00000760
1625385720298000,1,1142.99165886,0.00000760
1625385720298000,1,3243.00249338,0.00000760
1625385723462000,0,5533.01547513,0.00000760
1625385731315000,0,3000.00000000,0.00000761
1625385894752000,1,4373.16705000,0.00000762
1625386074627000,1,4379.60812000,0.00000762
1625386217464000,0,4.77601554,0.00000760
1625386217464000,0,10984.64802446,0.00000760
1625386240377000,0,4393.85921000,0.00000760
1625386256334000,1,3721.55285165,0.00000760
1625386324689000,1,4394.82491000,0.00000760
1625386360235000,0,11000.91482000,0.00000759
1625386388563000,1,3704.93896153,0.00000759
1625386466863000,0,3141.20501318,0.00000759
1625386808793000,0,682.66438023,0.00000758
1625387249285000,1,4405.80565781,0.00000760
1625387249421000,1,1155.68273805,0.00000760
1625387249509000,0,3250.49182824,0.00000760
1625387268795000,1,4406.17456629,0.00000760
1625387844658000,1,1098.10000000,0.00000760
1625387845696000,0,3484.94143586,0.00000760
1625387847684000,0,920.60458053,0.00000760
1625387855749000,1,0.77566965,0.00000760
1625387869349000,0,6601.16671000,0.00000760
1625388043393000,1,2198.92834000,0.00000761
1625388052223000,1,4395.18678000,0.00000761
1625388222628000,1,4388.65959000,0.00000762
1625388251485000,1,4390.49209904,0.00000762
1625388896041000,1,4400.76615578,0.00000760
1625388896051000,1,8599.23384422,0.00000760
1625388921275000,1,4400.76615578,0.00000760
1625388921279000,1,1151.27455408,0.00000760
1625388921393000,0,5552.04070986,0.00000760
1625389097901000,1,510.00029331,0.00000760
1625389199716000,0,4404.10437000,0.00000759
1625389574633000,0,6611.93446000,0.00000760
1625389773027000,1,5566.20147257,0.00000759
1625389773180000,1,4412.58563499,0.00000759
1625389774531000,1,1153.61583758,0.00000759
1625389774702000,0,9877.84824991,0.00000759
1625389931372000,1,4417.40095871,0.00000758
1625389932184000,1,1157.27017694,0.00000758
1625389932315000,0,5574.67113565,0.00000758
1625389932428000,0,4311.56108000,0.00000758
1625390042036000,1,2225.14199000,0.00000758
1625391042977000,0,11059.40161037,0.00000758
1625391042977000,0,4423.90881963,0.00000758
1625391640496000,1,2206.78721000,0.00000758
1625392758963000,0,6624.86176726,0.00000759
1625392760280000,0,1756.50381842,0.00000760
1625392760388000,0,26912.77699526,0.00000760
1625392760388000,0,4399.90218583,0.00000760
1625392760388000,0,3687.32081891,0.00000760
1625392760460000,0,7312.02596000,0.00000760
1625392775164000,0,4404.10984000,0.00000760
1625392775242000,0,0.00000484,0.00000760
1625392812552000,0,1.65559603,0.00000762
1625392812552000,0,10987.04643556,0.00000762
1625393385609000,1,1000.00063776,0.00000760
1625393546309000,0,717.88800000,0.00000760
1625393546397000,0,3689.55585000,0.00000760
1625393690640000,1,4402.39188000,0.00000761
1625393690644000,1,0.00000731,0.00000761
1625393696307000,1,4403.51917000,0.00000761
1625393724298000,1,10991.08842000,0.00000762
1625394013149000,1,4397.17292000,0.00000762
1625394201595000,1,4393.10140117,0.00000762
1625394201595000,1,10979.55294347,0.00000762
1625394236617000,0,4395.80660000,0.00000761
1625394248824000,1,10987.40727548,0.00000761
1625394270893000,1,5560.74267863,0.00000760
1625394270893000,1,3676.25137763,0.00000760
1625394270893000,1,6241.30998524,0.00000760
1625394324094000,1,1192.04170399,0.00000761
1625394368631000,1,730.40000000,0.00000761
1625396496425000,1,123.98568500,0.00000761
1625396719603000,0,5543.63600874,0.00000761
1625397572757000,1,4395.25630089,0.00000761
1625397572757000,1,10988.84731942,0.00000761
1625397573582000,1,1377.63504219,0.00000760
1625397573592000,1,1447.65795264,0.00000760
1625397573593000,1,1574.33913730,0.00000760
1625397573593000,1,268.14263221,0.00000760
1625397573612000,1,4606.18439477,0.00000760
1625397573682000,1,1447.65795264,0.00000760
1625397573702000,1,1710.89415803,0.00000760
1625397573717000,1,2966.28707173,0.00000760
1625397684109000,0,4.36401095,0.00000759
1625397684109000,0,7274.06972129,0.00000759
1625398136269000,0,730.40000000,0.00000760
1625399134444000,1,428.91597500,0.00000762
1625399224667000,1,8500.00000000,0.00000763
1625399276506000,1,730.40000000,0.00000763
1625399765571000,0,281.28047182,0.00000763
1625399995531000,0,5.22846184,0.00000764
1625399995531000,0,10948.69720816,0.00000764
1625400050028000,1,4377.84739000,0.00000764
1625400376630000,1,4377.41502000,0.00000764
1625401108993000,0,6622.37199000,0.00000759
1625401109186000,0,4412.30486000,0.00000759
1625402795770000,1,4398.06015000,0.00000762
1625403000758000,1,4403.27464843,0.00000761
1625403000767000,1,1150.13297788,0.00000761
1625403000866000,0,5553.40762631,0.00000761
1625403061162000,1,4402.86155005,0.00000761
1625403061169000,1,1152.35079918,0.00000761
1625403061272000,0,5555.21234923,0.00000761
1625403061766000,0,4299.59072671,0.00000761
1625403071401000,1,5554.28935393,0.00000761
1625403071491000,0,5452.86452119,0.00000761
1625403071491000,0,101.42483274,0.00000761
1625403077467000,1,4402.86155005,0.00000761
1625403077504000,1,1151.74263289,0.00000761
1625403077586000,0,5554.60418294,0.00000761
1625403432403000,1,4435.52334000,0.00000760
1625403578966000,1,5602.54286823,0.00000759
1625403634150000,1,3546.64229060,0.00000759
1625403634223000,1,5114.19791000,0.00000759
1625403634265000,1,20161.82664610,0.00000759
1625403634265000,1,11090.67993294,0.00000759
1625403634265000,1,1616.50967108,0.00000759
1625403639230000,0,4440.67981000,0.00000759
1625403639263000,0,0.00000373,0.00000759
1625403661386000,1,4432.09096000,0.00000760
1625404052041000,1,4428.15977000,0.00000760
1625404354632000,0,4426.69525076,0.00000760
1625404377809000,0,4427.30114733,0.00000760
1625404377809000,0,1157.62158226,0.00000760
1625404378091000,0,730.40000000,0.00000760
1625404378272000,0,9180.23128000,0.00000760
1625404400775000,1,4427.30114733,0.00000760
1625404400780000,1,1158.21608203,0.00000760
1625404407282000,1,4427.30114733,0.00000760
1625404419126000,1,1158.41189175,0.00000760
1625404419238000,0,3268.90415238,0.00000760
1625404434913000,0,4427.31604413,0.00000760
1625404434913000,0,1159.37294468,0.00000760
1625404506931000,1,4430.15395654,0.00000760
1625404587550000,1,6644.50753073,0.00000760
1625404587550000,1,28798.96276732,0.00000760
1625404892946000,0,4420.14486503,0.00000761
1625404892946000,0,1143.88657681,0.00000761
1625404892955000,0,9906.47558577,0.00000761
1625405002540000,0,4.81579029,0.00000762
1625405002540000,0,11013.43230971,0.00000762
1625405149762000,1,2197.05829000,0.00000763
1625405221607000,1,730.40000000,0.00000762
1625405471739000,0,4415.74826000,0.00000761
1625405503047000,0,6623.62238000,0.00000761
1625405554341000,1,840.50199427,0.00000761
1625405569284000,1,2036.00000000,0.00000761
1625405816974000,1,4417.69871471,0.00000760
1625405816979000,1,1152.00477051,0.00000760
1625405817049000,0,9892.24201000,0.00000760
1625405831139000,1,11026.93009000,0.00000761
1625405831429000,1,4410.87346000,0.00000761
1625405871482000,0,1.31910951,0.00000762
1625405871482000,0,11019.79160049,0.00000762
1625406042650000,0,28643.69032377,0.00000763
1625406042650000,0,5560.04395807,0.00000763
1625406042650000,0,3561.09503000,0.00000763
1625406042650000,0,3712.03485377,0.00000763
1625406042748000,1,5559.53183552,0.00000763
1625406042840000,1,12963.60399000,0.00000763
1625406042880000,1,0.00000887,0.00000763
1625406107700000,1,1443.88001447,0.00000762
1625406225286000,0,4409.95331756,0.00000762
1625406225286000,0,11024.88329389,0.00000762
1625406230323000,1,5570.15660152,0.00000762
1625406232326000,1,18594.58815185,0.00000762
1625406287555000,1,4410.97791479,0.00000762
1625406384779000,0,5563.51661480,0.00000763
1625406384779000,0,28665.66211863,0.00000763
1625406384779000,0,764.21051951,0.00000763
1625406434811000,1,4414.03051522,0.00000762
1625406515593000,0,22.11890360,0.00000761
1625406515593000,0,708.28109640,0.00000761
1625406709872000,0,4415.24380000,0.00000761
1625407024241000,0,4415.81246678,0.00000761
1625407028109000,0,1162.35214322,0.00000761
1625407073955000,0,28700.70485952,0.00000762
1625407073955000,0,11029.44753025,0.00000762
1625407074585000,0,1831.30597819,0.00000763
1625407074597000,0,2000.00000000,0.00000763
1625407094590000,1,11007.45533000,0.00000763
1625407094597000,1,0.00000216,0.00000763
1625407246670000,1,500.00000000,0.00000762
1625407256456000,1,250.00000000,0.00000762
1625407527691000,0,4409.09397501,0.00000762
1625407527727000,1,5556.15169437,0.00000762
1625407527804000,0,4409.09397000,0.00000762
1625407706469000,1,4404.19619834,0.00000762
1625407717643000,1,1146.40027145,0.00000762
1625407743974000,0,10988.47788987,0.00000763
1625407767489000,1,4396.68286809,0.00000763
1625407976845000,1,730.40000000,0.00000763
1625407976847000,1,3665.34554993,0.00000763
1625407976847000,1,10987.99263058,0.00000763
1625407978365000,1,4401.13301000,0.00000762
1625407978386000,1,0.00000610,0.00000762
1625408004336000,0,4407.32120000,0.00000761
1625408660694000,1,28651.04354207,0.00000760
1625408660694000,1,11021.75318812,0.00000760
1625408660694000,1,4409.36861981,0.00000760
1625408661295000,1,4409.69898000,0.00000760
1625409033931000,1,4417.35668201,0.00000760
1625409078293000,0,730.40000000,0.00000760
1625409078372000,0,3686.03924830,0.00000760
1625409082083000,1,4416.43833680,0.00000760
1625409083119000,1,6624.65658490,0.00000760
1625409165737000,1,730.40000000,0.00000760
1625409447761000,0,4424.20884070,0.00000760
1625409484157000,1,34.33038356,0.00000759
1625409492758000,1,4432.59729390,0.00000759
1625409738889000,1,89.19702900,0.00000759
1625409802049000,1,60.88406186,0.00000760
1625409819893000,1,4422.97872536,0.00000760
1625409819893000,1,11056.06263972,0.00000760
1625409819893000,1,11267.72908492,0.00000760
1625409820082000,1,657.54931780,0.00000760
1625409838419000,0,4429.31891000,0.00000759
1625409938713000,1,28748.92492384,0.00000759
1625409941992000,0,4427.25904000,0.00000758
1625409942056000,0,0.00000479,0.00000758
1625409942056000,0,11068.14760521,0.00000758
1625410327076000,0,4418.17895962,0.00000759
1625410327076000,0,1155.28443127,0.00000759
1625410327171000,0,9890.16296000,0.00000759
1625411624384000,0,4413.63842000,0.00000760
1625411945007000,1,1721.00000000,0.00000760
1625412458250000,0,11030.95090000,0.00000760
1625412550751000,0,11006.65023315,0.00000762
1625412550751000,0,4401.68577685,0.00000762
1625412703562000,1,4393.61408000,0.00000763
1625412718117000,1,4398.73420617,0.00000762
1625412722555000,1,2204.48721383,0.00000762
1625412824180000,1,2180.78792000,0.00000763
1625412834228000,1,4393.81394000,0.00000763
1625412887393000,0,18.71959155,0.00000761
1625412887393000,0,11012.06113845,0.00000761
1625413151037000,0,3.14557423,0.00000763
1625413151037000,0,727.25442577,0.00000763
1625413151147000,0,10259.51001000,0.00000763
1625413232580000,0,4390.76158822,0.00000763
1625413232580000,0,1141.51038271,0.00000763
1625413232650000,0,9835.39358785,0.00000763
1625413251197000,1,730.40000000,0.00000763
1625413251286000,1,3661.34840441,0.00000763
1625413311885000,0,730.40000000,0.00000762
1625413334186000,1,28564.76252000,0.00000762
1625413656213000,0,4409.95506000,0.00000760
1625414152168000,1,5543.41005760,0.00000761
1625414152791000,0,4394.88038977,0.00000761
1625414221679000,1,4387.99713000,0.00000762
1625414241734000,1,730.40000000,0.00000762
1625414241745000,1,970.32206246,0.00000762
1625414336622000,0,2.53459456,0.00000762
1625414336622000,0,727.86540544,0.00000762
1625414336941000,0,10248.80809205,0.00000762
1625414374410000,1,730.40000000,0.00000762
1625414374494000,1,3662.69937000,0.00000762
1625414414342000,1,28542.27432000,0.00000762
1625414534660000,1,4389.65895000,0.00000762
1625414776472000,1,4395.85757000,0.00000761
1625414776606000,1,0.00000387,0.00000761
1625414776876000,1,801.98519525,0.00000760
1625414781609000,0,6631.19244000,0.00000760
1625414786602000,0,4410.18110000,0.00000760
1625415169885000,1,864.77419260,0.00000760
1625415261347000,0,730.40000000,0.00000761
1625415370172000,1,730.40000000,0.00000761
1625415518461000,0,4387.28109661,0.00000760
1625415518461000,0,10968.20273339,0.00000760
1625415518529000,0,0.00000813,0.00000760
1625415543670000,0,3649.71742381,0.00000760
1625415543780000,0,7318.48531000,0.00000760
1625415726637000,1,2182.49325000,0.00000761
1625415726673000,1,0.00000414,0.00000761
1625415730301000,1,4382.21999000,0.00000761
1625415849908000,1,28451.05456000,0.00000762
1625415850232000,1,0.00000198,0.00000762
1625416992062000,0,4.97682927,0.00000760
1625416992062000,0,10989.49210073,0.00000760
1625417246274000,1,3734.05000057,0.00000759
1625417307022000,0,4414.94698669,0.00000758
1625417307022000,0,11037.36745331,0.00000758
1625417916137000,1,4414.50766671,0.00000759
1625418396586000,1,1808.10759138,0.00000759
1625418396681000,1,2608.23430000,0.00000759
1625418514171000,1,11049.59552000,0.00000759
1625419004308000,0,4413.87173246,0.00000759
1625419004308000,0,11034.67932754,0.00000759
1625419259412000,0,730.40000000,0.00000761
1625419280932000,1,730.40000000,0.00000761
1625419541473000,1,119.01486600,0.00000761
1625419541555000,1,4274.92378000,0.00000761
1625420211719000,0,5565.31258430,0.00000760
1625420489323000,1,4407.54341491,0.00000759
1625420494618000,0,1149.95544396,0.00000759
1625420494971000,1,3252.03189044,0.00000759
1625420515566000,0,2305.45447524,0.00000759
1625420515674000,1,2096.31822541,0.00000759
1625420598269000,0,4400.96507501,0.00000759
1625420670743000,1,3835.43965761,0.00000759
1625420674367000,1,565.55777645,0.00000759
1625420966559000,0,275.09714300,0.00000760
1625421256613000,1,4396.56269000,0.00000760
1625421638463000,0,8.55734466,0.00000759
1625421638463000,0,721.84265534,0.00000759
1625421638593000,0,3682.51200000,0.00000759
1625421682928000,0,4404.35465768,0.00000759
1625421682928000,0,1156.14233614,0.00000759
1625421727371000,1,730.40000000,0.00000760
1625421727443000,1,3667.30636000,0.00000760
1625421988736000,1,4409.45010320,0.00000759
1625421988736000,1,524.51469480,0.00000759
1625422284977000,1,3247.30237924,0.00000759
1625422285146000,1,742.00000000,0.00000759
1625422291612000,1,421.83993549,0.00000759
1625422362282000,0,4411.90593229,0.00000759
1625422362282000,0,11029.76483072,0.00000759
1625422505512000,1,664.00000000,0.00000759
1625423541785000,0,5573.35232323,0.00000758
1625423541900000,0,5474.40417000,0.00000758
1625424033809000,0,7.11450613,0.00000758
1625424033809000,0,11048.49666387,0.00000758
1625424039265000,1,3765.51689437,0.00000758
1625424183156000,1,4404.73262000,0.00000759
1625424183416000,1,4413.73450000,0.00000759
1625424232202000,1,4418.04521368,0.00000759
1625424301047000,0,4419.28097268,0.00000759
1625424338437000,0,6642.18490000,0.00000758
1625424343321000,0,4424.88048283,0.00000758
1625424366058000,0,7072.87342120,0.00000758
1625424367528000,0,3988.59245000,0.00000758
1625424377325000,1,4424.58635029,0.00000758
1625424676250000,0,730.40000000,0.00000758
1625424881373000,0,2538.99999999,0.00000758
1625424890682000,1,448.99999999,0.00000758
1625424890746000,1,730.40000000,0.00000758
1625425168895000,0,4415.47894183,0.00000758
1625425168895000,0,11038.69734817,0.00000758
1625425305248000,1,4409.05641704,0.00000759
1625425305248000,1,1152.12716816,0.00000759
1625425305340000,0,5561.18358520,0.00000759
1625425305453000,0,4309.33028000,0.00000759
1625425312427000,0,4409.05641704,0.00000759
1625425312528000,1,1151.75376949,0.00000759
1625425524778000,0,730.40000000,0.00000760
1625425524895000,0,3677.52059075,0.00000760
1625425524895000,0,11019.80147687,0.00000760
1625425572051000,0,4401.74884635,0.00000760
1625425582036000,0,3850.87638351,0.00000760
1625425681162000,1,5552.57018393,0.00000760
1625425681244000,0,5452.51064179,0.00000760
1625425681351000,1,100.05954214,0.00000760
1625425816640000,1,9660.61504260,0.00000760
1625425973117000,1,730.40000000,0.00000760
1625425973211000,1,5870.07580000,0.00000760
1625426108303000,0,771.92619776,0.00000760
1625426264005000,1,2011.77452707,0.00000760
1625426303923000,1,35.68265680,0.00000759
1625426314518000,1,4398.53891000,0.00000760
1625426318200000,1,4398.13954000,0.00000760
1625427086557000,0,4402.37148067,0.00000760
1625427086557000,0,997.62851933,0.00000760
1625428307999000,1,4407.41924000,0.00000759
1625429504565000,1,4420.86196093,0.00000757
1625429785789000,0,0.36464553,0.00000757
1625429921524000,0,5581.25803702,0.00000757
1625429945906000,0,4423.35485182,0.00000757
1625429945906000,0,1158.82070525,0.00000757
1625429980858000,1,4423.39928681,0.00000757
1625429980859000,1,1158.40952326,0.00000757
1625429987175000,1,4423.39928681,0.00000757
1625429987188000,1,1158.40952326,0.00000757
1625429987298000,0,5581.80881007,0.00000757
1625429988418000,0,4318.27988369,0.00000757
1625429994984000,1,1263.81128164,0.00000757
1625429994984000,1,3159.58800517,0.00000757
1625429994984000,1,580.39680196,0.00000757
1625429995088000,0,5581.79832582,0.00000757
1625429995486000,0,4896.30308924,0.00000757
1625430123029000,1,2215.28531000,0.00000758
1625430612251000,1,3743.00200447,0.00000756
1625430705076000,0,4.78052857,0.00000756
1625430726864000,1,4422.97074456,0.00000756
1625430726881000,1,1156.26055963,0.00000756
1625430800523000,1,3692.73680013,0.00000756
1625430856032000,1,4420.97507930,0.00000756
1625430856033000,1,9079.02492070,0.00000756
1625430920541000,1,2202.32787000,0.00000757
1625431002877000,0,4420.04840885,0.00000756
1625431195953000,0,4419.44744334,0.00000756
1625431195953000,0,2542.92193595,0.00000757
1625431254561000,0,3722.49603957,0.00000756
1625431296715000,0,1063.00451500,0.00000756
1625431486742000,0,4419.91153400,0.00000756
1625431544767000,1,4419.31760412,0.00000756
1625431554962000,1,4419.36437625,0.00000756
1625431652497000,1,4409.42860000,0.00000756
1625431657058000,1,11049.38009000,0.00000756
1625431657215000,1,4421.24416000,0.00000756
1625432323689000,0,2219.79164500,0.00000755
1625432378057000,0,3372.36193313,0.00000755
1625432991140000,0,4079.97585950,0.00000755
1625433000266000,0,54.43634437,0.00000755
1625433020706000,0,4079.97585950,0.00000755
1625433025258000,0,345.95246790,0.00000755
1625433025258000,0,3734.02339160,0.00000755
1625433041201000,0,4079.97585950,0.00000755
1625433218405000,1,11055.46761000,0.00000756
1625434336373000,0,33.38719204,0.00000755
1625434414540000,0,3564.45204940,0.00000754
1625434661581000,1,11048.99909028,0.00000753
1625434661581000,1,4419.48919442,0.00000753
1625434681928000,0,44019.81524134,0.00000754
1625434697101000,1,4412.08435000,0.00000755
1625434699601000,1,0.00000491,0.00000755
1625434699601000,1,8999.99999509,0.00000755
1625435169953000,1,414.28113475,0.00000755
1625435227979000,1,2130.62879902,0.00000755
1625435228230000,0,6594.98034000,0.00000754
1625435228724000,0,4393.43679000,0.00000754
1625435228887000,0,0.00000941,0.00000754
1625435228887000,0,10983.59198059,0.00000754
1625435620379000,1,4380.98538000,0.00000755
1625435980453000,1,4384.33530484,0.00000755
1625435980453000,1,4115.66469516,0.00000755
1625436028333000,1,2194.50255000,0.00000755
1625436476494000,0,6583.40429000,0.00000756
1625436573829000,0,2689.57205111,0.00000757
1625436573865000,0,1694.80895607,0.00000757
1625436573865000,0,2010.03945372,0.00000757
1625436661802000,1,4380.04639000,0.00000758
1625437121191000,1,4387.18362571,0.00000758
1625437121191000,1,10967.95905429,0.00000758
1625437171493000,0,936.69651767,0.00000758
1625437812877000,0,10991.59141011,0.00000757
1625438038163000,0,2201.38606767,0.00000757
1625438418694000,1,13500.00000000,0.00000755
1625438418723000,1,4626.90538126,0.00000755
1625438418747000,1,2649.55484579,0.00000755
1625438418845000,1,2198.15983283,0.00000755
1625438418880000,1,932.99692146,0.00000755
1625438418890000,1,1356.16523369,0.00000755
1625438418918000,1,563.02651258,0.00000755
1625438418948000,1,667.02082138,0.00000755
1625438418956000,1,1307.81123112,0.00000755
1625438418978000,1,887.52641275,0.00000755
1625438418978000,1,10973.78624713,0.00000755
1625438849617000,1,3000.00000000,0.00000755
1625438874124000,1,6278.90836653,0.00000753
1625438874158000,1,3889.74236388,0.00000753
1625438874211000,1,494.64303800,0.00000753
1625438874231000,1,431.94925904,0.00000753
1625438874231000,1,364.86348996,0.00000753
1625438874261000,1,4078.44471882,0.00000753
1625439541239000,0,4453.18174000,0.00000754
1625439656587000,0,11147.59148037,0.00000755
1625439657289000,0,4459.03659215,0.00000755
1625439689383000,1,4.07272933,0.00000755
1625439689545000,1,5626.90248773,0.00000755
1625439691593000,0,5520.68899264,0.00000755
1625439739648000,0,0.77784675,0.00000755
1625439739753000,0,5622.36618345,0.00000755
1625439739843000,0,5524.58733743,0.00000755
1625439757791000,1,4111.44417000,0.00000756
1625439788930000,1,4453.60898204,0.00000755
1625439788936000,1,1168.75720053,0.00000755
1625439789014000,0,4347.70141000,0.00000755
1625439943208000,0,4447.38750937,0.00000756
1625440049639000,0,285.82981530,0.00000758
1625440331040000,1,4443.72185000,0.00000756
1625440350436000,1,4446.38173297,0.00000756
1625440350436000,1,2730.84714142,0.00000755
1625441005735000,1,4431.07418000,0.00000756
1625441106714000,0,4445.17447000,0.00000755
1625441232686000,0,11099.78446136,0.00000756
1625441232686000,0,4438.53318864,0.00000756
1625441729730000,1,4432.31229649,0.00000756
1625441736402000,0,1170.89349123,0.00000756
1625441736473000,1,3262.35407712,0.00000756
1625442171713000,0,4438.15648406,0.00000757
1625442171713000,0,1168.81089677,0.00000757
1625442171894000,0,9926.58031339,0.00000757
1625442242873000,1,4439.60330369,0.00000757
1625442242880000,1,1168.38131055,0.00000757
1625442243521000,0,5607.55311371,0.00000757
1625442424667000,0,730.40000000,0.00000758
1625442424780000,0,3690.00104749,0.00000758
1625442733305000,0,6657.92597130,0.00000758
1625442733305000,0,28822.23475884,0.00000758
1625442734330000,0,4888.07336094,0.00000759
1625442769445000,1,730.40000000,0.00000758
1625442953929000,1,6633.97887000,0.00000760
1625442998351000,1,4424.05227969,0.00000760
1625442998351000,1,4075.94772031,0.00000760
1625442998355000,1,4658.02949654,0.00000760
1625442998372000,1,2325.27773319,0.00000760
1625442999323000,1,1.63622033,0.00000759
1625443047080000,1,1749.44503366,0.00000758
1625443048441000,0,1752.06803000,0.00000758
1625443145824000,0,730.40000000,0.00000759
