timestamp ms,type,amount,price
1625270566523000,0,365.20000000,0.00000776
1625270590158000,0,4514.66402378,0.00000775
1625270612100000,1,365.20000000,0.00000776
1625270941048000,1,2500.98916129,0.00000775
1625271828973000,1,2.19476246,0.00000776
1625271829109000,1,4539.83637413,0.00000776
1625271830143000,1,1196.55369033,0.00000776
1625271830238000,0,5738.58482692,0.00000776
1625271830351000,0,4414.45241000,0.00000776
1625272146970000,0,4536.85978983,0.00000776
1625272150526000,1,1196.40820193,0.00000776
1625272153168000,0,365.20000000,0.00000776
1625272198229000,1,365.20000000,0.00000776
1625273320450000,1,1581.08827261,0.00000779
1625273450259000,1,1947.00000000,0.00000779
1625273898044000,1,1148.54046279,0.00000780
1625273898046000,1,3374.81365490,0.00000780
1625274418346000,0,4522.65747373,0.00000780
1625274418347000,0,5239.25428627,0.00000780
1625275125524000,0,5729.58078770,0.00000778
1625275169934000,1,2905.00000000,0.00000778
1625276320891000,1,3500.00000000,0.00000779
1625276561888000,0,4498.45711918,0.00000780
1625276797525000,0,4492.69725091,0.00000781
1625276797525000,0,11231.74312727,0.00000781
1625277002597000,0,181.25031928,0.00000783
1625277305072000,1,4000.00000000,0.00000786
1625277305625000,1,467.40955041,0.00000786
1625277305625000,1,196.66966393,0.00000786
1625277625183000,0,4.99713897,0.00000783
1625277625183000,0,11212.96881103,0.00000783
1625277664462000,0,4487.39382927,0.00000783
1625277664462000,0,1197.77191751,0.00000783
1625277664516000,0,10020.71265567,0.00000783
1625277682337000,0,365.20000000,0.00000784
1625277775093000,0,2237.47597327,0.00000785
1625277775093000,0,3438.63687409,0.00000785
1625277860416000,1,365.20000000,0.00000785
1625277978873000,0,365.20000000,0.00000785
1625278342058000,1,365.20000000,0.00000783
1625278773074000,0,221.90772559,0.00000782
1625278796175000,0,6768.22392000,0.00000781
1625278796345000,0,4508.86599000,0.00000781
1625278796739000,0,0.00000964,0.00000781
1625278796739000,0,11272.16498036,0.00000781
1625279262943000,1,4512.34256550,0.00000780
1625279263111000,1,1201.77442673,0.00000780
1625279306772000,0,5705.40692395,0.00000781
1625279356851000,1,4267.22085000,0.00000780
1625279493658000,0,365.20000000,0.00000780
1625279493690000,0,4150.29317588,0.00000780
1625279713121000,0,3748.16837809,0.00000780
1625279884143000,0,4514.85328036,0.00000780
1625279884326000,1,1208.14852352,0.00000780
1625279884326000,1,10078.98467738,0.00000780
1625279936925000,0,4514.85328036,0.00000780
1625279936925000,0,1206.97773857,0.00000780
1625279937034000,0,10080.15546000,0.00000780
1625280218866000,0,5734.46801748,0.00000779
1625280471610000,1,90.10901090,0.00000778
1625280627838000,0,4537.93374535,0.00000779
1625280627838000,0,11344.83435465,0.00000779
1625280798936000,0,1852.00000000,0.00000778
1625280798961000,0,486.99589469,0.00000778
1625280992865000,0,3844.20272162,0.00000778
1625281036014000,1,488.00000000,0.00000777
1625281186110000,1,365.20000000,0.00000778
1625281186206000,1,4173.77350000,0.00000778
1625281414445000,0,365.20000000,0.00000778
1625281439658000,0,4547.14860634,0.00000778
1625281439658000,0,11367.87151584,0.00000778
1625281530617000,1,4551.57971000,0.00000778
1625281738576000,1,4550.98879358,0.00000778
1625281920252000,0,4552.75356135,0.00000778
1625281920252000,0,1212.42893755,0.00000778
1625281920369000,0,10169.45496000,0.00000778
1625281925938000,1,4552.34099976,0.00000778
1625282201661000,0,4546.23288119,0.00000779
1625282201661000,0,1208.58555281,0.00000779
1625282275816000,0,3.53056654,0.00000779
1625282275816000,0,5748.35052078,0.00000779
1625282291049000,0,2271.13335508,0.00000779
1625282291975000,1,680.00000000,0.00000779
1625282324184000,1,2269.18644000,0.00000779
1625282406419000,0,5755.39079395,0.00000779
1625282406529000,0,5606.82162000,0.00000779
1625282577584000,0,4544.22120251,0.00000779
1625282577584000,0,1211.36612856,0.00000779
1625282635520000,0,4543.98939300,0.00000779
1625282943192000,1,4404.42745821,0.00000779
1625283247207000,0,6381.44606000,0.00000778
1625283247421000,0,4367.26407000,0.00000778
1625283247745000,0,0.00000278,0.00000778
1625283372014000,0,2720.23166485,0.00000778
1625283372014000,0,10313.54523698,0.00000778
1625283568110000,1,2072.35529000,0.00000778
1625283606849000,0,3883.78454000,0.00000776
1625283607253000,0,0.00000423,0.00000776
1625283607253000,0,9709.46135577,0.00000776
1625283648904000,1,3680.12034947,0.00000776
1625283648909000,1,2091.26094862,0.00000776
1625283655453000,1,4586.01442838,0.00000776
1625283655586000,1,1184.68829147,0.00000776
1625283655679000,0,2365.40863848,0.00000776
1625283655679000,0,3405.29408137,0.00000776
1625283797598000,1,2182.16527000,0.00000777
1625284036419000,0,3786.91653000,0.00000776
1625284038567000,0,3339.24265000,0.00000776
1625284038675000,0,0.00000641,0.00000776
1625284039150000,0,21674.67043236,0.00000777
1625284039150000,0,3339.24264764,0.00000777
1625284039190000,0,5008.86399340,0.00000777
1625284182185000,0,770.60680000,0.00000777
1625284182392000,0,2128.87838000,0.00000777
1625284407703000,0,2679.42305504,0.00000779
1625284413275000,0,2003.35294862,0.00000779
1625284413275000,0,3757.74713199,0.00000779
1625284424222000,0,1876.13349616,0.00000779
1625284424222000,0,3884.34384313,0.00000779
1625284567018000,0,1744.11745667,0.00000779
1625284567018000,0,4360.29364168,0.00000779
1625284767640000,1,365.20000000,0.00000779
1625285210625000,1,1131.69000000,0.00000779
1625285536858000,0,365.20000000,0.00000779
1625285657023000,1,365.20000000,0.00000778
1625286193709000,0,1636.17468827,0.00000776
1625286279854000,1,751.58220423,0.00000776
1625286281298000,1,4328.10646403,0.00000776
1625286286461000,0,1616.80230579,0.00000776
1625286286461000,0,4036.80369785,0.00000776
1625286338101000,0,1489.43224527,0.00000776
1625286338101000,0,3723.58061318,0.00000776
1625286769484000,0,365.20000000,0.00000777
1625287789588000,1,1914.90033319,0.00000778
1625287789747000,1,1366.29426315,0.00000778
1625287856884000,1,365.20000000,0.00000778
1625287892413000,0,1300.60005327,0.00000778
1625287921313000,0,3230.93125063,0.00000778
1625287983000000,1,4531.48704440,0.00000778
1625288447347000,1,2568.69152368,0.00000778
1625288967185000,1,673.15670252,0.00000777
1625288967189000,1,3159.51214851,0.00000777
1625288991491000,1,2943.64706409,0.00000777
1625289380007000,1,1177.45884507,0.00000777
1625289563976000,1,4528.40069112,0.00000778
1625289607507000,0,1287.36571417,0.00000778
1625289607507000,0,622.87162977,0.00000778
1625290037025000,0,365.20000000,0.00000778
1625290037115000,0,879.13012000,0.00000778
1625290037446000,0,0.00000928,0.00000778
1625290037446000,0,3106.83195072,0.00000778
1625290061222000,1,365.20000000,0.00000778
1625290882977000,0,2923.82487690,0.00000779
1625290882977000,0,676.02123807,0.00000779
1625291001689000,0,365.20000000,0.00000780
1625291001716000,0,724.29481798,0.00000780
1625291001716000,0,2723.73704495,0.00000780
1625291558669000,1,365.20000000,0.00000781
1625292637248000,0,1021.50248023,0.00000779
1625292637248000,0,2553.75619977,0.00000779
1625292637306000,0,0.00000079,0.00000779
1625293480871000,1,4485.70465000,0.00000781
1625294726985000,0,26.07306122,0.00000784
1625295418372000,0,365.20000000,0.00000782
1625296158566000,1,365.20000000,0.00000782
1625296220006000,1,11258.18737162,0.00000780
1625296220006000,1,4503.24410838,0.00000780
1625296220586000,1,0.00000439,0.00000780
1625296528321000,0,365.20000000,0.00000779
1625296528399000,0,6987.66257938,0.00000779
1625296528399000,0,2941.14503175,0.00000779
1625296804202000,1,4508.07567209,0.00000778
1625296804202000,1,11270.18918022,0.00000778
1625296804202000,1,5707.44693769,0.00000778
1625296806752000,1,4510.56285000,0.00000777
1625296859677000,0,19906.92062796,0.00000777
1625296859677000,0,7915.82003210,0.00000777
1625296859677000,0,3166.32799994,0.00000777
1625296859771000,0,0.00001290,0.00000777
1625296889920000,0,4441.83705461,0.00000777
1625297015655000,0,1993.91426739,0.00000778
1625297020218000,0,490.97519169,0.00000778
1625297020218000,0,6212.19674831,0.00000778
1625297049994000,0,2343.84251306,0.00000779
1625297049994000,0,5859.60627694,0.00000779
1625297050308000,0,0.00000570,0.00000779
1625297149466000,1,3765.24995365,0.00000781
1625297184740000,0,3348.89505988,0.00000781
1625297193581000,1,658.21546357,0.00000781
1625297227980000,0,4903.46546796,0.00000782
1625297227980000,0,1959.77018204,0.00000782
1625297370331000,0,1529.59926000,0.00000780
1625297375823000,0,1802.98971156,0.00000781
1625297375823000,0,1565.30804978,0.00000781
1625297556412000,1,4438.70047000,0.00000781
1625297790144000,1,11099.47294375,0.00000780
1625297790144000,1,4439.78917750,0.00000780
1625297790144000,1,28806.31796673,0.00000780
1625297816040000,0,2452.90042125,0.00000782
1625297816040000,0,1450.26443425,0.00000782
1625297913445000,1,365.20000000,0.00000781
1625298176480000,0,2243.95327000,0.00000778
1625298208209000,1,4430.26907000,0.00000779
1625298220451000,0,2398.21743460,0.00000778
1625298220451000,0,4543.10701449,0.00000778
1625298225696000,0,399.97790000,0.00000778
1625298467325000,1,4425.54708303,0.00000778
1625298467325000,1,11063.86769697,0.00000778
1625298566563000,0,462.21471574,0.00000778
1625298617909000,1,4428.43723807,0.00000777
1625298617909000,1,11070.82285193,0.00000777
1625298923941000,1,4437.16305000,0.00000775
1625298933997000,0,365.20000000,0.00000775
1625298937866000,0,3385.74279646,0.00000775
1625298937866000,0,8464.35698354,0.00000775
1625298950918000,1,5481.71455000,0.00000776
1625299031316000,1,365.20000000,0.00000776
1625299031403000,1,4049.46987028,0.00000776
1625299031403000,1,11036.67466972,0.00000776
1625299223582000,0,3925.35392535,0.00000777
1625299251187000,1,1492.05012077,0.00000776
1625299251334000,1,2931.94046526,0.00000776
1625299251334000,1,11059.97645474,0.00000776
1625299350536000,1,11059.90052000,0.00000776
1625299366037000,1,4423.96021097,0.00000776
1625299366037000,1,11059.90051903,0.00000776
1625299441404000,1,4423.25910160,0.00000776
1625299441404000,1,11059.90051840,0.00000776
1625299553918000,1,4434.31182000,0.00000776
1625299930330000,0,4437.91085347,0.00000775
1625300485888000,1,11086.23733000,0.00000776
1625300697311000,0,3727.91656467,0.00000776
1625301034895000,0,4421.00064000,0.00000776
1625301046129000,0,4421.00064433,0.00000776
1625301046129000,0,11052.50160567,0.00000776
1625301046321000,0,0.00000517,0.00000776
1625301046698000,0,3765.66285817,0.00000777
1625301074528000,1,11047.15998592,0.00000776
1625301074528000,1,4416.00418599,0.00000776
1625301080321000,0,4422.06057122,0.00000776
1625301080321000,0,11052.50160878,0.00000776
1625301080486000,0,0.00000206,0.00000776
1625301258907000,0,5595.90819838,0.00000776
1625301259275000,0,1036.37982758,0.00000776
1625302709477000,0,1644.90000000,0.00000775
1625302827291000,0,4427.11523969,0.00000775
1625302827291000,0,2698.96831166,0.00000775
1625302854082000,1,4427.08421000,0.00000775
1625303044149000,0,365.20000000,0.00000775
1625303247188000,1,365.20000000,0.00000775
1625303553724000,1,1672.51785271,0.00000773
1625303617745000,0,4403.99419309,0.00000775
1625303617745000,0,11008.98133691,0.00000775
1625303617907000,0,0.00001227,0.00000775
1625304345337000,1,4408.83982000,0.00000776
1625304345398000,1,0.00000967,0.00000776
1625304345398000,1,6613.25974033,0.00000776
1625304345564000,1,4408.83983000,0.00000776
1625304352927000,1,4408.83982000,0.00000776
1625304352980000,1,0.00000967,0.00000776
1625304352980000,1,11022.09956033,0.00000776
1625304406014000,1,11015.09007000,0.00000776
1625304418660000,1,4406.03602000,0.00000776
1625304555522000,0,4405.43352779,0.00000776
1625304555522000,0,11013.58381947,0.00000776
1625305091832000,1,11054.43575000,0.00000776
1625305411403000,0,4412.25140317,0.00000776
1625305411403000,0,11030.62849683,0.00000776
1625305418084000,0,13000.00000000,0.00000777
1625305418084000,0,4406.01465589,0.00000777
1625305418084000,0,11015.03663973,0.00000777
1625305425529000,0,10803.11746033,0.00000777
1625305425529000,0,4321.24698413,0.00000777
1625305453365000,0,5578.02438051,0.00000777
1625305494827000,1,11004.68359000,0.00000778
1625305528764000,1,4401.87343000,0.00000778
1625305542915000,0,4201.93047223,0.00000778
1625305542915000,0,10504.82618057,0.00000778
1625305590649000,1,4393.92047000,0.00000779
1625305590704000,1,0.00000145,0.00000779
1625305590704000,1,10984.80116855,0.00000779
1625306039358000,0,2811.09395386,0.00000778
1625306548781000,1,4397.14205067,0.00000777
1625306548781000,1,10993.46450933,0.00000777
1625306560582000,1,4406.88650311,0.00000777
1625306560582000,1,9258.52954689,0.00000777
1625307816237000,0,927.33897448,0.00000775
1625307835990000,0,1287.77196383,0.00000775
1625308044711000,1,4425.50171206,0.00000775
1625308460387000,0,11051.99263578,0.00000774
1625308638293000,1,4425.10208201,0.00000774
1625308829376000,0,365.20000000,0.00000774
1625308926073000,0,460.00000000,0.00000774
1625309294508000,1,1373.70697810,0.00000772
1625309418813000,0,3890.88999740,0.00000773
1625309424919000,0,28.00030400,0.00000773
1625309460419000,1,365.20000000,0.00000773
1625309623388000,0,4434.14115000,0.00000772
1625309981288000,0,379.00000000,0.00000772
1625311037081000,0,4436.11527327,0.00000772
1625311037081000,0,1176.86124987,0.00000772
1625311265039000,0,4453.07801272,0.00000771
1625311265039000,0,1183.53476636,0.00000771
1625311325431000,1,54.72293169,0.00000770
1625311946359000,0,5.22336093,0.00000770
1625311946359000,0,11158.35404476,0.00000770
1625312944682000,0,11175.61522242,0.00000770
1625312944682000,0,1917.72023199,0.00000770
1625313267534000,0,365.20000000,0.00000770
1625313267536000,0,5635.69648569,0.00000770
1625313267571000,0,170.87154013,0.00000770
1625313267571000,0,4253.37569455,0.00000770
1625313312107000,0,4018.50533002,0.00000770
1625313312107000,0,1613.34545144,0.00000770
1625313597555000,1,615.87280300,0.00000767
1625313724035000,0,801.74585190,0.00000769
1625313724035000,0,3888.57400023,0.00000769
1625313731234000,1,615.87280400,0.00000769
1625313759264000,1,2331.86623814,0.00000769
1625313801191000,1,365.20000000,0.00000769
1625314108659000,0,258.28947196,0.00000770
1625314708377000,1,1277.21638924,0.00000769
1625315575448000,0,4055.28906817,0.00000765
1625315622318000,0,365.20000000,0.00000765
1625315622429000,0,3598.72579000,0.00000765
1625315734969000,0,396.00000000,0.00000765
1625315751904000,1,365.20000000,0.00000765
1625318522271000,1,3899.45279224,0.00000765
1625318548893000,1,3932.31973000,0.00000766
1625319066483000,1,3720.12190947,0.00000766
1625319463870000,0,4039.25348374,0.00000764
1625319463870000,0,1629.82599547,0.00000764
1625319863821000,0,629.69974690,0.00000764
1625320800845000,0,3655.48347845,0.00000764
1625320961181000,0,5660.96531877,0.00000765
1625320961181000,0,9665.38292156,0.00000765
1625320961181000,0,3866.21683368,0.00000765
1625320961181000,0,807.43492599,0.00000766
1625321004349000,0,5715.79164000,0.00000764
1625321030954000,1,1669.47650645,0.00000764
1625321031011000,1,9522.29128350,0.00000764
1625321031011000,1,29094.75553476,0.00000764
1625321031535000,1,1891.01133366,0.00000763
1625321031556000,1,1201.99620027,0.00000763
1625321031583000,1,434.78884770,0.00000763
1625321031615000,1,948.45114532,0.00000763
1625321031615000,1,10050.55672935,0.00000763
1625321031636000,1,1140.16662416,0.00000763
1625321031636000,1,5349.05534045,0.00000763
1625321154256000,1,4483.28033834,0.00000764
1625321640104000,1,4479.52117052,0.00000764
1625322201045000,1,4482.81181466,0.00000764
1625322220600000,0,365.20000000,0.00000764
1625322618761000,0,1.16872159,0.00000763
1625322618761000,0,4476.14749841,0.00000763
1625322618832000,0,0.00000676,0.00000763
1625323319080000,1,365.20000000,0.00000763
1625323319183000,1,4113.33550672,0.00000763
1625324094570000,0,2233.99874626,0.00000764
1625324201643000,1,2000.00000000,0.00000763
1625324201934000,1,2485.37745616,0.00000763
1625324234688000,0,4485.51857640,0.00000763
1625324248928000,0,1191.12654337,0.00000763
1625324249008000,1,3293.33284123,0.00000763
1625324422900000,1,4482.41714989,0.00000763
1625324436540000,1,2118.93492400,0.00000763
1625324442122000,0,2118.93492400,0.00000763
1625324866370000,1,4480.07315668,0.00000763
1625324879928000,0,1187.93704069,0.00000763
1625324891407000,1,4481.17139376,0.00000763
1625324896379000,0,1183.94248241,0.00000763
1625324897506000,1,3296.98220159,0.00000763
1625324928712000,0,4479.92530300,0.00000763
1625324949751000,0,1185.43129267,0.00000763
1625324949887000,1,3295.16352544,0.00000763
1625325021072000,0,4478.73256813,0.00000763
1625325039214000,1,236.23865980,0.00000763
1625325066750000,0,903.99120701,0.00000763
1625325066788000,0,3377.70338367,0.00000763
1625325124595000,1,4480.30010137,0.00000763
1625325128491000,0,1185.40983837,0.00000763
1625325135881000,1,4480.08281149,0.00000763
1625325142591000,0,1186.81299191,0.00000763
1625325151504000,1,4480.95420186,0.00000763
1625325183499000,0,4480.58415419,0.00000763
1625325193602000,0,1185.84484173,0.00000763
1625325193711000,1,3294.31060350,0.00000763
1625325226910000,1,4479.96581604,0.00000763
1625325310894000,1,4480.56126316,0.00000763
1625325315155000,0,4480.77859277,0.00000763
1625325339919000,0,1184.74942991,0.00000763
1625325843340000,1,1.27412299,0.00000763
1625325853939000,0,4487.70359713,0.00000763
1625325859909000,0,1190.52963152,0.00000763
1625325860075000,1,3297.04454102,0.00000763
1625325880905000,1,4486.00174443,0.00000763
1625325931379000,0,4488.05010928,0.00000763
1625325935132000,0,1189.68724097,0.00000763
1625325969363000,0,1.48003453,0.00000763
1625325978089000,1,4487.77360226,0.00000763
1625325982483000,0,4487.97362521,0.00000763
1625325988619000,0,1189.92015765,0.00000763
1625325988709000,1,3297.87109298,0.00000763
1625326741383000,1,1000.00000000,0.00000764
1625327875282000,1,4477.55223888,0.00000765
1625328005401000,0,365.20000000,0.00000765
1625328121741000,1,365.20000000,0.00000764
1625328121928000,1,4129.83662781,0.00000764
1625328936693000,0,11243.79247989,0.00000765
1625328936693000,0,4497.02278509,0.00000765
1625328944347000,1,8767.70182000,0.00000766
1625329033474000,1,4486.36556269,0.00000766
1625329034741000,1,1185.22406198,0.00000766
1625329053910000,1,136.90014043,0.00000766
1625329081767000,0,4486.36556269,0.00000766
1625329270589000,1,2219.74209000,0.00000768
1625329565111000,1,4481.40236000,0.00000767
1625329818745000,1,327.03267883,0.00000766
1625329819019000,1,1593.69819866,0.00000766
1625329819071000,1,2456.39722374,0.00000766
1625329866591000,0,2243.49752571,0.00000766
1625330726290000,1,4492.06028345,0.00000765
1625330735147000,1,1199.22080823,0.00000765
1625330903248000,1,4483.14639197,0.00000766
1625330903248000,1,1185.13255985,0.00000766
1625330976908000,0,4481.74265812,0.00000766
1625332095247000,0,4467.64222339,0.00000768
1625332103122000,1,1175.43689130,0.00000768
1625332103206000,0,3291.46259732,0.00000768
1625332112379000,1,2352.08216977,0.00000768
1625332526999000,1,6686.73214994,0.00000768
1625332526999000,1,4464.52452712,0.00000768
1625333595709000,0,11162.90232004,0.00000768
1625333595709000,0,4464.71240996,0.00000768
1625333596079000,0,0.00000941,0.00000768
1625333616557000,1,4447.99304000,0.00000769
1625333696494000,0,2233.05192309,0.00000769
1625333812724000,1,4449.08513000,0.00000770
1625333859315000,1,2219.68942022,0.00000770
1625333859315000,1,5616.53046841,0.00000770
1625333859315000,1,13163.78011137,0.00000770
1625334340792000,1,1000.00000000,0.00000767
1625334440475000,0,4448.28064000,0.00000765
1625334632382000,1,4143.89405000,0.00000765
1625334910158000,1,4468.62514829,0.00000764
1625334910163000,1,1169.84808595,0.00000764
1625335080922000,0,12.51224618,0.00000765
1625336431362000,1,1000.00000000,0.00000765
1625336431567000,1,3480.90457207,0.00000765
1625336478689000,0,4480.29589164,0.00000764
1625337314027000,1,4472.03149624,0.00000765
1625337317333000,0,1186.47931091,0.00000765
1625337317444000,1,3285.59896347,0.00000765
1625337324373000,1,4472.04319068,0.00000765
1625337362973000,1,4471.75410581,0.00000765
1625337372160000,0,1185.09347051,0.00000765
1625337581665000,1,4467.57758840,0.00000765
1625337740419000,0,4468.05724703,0.00000765
1625337779395000,1,4466.76959173,0.00000765
1625337806501000,1,4465.66023713,0.00000765
1625337817737000,0,1182.53986357,0.00000765
1625337828900000,1,4464.93792399,0.00000765
1625337879706000,1,4463.84288114,0.00000765
1625337884087000,0,4463.84288114,0.00000765
1625337884087000,0,0.15758551,0.00000765
1625337918290000,1,4463.77868283,0.00000765
1625337918290000,1,11156.32379940,0.00000765
1625337952649000,1,1262.67390288,0.00000765
1625338022382000,1,4463.66161209,0.00000765
1625338023958000,0,1187.77436174,0.00000765
1625338036764000,1,5650.34046743,0.00000765
1625338057027000,0,4464.77045860,0.00000765
1625338071713000,1,4464.78797112,0.00000765
1625338082613000,1,4464.91640047,0.00000765
1625338215132000,1,4474.62842516,0.00000764
1625338758027000,0,30.00000000,0.00000765
1625338804019000,0,4475.30198000,0.00000764
1625338804094000,0,0.00000980,0.00000764
1625338804094000,0,11188.25496020,0.00000764
1625338807176000,0,4475.30198000,0.00000764
1625338807486000,0,0.00000980,0.00000764
1625338811383000,1,11188.25496020,0.00000764
1625338845568000,1,4481.86474000,0.00000764
1625338845693000,1,0.00000678,0.00000764
1625338853816000,1,5525.38816022,0.00000763
1625338853849000,1,4856.02409742,0.00000763
1625338853876000,1,6344.86803209,0.00000763
1625338853876000,1,4481.86474678,0.00000763
1625338884635000,1,475.83788300,0.00000763
1625339127657000,0,4484.93824131,0.00000764
1625339545221000,0,4482.29209497,0.00000764
1625340134558000,1,4484.92864633,0.00000764
1625340139562000,0,1188.69156494,0.00000764
1625340139664000,1,3294.38238870,0.00000764
1625340139664000,1,2379.29950719,0.00000764
1625340407518000,1,4480.71567405,0.00000764
1625340441895000,0,4485.50763000,0.00000763
1625340490576000,1,4500.00000000,0.00000763
1625340738203000,0,32.04370077,0.00000762
1625340885756000,1,4492.84818147,0.00000762
1625340937172000,1,4493.14374013,0.00000762
1625341028671000,0,4493.43176142,0.00000762
1625341222860000,0,436.00016063,0.00000762
1625341287868000,0,2220.00000000,0.00000762
1625341771934000,1,4490.56631227,0.00000762
1625341776940000,0,1185.41850552,0.00000762
1625341781888000,1,4491.20287407,0.00000762
1625341792599000,1,4491.56249337,0.00000762
1625342088141000,1,4478.70713896,0.00000762
1625342107424000,1,4478.93053757,0.00000762
1625342140026000,0,1185.16335415,0.00000762
1625342160436000,1,4478.66011051,0.00000762
1625342963855000,0,4491.48552000,0.00000761
1625343671614000,0,4483.04248385,0.00000761
1625343946680000,0,4478.35203810,0.00000761
1625345197095000,1,4493.17010177,0.00000762
1625345414216000,0,4489.29249000,0.00000762
1625345603514000,0,4493.10101413,0.00000762
1625345603514000,0,11232.75252587,0.00000762
1625345711085000,1,4473.63607000,0.00000763
1625345711662000,1,4484.97335000,0.00000763
1625346167870000,1,4485.74841922,0.00000763
1625346219959000,0,4484.85384377,0.00000763
1625346425768000,1,4482.39642418,0.00000763
1625346439033000,0,1183.39881389,0.00000763
1625346439091000,1,2078.77892000,0.00000763
1625346439139000,1,1219.97779505,0.00000763
1625347449151000,0,7076.95612590,0.00000762
1625347914981000,0,932.79828184,0.00000764
1625347997951000,1,3352.99984794,0.00000763
1625349007060000,0,5630.86589519,0.00000763
1625349434509000,0,4462.26162820,0.00000767
1625349485959000,1,29133.40352078,0.00000765
1625349556619000,0,4518.75118000,0.00000759
1625349556715000,0,0.00000114,0.00000759
1625349557225000,0,11292.28425635,0.00000760
1625349586111000,0,4522.64391000,0.00000759
1625349606021000,0,6788.82662000,0.00000759
1625349609758000,1,4522.64391249,0.00000759
1625349620725000,1,5500.00000000,0.00000760
1625349621054000,1,2500.00000000,0.00000760
1625349627912000,0,4522.64391000,0.00000759
1625350613597000,1,2238.26913745,0.00000761
1625350613597000,1,1467.59632255,0.00000761
1625351172900000,1,4505.46429163,0.00000762
1625351172900000,1,11264.02992430,0.00000762
1625351227178000,1,12500.00000000,0.00000761
1625351227590000,1,982.41901676,0.00000761
1625351564809000,1,0.56434973,0.00000759
1625351564809000,1,659.21311848,0.00000759
1625351564839000,1,3426.34800734,0.00000759
1625351564839000,1,395.34784700,0.00000759
1625351564854000,1,4085.26108567,0.00000759
1625351564880000,1,790.69569400,0.00000759
1625351627964000,0,29652.31823176,0.00000759
1625351627964000,0,4564.91769453,0.00000759
1625351627964000,0,11412.29423633,0.00000759
1625351636449000,0,4558.90331000,0.00000759
1625351636543000,0,0.00000022,0.00000759
1625351636543000,0,6838.35495978,0.00000759
1625351636629000,0,4558.90331000,0.00000759
1625351654606000,0,4558.90331022,0.00000759
1625351654606000,0,11397.25827555,0.00000759
1625351773184000,0,11365.67967551,0.00000761
1625351858280000,0,4538.34016267,0.00000761
1625351868536000,0,11344.88991284,0.00000761
1625351940977000,1,2257.11717000,0.00000762
1625352611683000,0,1957.58424625,0.00000761
1625352688008000,1,4526.02670000,0.00000761
1625352756829000,1,42.86606438,0.00000761
1625352940546000,0,4529.19850000,0.00000760
1625353384807000,0,5725.84511258,0.00000759
1625353385634000,0,1071.29093282,0.00000759
1625353433381000,0,1.65462216,0.00000759
1625353444290000,1,4532.60331810,0.00000759
1625353449725000,1,1190.95707906,0.00000759
1625353449827000,0,3341.66018777,0.00000759
1625353503725000,0,4532.00920714,0.00000759
1625353503725000,0,1195.94109744,0.00000759
1625353503849000,0,10134.08192041,0.00000759
1625353505154000,1,5728.11520127,0.00000759
1625353505154000,1,6271.88479873,0.00000759
1625353505438000,1,6061.81842430,0.00000759
1625353505723000,1,3832.94150000,0.00000759
1625353505736000,1,1428.31111581,0.00000759
1625353506295000,1,50.00000000,0.00000758
1625353506295000,1,4537.09671318,0.00000758
1625353506295000,1,5609.92908668,0.00000758
1625353587665000,0,4537.98811111,0.00000758
1625354076914000,1,4537.79700000,0.00000760
1625354120515000,1,4537.89267000,0.00000760
1625354167922000,1,4538.19137000,0.00000760
1625354421019000,0,4549.06536609,0.00000759
1625354421019000,0,11372.66340391,0.00000759
1625354563827000,0,4546.15801091,0.00000758
1625354635097000,0,4560.32780000,0.00000757
1625355090262000,1,4544.89944474,0.00000758
1625355425474000,0,1658.89350904,0.00000760
1625355453855000,0,4.37742565,0.00000759
1625355453855000,0,11305.01870435,0.00000759
1625355553088000,1,2261.01957000,0.00000759
1625355948664000,0,4513.14534819,0.00000760
1625355948664000,0,1189.36130142,0.00000760
1625356130548000,1,4510.53688000,0.00000760
1625356483944000,1,4502.90523625,0.00000760
1625356587798000,1,2243.64166000,0.00000761
1625356601409000,1,4496.67391033,0.00000761
