timestamp ms,type,amount,price
1628035304146000,0,470.57400000,0.00000717
1628035305184000,0,0.00019384,0.00000717
1628035305184000,0,260.62580616,0.00000717
1628035726012000,0,454.10279634,0.00000713
1628035726012000,0,1135.25699084,0.00000713
1628035966452000,0,12.00680037,0.00000712
1628036011903000,1,4379.43797000,0.00000712
1628036379756000,0,4068.99165000,0.00000712
1628036535100000,0,534.48864002,0.00000714
1628036535100000,0,1336.22160005,0.00000714
1628037097302000,0,449.99398658,0.00000712
1628037097302000,0,1124.98496646,0.00000712
1628037207497000,0,383.58809984,0.00000712
1628039942967000,0,969.49501629,0.00000707
1628040661051000,1,5509.68609406,0.00000707
1628040661051000,1,3631.12930147,0.00000707
1628040661051000,1,3529.08324000,0.00000707
1628040661051000,1,1313.24017047,0.00000707
1628040952757000,0,723.45208903,0.00000708
1628040952757000,0,289.38083561,0.00000708
1628040981235000,0,851.91808870,0.00000708
1628040981235000,0,340.76723548,0.00000708
1628041650140000,1,4362.49738000,0.00000708
1628041824425000,1,731.20000000,0.00000707
1628041825038000,1,3637.79605000,0.00000707
1628041865517000,1,2165.28030478,0.00000707
1628041872229000,0,1362.71969522,0.00000707
1628042446148000,0,731.20000000,0.00000708
1628042446415000,0,4612.02582822,0.00000708
1628042446520000,1,710.36272171,0.00000708
1628042474423000,0,368.16347754,0.00000709
1628042474423000,0,920.40869384,0.00000709
1628042515891000,1,731.20000000,0.00000709
1628045137402000,0,543.45480331,0.00000707
1628045137402000,0,1358.63700828,0.00000707
1628045304042000,0,357.67300000,0.00000707
1628045304146000,0,0.00013723,0.00000707
1628046045394000,1,357.67300000,0.00000707
1628046262546000,1,395.04687293,0.00000706
1628046265231000,1,1505.51517330,0.00000706
1628046268596000,1,568.28399762,0.00000706
1628046268852000,1,1420.70999405,0.00000706
1628046992151000,1,4414.54733000,0.00000706
1628049977772000,1,2610.51787000,0.00000704
1628051358436000,0,580.43101091,0.00000703
1628051358436000,0,150.76898909,0.00000703
1628051481290000,1,334.08427594,0.00000703
1628052359044000,0,3617.36768000,0.00000702
1628052596027000,0,359.67358319,0.00000703
1628052596027000,0,899.18395798,0.00000703
1628052841919000,1,3304.48052000,0.00000703
1628053458111000,1,731.20000000,0.00000705
1628053458368000,1,1053.39406910,0.00000705
1628053458368000,1,11068.73429265,0.00000705
1628053458368000,1,25377.87163825,0.00000705
1628053815342000,0,1227.75198000,0.00000703
1628053815395000,0,0.00000900,0.00000703
1628053838515000,1,4418.84490000,0.00000704
1628055139319000,1,1831.18445338,0.00000705
1628055145494000,1,1191.65220202,0.00000705
1628055146357000,1,2979.13050506,0.00000705
1628056900939000,0,135.18384015,0.00000705
1628057217658000,1,1011.25680576,0.00000706
1628057264987000,1,988.47129919,0.00000706
1628057750111000,0,731.20000000,0.00000706
1628057750219000,0,234.99919268,0.00000706
1628057750219000,0,2415.49797732,0.00000706
1628057777120000,1,903.14448717,0.00000706
1628058063079000,1,731.20000000,0.00000706
1628058819801000,1,2401.46776694,0.00000705
1628058963771000,1,906.47743943,0.00000705
1628058963779000,1,2266.19359858,0.00000705
1628059961344000,0,835.36060905,0.00000704
1628059961344000,0,2088.40152262,0.00000704
1628060430549000,1,11143.23173580,0.00000703
1628060430549000,1,4458.29184893,0.00000703
1628060430549000,1,6398.47641527,0.00000703
1628060470306000,0,731.20000000,0.00000704
1628060471693000,0,513.78177637,0.00000704
1628060471693000,0,3112.45434363,0.00000704
1628060650198000,0,1121.38760560,0.00000705
1628060650198000,0,2803.46901400,0.00000705
1628060760186000,1,731.20000000,0.00000704
1628060863032000,1,645.54647672,0.00000703
1628060867972000,1,2583.24137823,0.00000703
1628060867974000,1,1033.29655129,0.00000703
1628062532546000,1,4456.23621000,0.00000706
1628063945555000,1,3148.74713993,0.00000705
1628064055124000,0,2971.37888348,0.00000705
1628064055124000,0,1188.55155339,0.00000705
1628064157069000,1,2539.37706000,0.00000704
1628064825177000,0,919.26957255,0.00000705
1628064825177000,0,2298.17393138,0.00000705
1628064942965000,0,660.07200000,0.00000705
1628064943040000,0,0.00066230,0.00000705
1628066205568000,1,833.20396513,0.00000706
1628066214502000,1,1989.14169698,0.00000706
1628066671775000,1,720.00000000,0.00000705
1628066759699000,1,660.07200000,0.00000705
1628066760212000,1,1045.63330057,0.00000705
1628066835820000,0,824.26856990,0.00000705
1628066835820000,0,2057.75261010,0.00000705
1628066835924000,0,0.00001659,0.00000705
1628067653632000,1,1101.75446314,0.00000706
1628067658331000,1,789.50080228,0.00000706
1628067658707000,1,1973.75200570,0.00000706
1628067662146000,1,709.45062090,0.00000706
1628067662149000,1,1049.77373998,0.00000706
1628067662149000,1,723.85281227,0.00000706
1628068209885000,0,731.20000000,0.00000707
1628068502342000,1,731.20000000,0.00000708
1628069917370000,1,1518.86792452,0.00000707
1628070318576000,1,264.48366672,0.00000707
1628070319363000,1,1610.60994581,0.00000707
1628071896250000,1,4425.46761000,0.00000708
1628071896314000,1,0.00000694,0.00000708
1628072645969000,1,1774.04704553,0.00000705
1628072755136000,1,2834.42235724,0.00000705
1628072760941000,1,4222.90644003,0.00000705
1628072760945000,1,1442.67120273,0.00000705
1628072760945000,1,246.49137328,0.00000705
1628072764501000,1,3889.88085024,0.00000705
1628072764628000,1,1494.29465311,0.00000705
1628072896886000,1,3103.73745831,0.00000706
1628073130614000,0,731.20000000,0.00000706
1628073282189000,1,2052.00668199,0.00000707
1628073288672000,1,1301.98721461,0.00000707
1628073307955000,1,1272.65106704,0.00000707
1628073632641000,1,731.20000000,0.00000707
1628073962097000,0,1205.70030923,0.00000707
1628073962097000,0,3014.25077307,0.00000707
1628074191777000,0,997.12405175,0.00000707
1628074191777000,0,2492.81012937,0.00000707
1628074358275000,0,731.20000000,0.00000706
1628074608420000,1,1510.39637455,0.00000705
1628074955987000,1,1427.33492942,0.00000705
1628075153620000,0,908.98365557,0.00000705
1628075911587000,0,5591.85908666,0.00000705
1628075911587000,0,3625.92351334,0.00000705
1628076759576000,1,731.20000000,0.00000705
1628077411228000,0,493.22430898,0.00000705
1628077411228000,0,1233.06077244,0.00000705
1628077910891000,1,454.32589658,0.00000706
1628078043091000,1,1740.03165000,0.00000706
1628078059789000,1,2593.31449256,0.00000706
1628078574789000,0,697.11400000,0.00000704
1628078575800000,0,0.00052166,0.00000704
1628078575800000,0,34.08547834,0.00000704
1628078983406000,1,111.16177967,0.00000704
1628079398064000,1,731.20000000,0.00000705
1628079605129000,1,1889.93323290,0.00000705
1628080011549000,1,320.77545327,0.00000704
1628080017404000,0,317.13333333,0.00000705
1628080035227000,1,317.13333333,0.00000704
1628080036549000,1,4380.75789560,0.00000704
1628080036549000,1,10946.27120440,0.00000704
1628080040137000,0,1051.73073024,0.00000704
1628080040137000,0,2629.30813976,0.00000704
1628080400991000,1,1137.63967954,0.00000705
1628080692827000,0,1112.00424811,0.00000706
1628080692827000,0,2776.07849776,0.00000706
1628080709098000,0,731.20000000,0.00000706
1628081221094000,1,731.20000000,0.00000708
1628081266545000,0,793.56541365,0.00000707
1628081266545000,0,1981.11139636,0.00000707
1628081406185000,0,731.20000000,0.00000706
1628081973088000,1,1642.64068227,0.00000702
1628082034049000,0,431.61256579,0.00000703
1628082035217000,0,1079.03141448,0.00000703
1628082265909000,1,731.20000000,0.00000702
1628082537121000,0,414.34836611,0.00000703
1628082537121000,0,1035.87091528,0.00000703
1628082899217000,0,731.20000000,0.00000702
1628083446892000,0,4341.44509856,0.00000704
1628083446892000,0,1132.14480670,0.00000704
1628083460254000,1,4342.29091209,0.00000704
1628083460260000,1,1131.19614495,0.00000704
1628083736965000,1,10000.00000000,0.00000700
1628083807290000,0,4338.37785000,0.00000700
1628083807387000,0,0.00000449,0.00000700
1628083807579000,1,10845.94463622,0.00000700
1628083807730000,0,587.38127175,0.00000701
1628083808026000,0,2871.11851266,0.00000701
1628083809885000,0,7959.88968000,0.00000701
1628083810023000,0,0.00000382,0.00000701
1628083814718000,0,4332.18901304,0.00000701
1628083814718000,0,10830.47253261,0.00000701
1628083840211000,0,4331.89959442,0.00000701
1628083841408000,0,10829.74898604,0.00000701
1628083848763000,1,10829.91466549,0.00000701
1628083848763000,1,18191.84160451,0.00000701
1628083850649000,0,28165.49788000,0.00000701
1628083870413000,1,5457.22511822,0.00000701
1628083873409000,0,10829.74898604,0.00000701
1628083874030000,1,6498.42401819,0.00000701
1628084209177000,1,4332.44228137,0.00000703
1628084872893000,0,2177.80188000,0.00000702
1628084998976000,1,5451.11529191,0.00000702
1628084999057000,0,5356.80680085,0.00000702
1628084999116000,1,94.30849106,0.00000702
1628084999125000,0,4228.86034604,0.00000702
1628084999454000,1,10000.00000000,0.00000702
1628085019080000,1,2972.26732792,0.00000702
1628085349235000,1,731.20000000,0.00000704
1628085512276000,1,4338.50742572,0.00000703
1628085512285000,1,1132.04753991,0.00000703
1628085604208000,0,6528.13858000,0.00000702
1628085640683000,0,4338.38922272,0.00000702
1628085640683000,0,1128.45592540,0.00000702
1628085672160000,1,8610.48326300,0.00000702
1628085680827000,1,5467.83165138,0.00000702
1628085680906000,0,5367.61444225,0.00000702
1628085692956000,1,100.21720913,0.00000702
1628085692956000,1,4233.96122832,0.00000702
1628085741133000,1,4329.50205306,0.00000702
1628085779449000,0,4329.50205306,0.00000702
1628085779449000,0,1134.41383075,0.00000702
1628085779499000,0,731.20000000,0.00000702
1628085815081000,0,0.76323134,0.00000703
1628086032647000,1,731.20000000,0.00000703
1628086288836000,1,5486.57040009,0.00000701
1628086302000000,1,4339.80670909,0.00000701
1628086412042000,0,731.20000000,0.00000701
1628086531035000,1,4322.34151112,0.00000701
1628086563621000,0,4326.76227946,0.00000701
1628086563621000,0,10816.90568054,0.00000701
1628086874197000,1,4324.06441299,0.00000700
1628086874340000,1,1146.28349768,0.00000700
1628087000251000,1,4333.87104105,0.00000699
1628087346449000,1,731.20000000,0.00000702
1628087385364000,1,5460.88581191,0.00000701
1628087399980000,1,4319.88348410,0.00000701
1628087399984000,1,1146.40259567,0.00000701
1628087629027000,0,1.67302347,0.00000702
1628087655321000,1,5474.29267874,0.00000701
1628087655321000,1,3136.19058526,0.00000701
1628087721732000,0,4326.56965026,0.00000702
1628087799057000,0,4321.39833121,0.00000702
1628087985213000,1,4328.47591766,0.00000702
1628088177785000,1,4311.40725261,0.00000703
1628088366814000,1,107.19300699,0.00000703
1628088673440000,1,10000.00000000,0.00000703
1628088762980000,0,3043.72004541,0.00000703
1628088803709000,0,3880.10759237,0.00000703
1628088803709000,0,1571.07223690,0.00000703
1628089072557000,1,1824.92405247,0.00000703
1628089467351000,0,3711.21606360,0.00000703
1628089467351000,0,9264.86112469,0.00000703
1628089518415000,0,3415.21800476,0.00000705
1628089518415000,0,8537.92327524,0.00000705
1628089518971000,0,0.00000904,0.00000705
1628089677776000,0,20471.77870586,0.00000705
1628089677776000,0,5417.44190472,0.00000705
1628089769627000,0,1563.29774527,0.00000705
1628089943845000,0,3559.30497460,0.00000705
1628090230239000,0,731.20000000,0.00000704
1628090504213000,1,731.20000000,0.00000705
1628090579630000,0,731.20000000,0.00000708
1628090753648000,1,731.20000000,0.00000707
1628090753704000,1,3526.38067000,0.00000707
1628090892532000,1,3704.65298086,0.00000707
1628090954883000,0,198.26700000,0.00000707
1628091080424000,1,198.26700000,0.00000706
1628091210822000,0,58.77078227,0.00000707
1628091384534000,0,3103.92568298,0.00000706
1628091384545000,1,2303.46832197,0.00000706
1628091384593000,0,5445.37019354,0.00000706
1628091397006000,1,6054.62980646,0.00000706
1628091397006000,1,1093.85172930,0.00000706
1628091400186000,1,2698.32395987,0.00000706
1628091575117000,1,10662.90745000,0.00000706
1628091603366000,0,3610.99365597,0.00000707
1628091867078000,0,5100.82957008,0.00000706
1628091982570000,1,3196.41358563,0.00000706
1628092100111000,1,5017.95745126,0.00000705
1628092100238000,1,2614.30871783,0.00000705
1628092120947000,1,2442.33914606,0.00000705
1628092120962000,1,2925.39468485,0.00000705
1628092197577000,1,4263.02020878,0.00000706
1628092197577000,1,10656.17430122,0.00000706
1628092859550000,1,4255.93403000,0.00000708
1628092859586000,1,0.00000406,0.00000708
1628093157278000,1,3113.30817183,0.00000707
1628093162346000,1,9816.84916724,0.00000707
1628093477284000,1,2417.51717760,0.00000709
1628093477341000,1,1819.81353000,0.00000709
1628093581203000,0,8512.46734000,0.00000709
1628093581400000,0,0.00000386,0.00000709
1628093633197000,1,4216.07919000,0.00000710
1628093659265000,0,3620.52100000,0.00000709
1628093711201000,1,1830.63952595,0.00000709
1628093865760000,1,8744.25964351,0.00000708
1628093865765000,1,3497.70385741,0.00000708
1628094002944000,0,673.67100000,0.00000707
1628094036766000,1,7820.86963000,0.00000709
1628094062157000,1,673.67100000,0.00000709
1628094062196000,1,3562.14694981,0.00000709
1628094089277000,1,4235.21032000,0.00000709
1628094160758000,1,6704.31622476,0.00000708
1628094160886000,1,3593.89835638,0.00000708
1628094161021000,1,1201.78541886,0.00000708
1628094323916000,0,21645.51602403,0.00000710
1628094324506000,0,2528.96720351,0.00000711
1628094324529000,0,826.76465842,0.00000711
1628094324529000,0,8389.32965482,0.00000711
1628094324529000,0,3360.45824483,0.00000711
1628094353846000,1,1708.49950000,0.00000713
1628094364867000,1,2333.46491000,0.00000712
1628094446352000,0,808.06403000,0.00000711
1628094446409000,0,0.00000130,0.00000711
1628094446477000,0,5246.66146004,0.00000712
1628094446477000,0,808.06403130,0.00000712
1628094446477000,0,3595.09522402,0.00000712
1628094446477000,0,5354.10665362,0.00000713
1628094446477000,0,3511.74377949,0.00000713
1628094446507000,0,5348.68173427,0.00000714
1628094446507000,0,3581.61503934,0.00000714
1628094446556000,1,3603.15084116,0.00000714
1628094447780000,1,75559.07458000,0.00000714
1628094448732000,0,4628.03212795,0.00000717
1628094450300000,0,1500.00000000,0.00000717
1628094460568000,1,1000.00000000,0.00000716
1628094460620000,1,3197.22632175,0.00000716
1628094471588000,0,512.39595737,0.00000715
1628094471588000,0,1280.98988263,0.00000715
1628094471602000,0,0.00001079,0.00000715
1628094946703000,0,472.21006862,0.00000713
1628094946703000,0,1180.52516138,0.00000713
1628094947046000,0,0.00001018,0.00000713
1628095765276000,1,4743.45785000,0.00000712
1628095917349000,1,1462.41601670,0.00000711
1628095917476000,1,1707.42479703,0.00000711
1628095917622000,1,4268.56199258,0.00000711
1628096580281000,0,2844.76805000,0.00000711
1628096580282000,0,0.00000208,0.00000711
1628096627074000,1,9037.30865000,0.00000712
1628096832154000,1,359.21252423,0.00000711
1628097168504000,0,1511.47724097,0.00000710
1628097168504000,0,4523.54931186,0.00000710
1628097173080000,0,1675.98885495,0.00000710
1628097173080000,0,4184.07906827,0.00000710
1628097175954000,0,731.20000000,0.00000710
1628097176375000,0,812.75162030,0.00000710
1628097176375000,0,3859.87905075,0.00000710
1628097181922000,1,1422.19418205,0.00000710
1628097181927000,1,3555.48545512,0.00000710
1628097185905000,1,381.79305506,0.00000710
1628097274654000,1,215.00000000,0.00000710
1628097513911000,1,4228.80123000,0.00000710
1628097513920000,1,0.00000715,0.00000710
1628097583736000,1,725.70761114,0.00000710
1628097655695000,1,9842.09339243,0.00000710
1628097655695000,1,8674.96757757,0.00000710
1628097979857000,1,1747.57559311,0.00000709
1628097979870000,1,3624.16543732,0.00000709
1628097979924000,0,725.70700000,0.00000709
1628097979931000,0,19.06654545,0.00000709
1628098279805000,1,731.20000000,0.00000709
1628098832740000,0,1699.92477673,0.00000709
1628098832740000,0,4243.82629119,0.00000709
1628099094003000,1,2452.53519474,0.00000709
1628099746696000,1,3712.86541616,0.00000708
1628099746824000,1,1548.27184527,0.00000708
1628099747023000,1,3780.20380000,0.00000708
1628099747075000,1,5000.00000000,0.00000708
1628099747125000,1,1000.00000000,0.00000708
1628099747372000,1,1091.47154658,0.00000708
1628099747882000,1,2982.14509882,0.00000707
1628099747929000,1,3369.79989113,0.00000707
1628100127821000,1,41.45095191,0.00000707
1628100128734000,1,4663.37859326,0.00000707
1628100128868000,1,673.13108660,0.00000707
1628100393501000,0,731.20000000,0.00000706
1628100393567000,0,865.35970000,0.00000706
1628100435001000,0,1629.67148388,0.00000706
1628100435001000,0,4074.17870970,0.00000706
1628100514548000,0,1501.15608633,0.00000705
1628100514548000,0,3747.57450730,0.00000705
1628100826368000,1,1018.01186731,0.00000706
1628100826502000,1,1503.14194936,0.00000706
1628100829226000,1,1389.52933084,0.00000706
1628100832644000,1,1358.22063702,0.00000706
1628100832964000,1,83.06981767,0.00000706
1628100867454000,1,731.20000000,0.00000707
1628101023477000,0,1397.55845863,0.00000707
1628101023477000,0,3493.89614658,0.00000707
1628101228772000,1,3222.03415736,0.00000706
1628101585463000,0,280.09100000,0.00000707
1628101673307000,0,263.47328756,0.00000707
1628101811023000,1,280.09100000,0.00000707
1628101966323000,0,1282.87456454,0.00000708
1628101966323000,0,3207.13608441,0.00000708
1628102826697000,0,90.11200000,0.00000708
1628102827716000,0,0.00032138,0.00000708
1628102827716000,0,641.08767862,0.00000708
1628102831101000,0,2432.48537191,0.00000708
1628103116610000,1,148.78600000,0.00000710
1628103121053000,1,582.41400000,0.00000710
1628103314609000,1,1176.35513757,0.00000709
1628103314615000,1,2940.88784391,0.00000709
1628103594164000,0,731.20000000,0.00000710
1628103594291000,0,6313.57725000,0.00000710
1628103665426000,1,731.20000000,0.00000711
1628103768416000,1,75.44652302,0.00000710
1628103845150000,1,680.24608797,0.00000712
1628103855970000,1,3596.89100729,0.00000712
1628104190737000,1,4205.26286669,0.00000711
1628104190737000,1,5319.78734356,0.00000711
1628104967065000,1,2161.22826243,0.00000712
1628104967070000,1,864.49130497,0.00000712
1628104978194000,1,796.31699857,0.00000712
1628104978196000,1,1990.79249642,0.00000712
1628104980029000,1,670.72091971,0.00000712
1628104980034000,1,1676.80229928,0.00000712
1628104983229000,1,617.82746291,0.00000712
1628104988207000,1,603.90682095,0.00000712
1628104988210000,1,1117.91343476,0.00000712
1628105158836000,0,627.34030520,0.00000713
1628105158836000,0,103.85969480,0.00000713
1628105161554000,0,627.17289122,0.00000714
1628105161554000,0,1567.93221878,0.00000714
1628105162372000,1,4175.62046583,0.00000714
1628105162372000,1,10436.79279417,0.00000714
1628105162831000,1,0.00001419,0.00000714
1628105162831000,1,731.19998581,0.00000714
1628105167949000,1,3283.71766000,0.00000714
1628105179521000,1,6998.03773329,0.00000714
1628105179521000,1,27133.01806671,0.00000714
1628105179766000,1,0.00000574,0.00000714
1628105180629000,1,3707.01163747,0.00000713
1628105180785000,1,2541.77972940,0.00000713
1628105180841000,1,2156.15711289,0.00000713
1628105180859000,1,6213.23933853,0.00000713
1628105200938000,0,2527.40867298,0.00000713
1628105200938000,0,6318.52167702,0.00000713
1628105338852000,1,121.00000000,0.00000713
1628105467510000,1,1900.20123196,0.00000712
1628105534208000,1,1604.73310611,0.00000713
1628105535122000,1,3693.66128000,0.00000713
1628105660163000,0,2283.42499827,0.00000712
1628105660163000,0,5700.55608173,0.00000712
1628105660186000,0,0.00001493,0.00000712
1628105917938000,1,4207.91090631,0.00000711
1628105941753000,0,2388.84099713,0.00000711
1628106048045000,1,2334.69268893,0.00000712
1628106048048000,1,2973.94646982,0.00000712
1628106218482000,1,5312.97795267,0.00000711
1628106251048000,1,2095.37478223,0.00000711
1628106646237000,0,731.20000000,0.00000710
1628106685981000,0,5324.01655923,0.00000711
1628106685981000,0,13201.90188077,0.00000711
1628107292127000,0,1718.67637169,0.00000710
1628107292127000,0,3591.36973306,0.00000710
1628107292769000,0,705.32119617,0.00000710
1628107542054000,0,10299.29164000,0.00000710
1628107835960000,1,731.20000000,0.00000711
1628108387114000,1,917.99532513,0.00000713
1628108387118000,1,1338.27445372,0.00000713
1628108394497000,1,1287.43718304,0.00000713
1628108395132000,1,1753.08020708,0.00000713
1628108419531000,1,3047.32398188,0.00000713
1628108419658000,1,1218.92959275,0.00000713
1628108419669000,1,1030.53359434,0.00000713
1628108419746000,0,2016.79038754,0.00000713
1628108437299000,0,5295.44823884,0.00000714
1628108437299000,0,7470.30262693,0.00000714
1628108437299000,0,73273.61929423,0.00000714
1628108437353000,0,72000.00000000,0.00000714
1628108437410000,0,25500.00000000,0.00000714
1628108496183000,1,10454.12058000,0.00000713
1628108713494000,0,731.20000000,0.00000713
1628108713521000,0,8935.34113378,0.00000713
1628108713521000,0,1483.64784734,0.00000713
1628108713521000,0,581.01101888,0.00000713
1628108713838000,0,1121.54821773,0.00000713
1628108713873000,0,888.58583826,0.00000713
1628108713954000,0,232.96237947,0.00000713
1628108714006000,0,655.62345879,0.00000713
1628108714213000,0,232.96237947,0.00000713
1628108943947000,1,731.20000000,0.00000713
1628109527113000,0,3561.16182201,0.00000715
1628109527113000,0,222.14955914,0.00000715
1628109913834000,1,301.40123972,0.00000713
1628109913855000,1,1175.91414309,0.00000713
1628109913911000,1,3647.69985297,0.00000713
1628109914043000,1,3226.44457958,0.00000713
1628110311884000,1,202.52790236,0.00000713
1628110508212000,0,952.56501653,0.00000714
1628110508212000,0,2381.41254133,0.00000714
1628110725368000,0,731.20000000,0.00000713
1628110725408000,0,353.06174803,0.00000713
1628110792388000,0,853.85421202,0.00000713
1628110913232000,0,3568.16494076,0.00000713
1628110922030000,0,3527.03254726,0.00000713
1628110939713000,0,1598.49612435,0.00000712
1628110939781000,1,639.39844974,0.00000712
1628110939791000,1,1598.49612435,0.00000712
1628110943275000,0,552.95842477,0.00000712
1628110943275000,0,1382.39606192,0.00000712
1628111174208000,0,509.35178944,0.00000712
1628111176897000,0,1244.68819522,0.00000712
1628111403972000,1,731.20000000,0.00000712
1628111619151000,0,380.52000000,0.00000711
1628111619746000,0,0.00099325,0.00000711
1628111619746000,0,949.96638412,0.00000711
1628112228640000,1,380.52000000,0.00000711
1628113430822000,0,365.60000000,0.00000712
1628113527017000,0,642.06925572,0.00000712
1628113527017000,0,256.82770229,0.00000712
1628113609006000,1,90.04231500,0.00000712
1628114222557000,1,365.60000000,0.00000712
1628115027224000,0,86.66400000,0.00000710
1628115028286000,0,0.00040183,0.00000710
1628115028286000,0,216.35559817,0.00000710
1628115033142000,0,0.00067926,0.00000710
1628115124750000,0,79.83683378,0.00000710
1628115124750000,0,199.59208445,0.00000710
1628115131171000,0,73.54082798,0.00000710
1628115131171000,0,183.85206994,0.00000710
1628115442737000,0,62.58000000,0.00000711
1628116065244000,0,5293.75848129,0.00000711
1628116065244000,0,430.58341869,0.00000711
1628116065244000,0,8319.28960494,0.00000711
1628116078235000,1,365.60000000,0.00000710
1628116078290000,1,3442.44687000,0.00000710
1628116078305000,1,0.00000672,0.00000710
1628116499683000,1,10455.86586288,0.00000709
1628116499683000,1,12191.50435740,0.00000709
1628116499796000,1,2886.17672871,0.00000709
1628116499850000,1,1292.19889865,0.00000709
1628116678465000,1,7874.16381127,0.00000707
1628116678465000,1,3683.38931873,0.00000707
1628116678846000,1,512.44742321,0.00000707
1628117205817000,1,286.28027610,0.00000706
1628117206951000,1,286.28027610,0.00000706
1628117374991000,0,1943.60110637,0.00000706
1628117483479000,0,365.60000000,0.00000705
1628117604145000,1,1378.56765402,0.00000705
1628117663051000,0,1101.32471000,0.00000705
1628117733778000,1,731.62619691,0.00000705
1628117733780000,1,2161.44897121,0.00000705
1628117823996000,1,1998.48266253,0.00000705
1628118097982000,1,365.60000000,0.00000707
1628118478900000,1,2950.23852982,0.00000709
1628119114019000,1,1526.10526925,0.00000707
1628119114140000,1,695.26419283,0.00000707
1628119115376000,1,1738.16048208,0.00000707
1628119123062000,1,555.99725147,0.00000707
1628119123067000,1,819.06866291,0.00000707
1628119136840000,1,575.06601458,0.00000707
1628119137418000,1,1437.66503644,0.00000707
1628119141032000,1,1324.28877886,0.00000707
1628119141157000,1,529.71551154,0.00000707
1628119222802000,1,202.62287738,0.00000707
1628119230034000,1,1208.43987228,0.00000707
1628119230039000,1,483.37594891,0.00000707
1628119812165000,1,4205.21513704,0.00000707
1628119876491000,1,984.02787017,0.00000707
1628119880489000,1,1221.57401662,0.00000707
1628119880621000,1,488.62960665,0.00000707
1628119880630000,1,1221.57401662,0.00000707
1628119885941000,1,422.57130707,0.00000707
1628119886251000,1,975.84499981,0.00000707
1628120095811000,1,376.69557318,0.00000708
1628120101175000,1,382.57403430,0.00000708
1628120101193000,1,956.43508575,0.00000708
1628120105204000,1,382.57403430,0.00000708
1628120105208000,1,956.43508575,0.00000708
1628120114259000,1,805.58379347,0.00000708
1628120114260000,1,322.23351739,0.00000708
1628120118252000,1,742.05446560,0.00000708
1628120121855000,1,280.10197853,0.00000708
1628120121861000,1,102.65979330,0.00000708
1628120518847000,0,1887.26145524,0.00000708
1628120518847000,0,5332.27447476,0.00000708
1628121217187000,1,2147.54784708,0.00000705
1628121217219000,1,712.67997890,0.00000705
