timestamp ms,type,amount,price
1628035304146000,0,470.57400000,0.00000717
1628035305184000,0,0.00019384,0.00000717
1628035305184000,0,260.62580616,0.00000717
1628035726012000,0,454.10279634,0.00000713
1628035726012000,0,1135.25699084,0.00000713
1628035966452000,0,12.00680037,0.00000712
1628036011903000,1,4379.43797000,0.00000712
1628036379756000,0,4068.99165000,0.00000712
1628036535100000,0,534.48864002,0.00000714
1628036535100000,0,1336.22160005,0.00000714
1628037097302000,0,449.99398658,0.00000712
1628037097302000,0,1124.98496646,0.00000712
1628037207497000,0,383.58809984,0.00000712
1628039942967000,0,969.49501629,0.00000707
1628040661051000,1,5509.68609406,0.00000707
1628040661051000,1,3631.12930147,0.00000707
1628040661051000,1,3529.08324000,0.00000707
1628040661051000,1,1313.24017047,0.00000707
1628040952757000,0,723.45208903,0.00000708
1628040952757000,0,289.38083561,0.00000708
1628040981235000,0,851.91808870,0.00000708
1628040981235000,0,340.76723548,0.00000708
1628041650140000,1,4362.49738000,0.00000708
1628041824425000,1,731.20000000,0.00000707
1628041825038000,1,3637.79605000,0.00000707
1628041865517000,1,2165.28030478,0.00000707
1628041872229000,0,1362.71969522,0.00000707
1628042446148000,0,731.20000000,0.00000708
1628042446415000,0,4612.02582822,0.00000708
1628042446520000,1,710.36272171,0.00000708
1628042474423000,0,368.16347754,0.00000709
1628042474423000,0,920.40869384,0.00000709
1628042515891000,1,731.20000000,0.00000709
1628045137402000,0,543.45480331,0.00000707
1628045137402000,0,1358.63700828,0.00000707
1628045304042000,0,357.67300000,0.00000707
1628045304146000,0,0.00013723,0.00000707
1628046045394000,1,357.67300000,0.00000707
1628046262546000,1,395.04687293,0.00000706
1628046265231000,1,1505.51517330,0.00000706
1628046268596000,1,568.28399762,0.00000706
1628046268852000,1,1420.70999405,0.00000706
1628046992151000,1,4414.54733000,0.00000706
1628049977772000,1,2610.51787000,0.00000704
1628051358436000,0,580.43101091,0.00000703
1628051358436000,0,150.76898909,0.00000703
1628051481290000,1,334.08427594,0.00000703
1628052359044000,0,3617.36768000,0.00000702
1628052596027000,0,359.67358319,0.00000703
1628052596027000,0,899.18395798,0.00000703
1628052841919000,1,3304.48052000,0.00000703
1628053458111000,1,731.20000000,0.00000705
1628053458368000,1,1053.39406910,0.00000705
1628053458368000,1,11068.73429265,0.00000705
1628053458368000,1,25377.87163825,0.00000705
1628053815342000,0,1227.75198000,0.00000703
1628053815395000,0,0.00000900,0.00000703
1628053838515000,1,4418.84490000,0.00000704
1628055139319000,1,1831.18445338,0.00000705
1628055145494000,1,1191.65220202,0.00000705
1628055146357000,1,2979.13050506,0.00000705
1628056900939000,0,135.18384015,0.00000705
1628057217658000,1,1011.25680576,0.00000706
1628057264987000,1,988.47129919,0.00000706
1628057750111000,0,731.20000000,0.00000706
1628057750219000,0,234.99919268,0.00000706
1628057750219000,0,2415.49797732,0.00000706
1628057777120000,1,903.14448717,0.00000706
1628058063079000,1,731.20000000,0.00000706
1628058819801000,1,2401.46776694,0.00000705
1628058963771000,1,906.47743943,0.00000705
1628058963779000,1,2266.19359858,0.00000705
1628059961344000,0,835.36060905,0.00000704
1628059961344000,0,2088.40152262,0.00000704
1628060430549000,1,11143.23173580,0.00000703
1628060430549000,1,4458.29184893,0.00000703
1628060430549000,1,6398.47641527,0.00000703
1628060470306000,0,731.20000000,0.00000704
1628060471693000,0,513.78177637,0.00000704
1628060471693000,0,3112.45434363,0.00000704
1628060650198000,0,1121.38760560,0.00000705
1628060650198000,0,2803.46901400,0.00000705
1628060760186000,1,731.20000000,0.00000704
1628060863032000,1,645.54647672,0.00000703
1628060867972000,1,2583.24137823,0.00000703
1628060867974000,1,1033.29655129,0.00000703
1628062532546000,1,4456.23621000,0.00000706
1628063945555000,1,3148.74713993,0.00000705
1628064055124000,0,2971.37888348,0.00000705
1628064055124000,0,1188.55155339,0.00000705
1628064157069000,1,2539.37706000,0.00000704
1628064825177000,0,919.26957255,0.00000705
1628064825177000,0,2298.17393138,0.00000705
1628064942965000,0,660.07200000,0.00000705
1628064943040000,0,0.00066230,0.00000705
1628066205568000,1,833.20396513,0.00000706
1628066214502000,1,1989.14169698,0.00000706
1628066671775000,1,720.00000000,0.00000705
1628066759699000,1,660.07200000,0.00000705
1628066760212000,1,1045.63330057,0.00000705
1628066835820000,0,824.26856990,0.00000705
1628066835820000,0,2057.75261010,0.00000705
1628066835924000,0,0.00001659,0.00000705
1628067653632000,1,1101.75446314,0.00000706
1628067658331000,1,789.50080228,0.00000706
1628067658707000,1,1973.75200570,0.00000706
1628067662146000,1,709.45062090,0.00000706
1628067662149000,1,1049.77373998,0.00000706
1628067662149000,1,723.85281227,0.00000706
1628068209885000,0,731.20000000,0.00000707
1628068502342000,1,731.20000000,0.00000708
1628069917370000,1,1518.86792452,0.00000707
1628070318576000,1,264.48366672,0.00000707
1628070319363000,1,1610.60994581,0.00000707
1628071896250000,1,4425.46761000,0.00000708
1628071896314000,1,0.00000694,0.00000708
1628072645969000,1,1774.04704553,0.00000705
1628072755136000,1,2834.42235724,0.00000705
1628072760941000,1,4222.90644003,0.00000705
1628072760945000,1,1442.67120273,0.00000705
1628072760945000,1,246.49137328,0.00000705
1628072764501000,1,3889.88085024,0.00000705
1628072764628000,1,1494.29465311,0.00000705
1628072896886000,1,3103.73745831,0.00000706
1628073130614000,0,731.20000000,0.00000706
1628073282189000,1,2052.00668199,0.00000707
1628073288672000,1,1301.98721461,0.00000707
1628073307955000,1,1272.65106704,0.00000707
1628073632641000,1,731.20000000,0.00000707
1628073962097000,0,1205.70030923,0.00000707
1628073962097000,0,3014.25077307,0.00000707
1628074191777000,0,997.12405175,0.00000707
1628074191777000,0,2492.81012937,0.00000707
1628074358275000,0,731.20000000,0.00000706
1628074608420000,1,1510.39637455,0.00000705
1628074955987000,1,1427.33492942,0.00000705
1628075153620000,0,908.98365557,0.00000705
1628075911587000,0,5591.85908666,0.00000705
1628075911587000,0,3625.92351334,0.00000705
1628076759576000,1,731.20000000,0.00000705
1628077411228000,0,493.22430898,0.00000705
1628077411228000,0,1233.06077244,0.00000705
1628077910891000,1,454.32589658,0.00000706
1628078043091000,1,1740.03165000,0.00000706
1628078059789000,1,2593.31449256,0.00000706
1628078574789000,0,697.11400000,0.00000704
1628078575800000,0,0.00052166,0.00000704
1628078575800000,0,34.08547834,0.00000704
1628078983406000,1,111.16177967,0.00000704
1628079398064000,1,731.20000000,0.00000705
1628079605129000,1,1889.93323290,0.00000705
1628080011549000,1,320.77545327,0.00000704
1628080017404000,0,317.13333333,0.00000705
1628080035227000,1,317.13333333,0.00000704
1628080036549000,1,4380.75789560,0.00000704
1628080036549000,1,10946.27120440,0.00000704
1628080040137000,0,1051.73073024,0.00000704
1628080040137000,0,2629.30813976,0.00000704
1628080400991000,1,1137.63967954,0.00000705
1628080692827000,0,1112.00424811,0.00000706
1628080692827000,0,2776.07849776,0.00000706
1628080709098000,0,731.20000000,0.00000706
1628081221094000,1,731.20000000,0.00000708
1628081266545000,0,793.56541365,0.00000707
1628081266545000,0,1981.11139636,0.00000707
1628081406185000,0,731.20000000,0.00000706
1628081973088000,1,1642.64068227,0.00000702
1628082034049000,0,431.61256579,0.00000703
1628082035217000,0,1079.03141448,0.00000703
1628082265909000,1,731.20000000,0.00000702
1628082537121000,0,414.34836611,0.00000703
1628082537121000,0,1035.87091528,0.00000703
1628082899217000,0,731.20000000,0.00000702
1628083446892000,0,4341.44509856,0.00000704
1628083446892000,0,1132.14480670,0.00000704
1628083460254000,1,4342.29091209,0.00000704
1628083460260000,1,1131.19614495,0.00000704
1628083736965000,1,10000.00000000,0.00000700
1628083807290000,0,4338.37785000,0.00000700
1628083807387000,0,0.00000449,0.00000700
1628083807579000,1,10845.94463622,0.00000700
1628083807730000,0,587.38127175,0.00000701
1628083808026000,0,2871.11851266,0.00000701
1628083809885000,0,7959.88968000,0.00000701
1628083810023000,0,0.00000382,0.00000701
1628083814718000,0,4332.18901304,0.00000701
1628083814718000,0,10830.47253261,0.00000701
1628083840211000,0,4331.89959442,0.00000701
1628083841408000,0,10829.74898604,0.00000701
1628083848763000,1,10829.91466549,0.00000701
1628083848763000,1,18191.84160451,0.00000701
1628083850649000,0,28165.49788000,0.00000701
1628083870413000,1,5457.22511822,0.00000701
1628083873409000,0,10829.74898604,0.00000701
1628083874030000,1,6498.42401819,0.00000701
1628084209177000,1,4332.44228137,0.00000703
1628084872893000,0,2177.80188000,0.00000702
1628084998976000,1,5451.11529191,0.00000702
1628084999057000,0,5356.80680085,0.00000702
1628084999116000,1,94.30849106,0.00000702
1628084999125000,0,4228.86034604,0.00000702
1628084999454000,1,10000.00000000,0.00000702
1628085019080000,1,2972.26732792,0.00000702
1628085349235000,1,731.20000000,0.00000704
1628085512276000,1,4338.50742572,0.00000703
1628085512285000,1,1132.04753991,0.00000703
1628085604208000,0,6528.13858000,0.00000702
1628085640683000,0,4338.38922272,0.00000702
1628085640683000,0,1128.45592540,0.00000702
1628085672160000,1,8610.48326300,0.00000702
1628085680827000,1,5467.83165138,0.00000702
1628085680906000,0,5367.61444225,0.00000702
1628085692956000,1,100.21720913,0.00000702
1628085692956000,1,4233.96122832,0.00000702
1628085741133000,1,4329.50205306,0.00000702
1628085779449000,0,4329.50205306,0.00000702
1628085779449000,0,1134.41383075,0.00000702
1628085779499000,0,731.20000000,0.00000702
1628085815081000,0,0.76323134,0.00000703
1628086032647000,1,731.20000000,0.00000703
1628086288836000,1,5486.57040009,0.00000701
1628086302000000,1,4339.80670909,0.00000701
1628086412042000,0,731.20000000,0.00000701
1628086531035000,1,4322.34151112,0.00000701
1628086563621000,0,4326.76227946,0.00000701
1628086563621000,0,10816.90568054,0.00000701
1628086874197000,1,4324.06441299,0.00000700
1628086874340000,1,1146.28349768,0.00000700
1628087000251000,1,4333.87104105,0.00000699
1628087346449000,1,731.20000000,0.00000702
1628087385364000,1,5460.88581191,0.00000701
1628087399980000,1,4319.88348410,0.00000701
1628087399984000,1,1146.40259567,0.00000701
1628087629027000,0,1.67302347,0.00000702
1628087655321000,1,5474.29267874,0.00000701
1628087655321000,1,3136.19058526,0.00000701
1628087721732000,0,4326.56965026,0.00000702
1628087799057000,0,4321.39833121,0.00000702
1628087985213000,1,4328.47591766,0.00000702
1628088177785000,1,4311.40725261,0.00000703
1628088366814000,1,107.19300699,0.00000703
1628088673440000,1,10000.00000000,0.00000703
1628088762980000,0,3043.72004541,0.00000703
1628088803709000,0,3880.10759237,0.00000703
1628088803709000,0,1571.07223690,0.00000703
1628089072557000,1,1824.92405247,0.00000703
1628089467351000,0,3711.21606360,0.00000703
1628089467351000,0,9264.86112469,0.00000703
1628089518415000,0,3415.21800476,0.00000705
1628089518415000,0,8537.92327524,0.00000705
1628089518971000,0,0.00000904,0.00000705
1628089677776000,0,20471.77870586,0.00000705
1628089677776000,0,5417.44190472,0.00000705
1628089769627000,0,1563.29774527,0.00000705
1628089943845000,0,3559.30497460,0.00000705
1628090230239000,0,731.20000000,0.00000704
1628090504213000,1,731.20000000,0.00000705
1628090579630000,0,731.20000000,0.00000708
1628090753648000,1,731.20000000,0.00000707
1628090753704000,1,3526.38067000,0.00000707
1628090892532000,1,3704.65298086,0.00000707
1628090954883000,0,198.26700000,0.00000707
1628091080424000,1,198.26700000,0.00000706
1628091210822000,0,58.77078227,0.00000707
1628091384534000,0,3103.92568298,0.00000706
1628091384545000,1,2303.46832197,0.00000706
1628091384593000,0,5445.37019354,0.00000706
1628091397006000,1,6054.62980646,0.00000706
1628091397006000,1,1093.85172930,0.00000706
1628091400186000,1,2698.32395987,0.00000706
1628091575117000,1,10662.90745000,0.00000706
1628091603366000,0,3610.99365597,0.00000707
1628091867078000,0,5100.82957008,0.00000706
1628091982570000,1,3196.41358563,0.00000706
1628092100111000,1,5017.95745126,0.00000705
1628092100238000,1,2614.30871783,0.00000705
1628092120947000,1,2442.33914606,0.00000705
1628092120962000,1,2925.39468485,0.00000705
1628092197577000,1,4263.02020878,0.00000706
1628092197577000,1,10656.17430122,0.00000706
1628092859550000,1,4255.93403000,0.00000708
1628092859586000,1,0.00000406,0.00000708
1628093157278000,1,3113.30817183,0.00000707
1628093162346000,1,9816.84916724,0.00000707
1628093477284000,1,2417.51717760,0.00000709
1628093477341000,1,1819.81353000,0.00000709
1628093581203000,0,8512.46734000,0.00000709
1628093581400000,0,0.00000386,0.00000709
1628093633197000,1,4216.07919000,0.00000710
1628093659265000,0,3620.52100000,0.00000709
1628093711201000,1,1830.63952595,0.00000709
1628093865760000,1,8744.25964351,0.00000708
1628093865765000,1,3497.70385741,0.00000708
1628094002944000,0,673.67100000,0.00000707
1628094036766000,1,7820.86963000,0.00000709
1628094062157000,1,673.67100000,0.00000709
1628094062196000,1,3562.14694981,0.00000709
1628094089277000,1,4235.21032000,0.00000709
1628094160758000,1,6704.31622476,0.00000708
1628094160886000,1,3593.89835638,0.00000708
1628094161021000,1,1201.78541886,0.00000708
1628094323916000,0,21645.51602403,0.00000710
1628094324506000,0,2528.96720351,0.00000711
1628094324529000,0,826.76465842,0.00000711
1628094324529000,0,8389.32965482,0.00000711
1628094324529000,0,3360.45824483,0.00000711
1628094353846000,1,1708.49950000,0.00000713
1628094364867000,1,2333.46491000,0.00000712
1628094446352000,0,808.06403000,0.00000711
1628094446409000,0,0.00000130,0.00000711
1628094446477000,0,5246.66146004,0.00000712
1628094446477000,0,808.06403130,0.00000712
1628094446477000,0,3595.09522402,0.00000712
1628094446477000,0,5354.10665362,0.00000713
1628094446477000,0,3511.74377949,0.00000713
1628094446507000,0,5348.68173427,0.00000714
1628094446507000,0,3581.61503934,0.00000714
1628094446556000,1,3603.15084116,0.00000714
1628094447780000,1,75559.07458000,0.00000714
1628094448732000,0,4628.03212795,0.00000717
1628094450300000,0,1500.00000000,0.00000717
1628094460568000,1,1000.00000000,0.00000716
1628094460620000,1,3197.22632175,0.00000716
1628094471588000,0,512.39595737,0.00000715
1628094471588000,0,1280.98988263,0.00000715
1628094471602000,0,0.00001079,0.00000715
1628094946703000,0,472.21006862,0.00000713
1628094946703000,0,1180.52516138,0.00000713
1628094947046000,0,0.00001018,0.00000713
1628095765276000,1,4743.45785000,0.00000712
1628095917349000,1,1462.41601670,0.00000711
1628095917476000,1,1707.42479703,0.00000711
1628095917622000,1,4268.56199258,0.00000711
1628096580281000,0,2844.76805000,0.00000711
1628096580282000,0,0.00000208,0.00000711
1628096627074000,1,9037.30865000,0.00000712
1628096832154000,1,359.21252423,0.00000711
1628097168504000,0,1511.47724097,0.00000710
1628097168504000,0,4523.54931186,0.00000710
1628097173080000,0,1675.98885495,0.00000710
1628097173080000,0,4184.07906827,0.00000710
1628097175954000,0,731.20000000,0.00000710
1628097176375000,0,812.75162030,0.00000710
1628097176375000,0,3859.87905075,0.00000710
1628097181922000,1,1422.19418205,0.00000710
1628097181927000,1,3555.48545512,0.00000710
1628097185905000,1,381.79305506,0.00000710
1628097274654000,1,215.00000000,0.00000710
1628097513911000,1,4228.80123000,0.00000710
1628097513920000,1,0.00000715,0.00000710
1628097583736000,1,725.70761114,0.00000710
1628097655695000,1,9842.09339243,0.00000710
1628097655695000,1,8674.96757757,0.00000710
1628097979857000,1,1747.57559311,0.00000709
1628097979870000,1,3624.16543732,0.00000709
1628097979924000,0,725.70700000,0.00000709
1628097979931000,0,19.06654545,0.00000709
1628098279805000,1,731.20000000,0.00000709
1628098832740000,0,1699.92477673,0.00000709
1628098832740000,0,4243.82629119,0.00000709
1628099094003000,1,2452.53519474,0.00000709
1628099746696000,1,3712.86541616,0.00000708
1628099746824000,1,1548.27184527,0.00000708
1628099747023000,1,3780.20380000,0.00000708
1628099747075000,1,5000.00000000,0.00000708
1628099747125000,1,1000.00000000,0.00000708
1628099747372000,1,1091.47154658,0.00000708
1628099747882000,1,2982.14509882,0.00000707
1628099747929000,1,3369.79989113,0.00000707
1628100127821000,1,41.45095191,0.00000707
1628100128734000,1,4663.37859326,0.00000707
1628100128868000,1,673.13108660,0.00000707
1628100393501000,0,731.20000000,0.00000706
1628100393567000,0,865.35970000,0.00000706
1628100435001000,0,1629.67148388,0.00000706
1628100435001000,0,4074.17870970,0.00000706
1628100514548000,0,1501.15608633,0.00000705
1628100514548000,0,3747.57450730,0.00000705
1628100826368000,1,1018.01186731,0.00000706
1628100826502000,1,1503.14194936,0.00000706
1628100829226000,1,1389.52933084,0.00000706
1628100832644000,1,1358.22063702,0.00000706
1628100832964000,1,83.06981767,0.00000706
1628100867454000,1,731.20000000,0.00000707
1628101023477000,0,1397.55845863,0.00000707
1628101023477000,0,3493.89614658,0.00000707
1628101228772000,1,3222.03415736,0.00000706
1628101585463000,0,280.09100000,0.00000707
1628101673307000,0,263.47328756,0.00000707
1628101811023000,1,280.09100000,0.00000707
1628101966323000,0,1282.87456454,0.00000708
1628101966323000,0,3207.13608441,0.00000708
1628102826697000,0,90.11200000,0.00000708
1628102827716000,0,0.00032138,0.00000708
1628102827716000,0,641.08767862,0.00000708
1628102831101000,0,2432.48537191,0.00000708
1628103116610000,1,148.78600000,0.00000710
1628103121053000,1,582.41400000,0.00000710
1628103314609000,1,1176.35513757,0.00000709
1628103314615000,1,2940.88784391,0.00000709
1628103594164000,0,731.20000000,0.00000710
1628103594291000,0,6313.57725000,0.00000710
1628103665426000,1,731.20000000,0.00000711
1628103768416000,1,75.44652302,0.00000710
1628103845150000,1,680.24608797,0.00000712
1628103855970000,1,3596.89100729,0.00000712
1628104190737000,1,4205.26286669,0.00000711
1628104190737000,1,5319.78734356,0.00000711
1628104967065000,1,2161.22826243,0.00000712
1628104967070000,1,864.49130497,0.00000712
1628104978194000,1,796.31699857,0.00000712
1628104978196000,1,1990.79249642,0.00000712
1628104980029000,1,670.72091971,0.00000712
1628104980034000,1,1676.80229928,0.00000712
1628104983229000,1,617.82746291,0.00000712
1628104988207000,1,603.90682095,0.00000712
1628104988210000,1,1117.91343476,0.00000712
1628105158836000,0,627.34030520,0.00000713
1628105158836000,0,103.85969480,0.00000713
1628105161554000,0,627.17289122,0.00000714
1628105161554000,0,1567.93221878,0.00000714
1628105162372000,1,4175.62046583,0.00000714
1628105162372000,1,10436.79279417,0.00000714
1628105162831000,1,0.00001419,0.00000714
1628105162831000,1,731.19998581,0.00000714
1628105167949000,1,3283.71766000,0.00000714
1628105179521000,1,6998.03773329,0.00000714
1628105179521000,1,27133.01806671,0.00000714
1628105179766000,1,0.00000574,0.00000714
1628105180629000,1,3707.01163747,0.00000713
1628105180785000,1,2541.77972940,0.00000713
1628105180841000,1,2156.15711289,0.00000713
1628105180859000,1,6213.23933853,0.00000713
1628105200938000,0,2527.40867298,0.00000713
1628105200938000,0,6318.52167702,0.00000713
1628105338852000,1,121.00000000,0.00000713
1628105467510000,1,1900.20123196,0.00000712
1628105534208000,1,1604.73310611,0.00000713
1628105535122000,1,3693.66128000,0.00000713
1628105660163000,0,2283.42499827,0.00000712
1628105660163000,0,5700.55608173,0.00000712
1628105660186000,0,0.00001493,0.00000712
1628105917938000,1,4207.91090631,0.00000711
1628105941753000,0,2388.84099713,0.00000711
1628106048045000,1,2334.69268893,0.00000712
1628106048048000,1,2973.94646982,0.00000712
1628106218482000,1,5312.97795267,0.00000711
1628106251048000,1,2095.37478223,0.00000711
1628106646237000,0,731.20000000,0.00000710
1628106685981000,0,5324.01655923,0.00000711
1628106685981000,0,13201.90188077,0.00000711
1628107292127000,0,1718.67637169,0.00000710
1628107292127000,0,3591.36973306,0.00000710
1628107292769000,0,705.32119617,0.00000710
1628107542054000,0,10299.29164000,0.00000710
1628107835960000,1,731.20000000,0.00000711
1628108387114000,1,917.99532513,0.00000713
1628108387118000,1,1338.27445372,0.00000713
1628108394497000,1,1287.43718304,0.00000713
1628108395132000,1,1753.08020708,0.00000713
1628108419531000,1,3047.32398188,0.00000713
1628108419658000,1,1218.92959275,0.00000713
1628108419669000,1,1030.53359434,0.00000713
1628108419746000,0,2016.79038754,0.00000713
1628108437299000,0,5295.44823884,0.00000714
1628108437299000,0,7470.30262693,0.00000714
1628108437299000,0,73273.61929423,0.00000714
1628108437353000,0,72000.00000000,0.00000714
1628108437410000,0,25500.00000000,0.00000714
1628108496183000,1,10454.12058000,0.00000713
1628108713494000,0,731.20000000,0.00000713
1628108713521000,0,8935.34113378,0.00000713
1628108713521000,0,1483.64784734,0.00000713
1628108713521000,0,581.01101888,0.00000713
1628108713838000,0,1121.54821773,0.00000713
1628108713873000,0,888.58583826,0.00000713
1628108713954000,0,232.96237947,0.00000713
1628108714006000,0,655.62345879,0.00000713
1628108714213000,0,232.96237947,0.00000713
1628108943947000,1,731.20000000,0.00000713
1628109527113000,0,3561.16182201,0.00000715
1628109527113000,0,222.14955914,0.00000715
1628109913834000,1,301.40123972,0.00000713
1628109913855000,1,1175.91414309,0.00000713
1628109913911000,1,3647.69985297,0.00000713
1628109914043000,1,3226.44457958,0.00000713
1628110311884000,1,202.52790236,0.00000713
1628110508212000,0,952.56501653,0.00000714
1628110508212000,0,2381.41254133,0.00000714
1628110725368000,0,731.20000000,0.00000713
1628110725408000,0,353.06174803,0.00000713
1628110792388000,0,853.85421202,0.00000713
1628110913232000,0,3568.16494076,0.00000713
1628110922030000,0,3527.03254726,0.00000713
1628110939713000,0,1598.49612435,0.00000712
1628110939781000,1,639.39844974,0.00000712
1628110939791000,1,1598.49612435,0.00000712
1628110943275000,0,552.95842477,0.00000712
1628110943275000,0,1382.39606192,0.00000712
1628111174208000,0,509.35178944,0.00000712
1628111176897000,0,1244.68819522,0.00000712
1628111403972000,1,731.20000000,0.00000712
1628111619151000,0,380.52000000,0.00000711
1628111619746000,0,0.00099325,0.00000711
1628111619746000,0,949.96638412,0.00000711
1628112228640000,1,380.52000000,0.00000711
1628113430822000,0,365.60000000,0.00000712
1628113527017000,0,642.06925572,0.00000712
1628113527017000,0,256.82770229,0.00000712
1628113609006000,1,90.04231500,0.00000712
1628114222557000,1,365.60000000,0.00000712
1628115027224000,0,86.66400000,0.00000710
1628115028286000,0,0.00040183,0.00000710
1628115028286000,0,216.35559817,0.00000710
1628115033142000,0,0.00067926,0.00000710
1628115124750000,0,79.83683378,0.00000710
1628115124750000,0,199.59208445,0.00000710
1628115131171000,0,73.54082798,0.00000710
1628115131171000,0,183.85206994,0.00000710
1628115442737000,0,62.58000000,0.00000711
1628116065244000,0,5293.75848129,0.00000711
1628116065244000,0,430.58341869,0.00000711
1628116065244000,0,8319.28960494,0.00000711
1628116078235000,1,365.60000000,0.00000710
1628116078290000,1,3442.44687000,0.00000710
1628116078305000,1,0.00000672,0.00000710
1628116499683000,1,10455.86586288,0.00000709
1628116499683000,1,12191.50435740,0.00000709
1628116499796000,1,2886.17672871,0.00000709
1628116499850000,1,1292.19889865,0.00000709
1628116678465000,1,7874.16381127,0.00000707
1628116678465000,1,3683.38931873,0.00000707
1628116678846000,1,512.44742321,0.00000707
1628117205817000,1,286.28027610,0.00000706
1628117206951000,1,286.28027610,0.00000706
1628117374991000,0,1943.60110637,0.00000706
1628117483479000,0,365.60000000,0.00000705
1628117604145000,1,1378.56765402,0.00000705
1628117663051000,0,1101.32471000,0.00000705
1628117733778000,1,731.62619691,0.00000705
1628117733780000,1,2161.44897121,0.00000705
1628117823996000,1,1998.48266253,0.00000705
1628118097982000,1,365.60000000,0.00000707
1628118478900000,1,2950.23852982,0.00000709
1628119114019000,1,1526.10526925,0.00000707
1628119114140000,1,695.26419283,0.00000707
1628119115376000,1,1738.16048208,0.00000707
1628119123062000,1,555.99725147,0.00000707
1628119123067000,1,819.06866291,0.00000707
1628119136840000,1,575.06601458,0.00000707
1628119137418000,1,1437.66503644,0.00000707
1628119141032000,1,1324.28877886,0.00000707
1628119141157000,1,529.71551154,0.00000707
1628119222802000,1,202.62287738,0.00000707
1628119230034000,1,1208.43987228,0.00000707
1628119230039000,1,483.37594891,0.00000707
1628119812165000,1,4205.21513704,0.00000707
1628119876491000,1,984.02787017,0.00000707
1628119880489000,1,1221.57401662,0.00000707
1628119880621000,1,488.62960665,0.00000707
1628119880630000,1,1221.57401662,0.00000707
1628119885941000,1,422.57130707,0.00000707
1628119886251000,1,975.84499981,0.00000707
1628120095811000,1,376.69557318,0.00000708
1628120101175000,1,382.57403430,0.00000708
1628120101193000,1,956.43508575,0.00000708
1628120105204000,1,382.57403430,0.00000708
1628120105208000,1,956.43508575,0.00000708
1628120114259000,1,805.58379347,0.00000708
1628120114260000,1,322.23351739,0.00000708
1628120118252000,1,742.05446560,0.00000708
1628120121855000,1,280.10197853,0.00000708
1628120121861000,1,102.65979330,0.00000708
1628120518847000,0,1887.26145524,0.00000708
1628120518847000,0,5332.27447476,0.00000708
1628121217187000,1,2147.54784708,0.00000705
1628121217219000,1,712.67997890,0.00000705
1628121217508000,1,1356.21127373,0.00000705
1628122248425000,0,1210.53905965,0.00000706
1628122248425000,0,484.21562386,0.00000706
1628122261479000,0,365.60000000,0.00000706
1628122288793000,0,437.79198062,0.00000706
1628122288793000,0,1092.93188939,0.00000706
1628122294077000,1,1008.25477463,0.00000706
1628122540018000,1,365.60000000,0.00000706
1628122669191000,1,4221.89251517,0.00000706
1628123395744000,1,809.67723190,0.00000701
1628123590799000,0,31.53003556,0.00000703
1628123791346000,0,1029.05815085,0.00000703
1628123791346000,0,411.62325915,0.00000703
1628124377909000,0,2595.24254749,0.00000703
1628124377909000,0,399.44765954,0.00000703
1628124377909000,0,998.61912297,0.00000703
1628125528424000,1,5946.87849329,0.00000699
1628125528424000,1,4292.94343124,0.00000699
1628125528424000,1,2013.51211547,0.00000699
1628125578848000,1,10745.26865243,0.00000699
1628126283202000,0,1132.73921725,0.00000698
1628126283202000,0,2831.84803275,0.00000698
1628126283347000,0,0.00001038,0.00000698
1628126283347000,0,365.59998962,0.00000698
1628126776680000,1,4307.57492538,0.00000697
1628126903778000,1,355.22300000,0.00000698
1628127389529000,0,355.22300000,0.00000700
1628127441018000,1,1019.57752313,0.00000699
1628127450805000,1,2491.51052460,0.00000699
1628127667904000,1,365.60000000,0.00000699
1628127952785000,1,4312.48873575,0.00000699
1628128014596000,1,1001.63418780,0.00000699
1628128155181000,1,957.01700283,0.00000699
1628128359538000,0,365.60000000,0.00000700
1628128824136000,1,1050.45667849,0.00000698
1628128824136000,1,10736.15914488,0.00000698
1628128824136000,1,25713.38417663,0.00000698
1628128953929000,1,1502.25202832,0.00000699
1628129172935000,1,2242.88431276,0.00000702
1628129337963000,0,1760.15116962,0.00000704
1628129337963000,0,4400.33130038,0.00000704
1628129575628000,1,365.60000000,0.00000705
1628129760195000,1,1444.07609962,0.00000705
1628129778106000,1,2821.47822000,0.00000705
1628129778374000,1,0.00000710,0.00000705
1628130044303000,1,4273.54515343,0.00000704
1628131011891000,1,4284.59128193,0.00000702
1628131170524000,1,3882.34371174,0.00000701
1628131173503000,0,1567.63322573,0.00000701
1628131173564000,1,2727.58467895,0.00000701
1628131201852000,0,4295.61016818,0.00000701
1628131622312000,1,2260.18664817,0.00000700
1628131622318000,1,3185.32882074,0.00000700
1628132536827000,0,365.60000000,0.00000699
1628132666735000,0,2129.25410968,0.00000699
1628132670043000,0,3654.28333788,0.00000699
1628132785131000,1,4286.08177395,0.00000699
1628132905378000,1,365.60000000,0.00000699
1628133219248000,1,4288.62236470,0.00000699
1628133247792000,1,10723.52775566,0.00000699
1628133277208000,0,3626.23415776,0.00000699
1628133507928000,0,1454.05104002,0.00000700
1628133507990000,0,22067.38779680,0.00000700
1628133551762000,0,943.94315777,0.00000700
1628133551781000,0,2400.19482500,0.00000700
1628133551781000,0,754.21759854,0.00000700
1628133551914000,0,544.01259795,0.00000700
1628133551921000,0,7061.64714707,0.00000700
1628134338455000,0,3083.06654774,0.00000699
1628134338455000,0,2370.96992716,0.00000699
1628134338518000,0,5336.69644000,0.00000699
1628134338810000,0,0.00000220,0.00000699
1628134366829000,0,5450.72662803,0.00000700
1628134366829000,0,3080.75267771,0.00000700
1628134366829000,0,7701.88169426,0.00000700
1628134366829000,0,19227.85081217,0.00000700
1628134501149000,0,2382.72770576,0.00000699
1628134501149000,0,3069.55586023,0.00000699
1628134653918000,0,5886.41211693,0.00000700
1628134653918000,0,2354.72616714,0.00000700
1628134653918000,0,4581.44675593,0.00000700
1628134653970000,0,365.60000000,0.00000700
1628134656832000,1,365.60000000,0.00000700
1628134656892000,1,8450.88968000,0.00000700
1628134687866000,0,5447.17735096,0.00000700
1628134687866000,0,2261.48644904,0.00000700
1628134744271000,1,4291.21373636,0.00000700
1628135302423000,1,4292.35754686,0.00000700
1628135318670000,1,4289.07702219,0.00000700
1628135395952000,0,544.77207151,0.00000700
1628135395981000,0,3846.00000000,0.00000700
1628135676682000,1,4960.92435073,0.00000699
1628135676802000,1,2495.15642396,0.00000699
1628135676812000,1,4043.91922531,0.00000699
1628136026228000,1,2236.03625334,0.00000699
1628136026232000,1,1379.64503693,0.00000699
1628136306394000,1,588.04258458,0.00000699
1628136662145000,0,4289.32452685,0.00000698
1628136734592000,1,4289.00940852,0.00000698
1628136738640000,0,4289.18767155,0.00000698
1628136747083000,0,1154.55572428,0.00000698
1628136747146000,1,3133.99503192,0.00000698
1628136763649000,0,3557.01720018,0.00000698
1628137205204000,1,4293.17329047,0.00000698
1628137221317000,1,4297.21801118,0.00000698
1628137244041000,0,4296.92245336,0.00000698
1628137248616000,1,4297.11332385,0.00000698
1628137453538000,0,4296.86512417,0.00000698
1628137690130000,0,4294.83982333,0.00000698
1628137697834000,1,4294.25510492,0.00000698
1628137703522000,0,5242.22588000,0.00000698
1628137964616000,0,3434.30573132,0.00000698
1628137964616000,0,8585.76432830,0.00000698
1628137968407000,0,3163.46668854,0.00000698
1628137968771000,0,365.60000000,0.00000698
1628137968917000,0,3163.46668854,0.00000698
1628137978971000,0,3012.66895403,0.00000698
1628138003009000,0,649.49052798,0.00000698
1628138007454000,1,5455.45213025,0.00000698
1628138014169000,1,1819.16817712,0.00000698
1628138085151000,0,2875.11097925,0.00000698
1628138085151000,0,7187.77744812,0.00000698
1628138521995000,1,365.60000000,0.00000699
1628138522053000,1,3268.85027000,0.00000699
1628138754458000,1,4299.13660013,0.00000699
1628138783306000,0,4299.64390326,0.00000699
1628138788835000,0,1157.64128774,0.00000699
1628138788900000,1,3142.02737262,0.00000699
1628138948960000,1,4300.20776350,0.00000699
1628139267074000,1,1040.34413989,0.00000699
1628139267197000,1,3456.65279237,0.00000699
1628139449049000,1,4299.05641097,0.00000699
1628139453158000,0,1153.96867361,0.00000699
1628139467116000,1,4299.59171687,0.00000699
1628139495772000,0,1152.68054345,0.00000699
1628139936484000,1,3500.00000000,0.00000698
1628139936589000,1,7254.94331713,0.00000698
1628139947455000,0,4302.98268776,0.00000698
1628139953269000,0,1155.00264616,0.00000698
1628139953386000,1,3147.85056821,0.00000698
1628140093904000,0,320.21861989,0.00000698
1628140310063000,1,4298.87967165,0.00000698
1628140319357000,0,4298.89815428,0.00000698
1628140451791000,1,4296.99271759,0.00000698
1628140470988000,1,4295.94609411,0.00000698
1628140493399000,1,4298.12441566,0.00000698
1628140574998000,1,4299.28254858,0.00000698
1628140614322000,0,4299.14596234,0.00000698
1628140622030000,0,1153.21074099,0.00000698
1628140622094000,1,3145.65194589,0.00000698
1628141585177000,1,4303.20967933,0.00000697
1628141585188000,1,8607.05749807,0.00000697
1628141601996000,1,3534.26185409,0.00000697
1628141645295000,1,2522.66825790,0.00000697
1628141795507000,1,2071.90464600,0.00000697
1628141942385000,1,4.12369443,0.00000697
1628141945251000,1,5456.91711008,0.00000697
1628141945321000,0,5314.44986316,0.00000697
1628143201544000,1,414.28539586,0.00000697
1628143449888000,0,4316.14395835,0.00000697
1628143714543000,0,365.60000000,0.00000696
1628143719625000,0,3284.27622880,0.00000697
1628143719687000,0,985.59661379,0.00000697
1628143719687000,0,1932.88424661,0.00000697
1628143719712000,0,1824.05053775,0.00000697
1628143719824000,0,1459.24017367,0.00000697
1628143719905000,0,2918.15346009,0.00000697
1628143763173000,1,365.60000000,0.00000697
1628144142229000,1,4320.50949660,0.00000697
1628144142229000,1,10801.27374150,0.00000697
1628144190713000,1,400.46446290,0.00000696
1628144361420000,1,28122.08784097,0.00000697
1628144361420000,1,10815.33593053,0.00000697
1628144361420000,1,5481.54031459,0.00000697
1628144361420000,1,4324.20736481,0.00000697
1628144361420000,1,5491.39364903,0.00000696
1628144361420000,1,89313.52000000,0.00000696
1628144361420000,1,3624.04161178,0.00000696
1628144361420000,1,3518.60395000,0.00000696
1628144361420000,1,71338.92020129,0.00000696
1628144638884000,0,443.04475801,0.00000697
1628145441045000,0,9105.27347726,0.00000697
1628145441135000,0,1736.03532863,0.00000697
1628145441135000,0,1312.88124353,0.00000697
1628145441196000,0,3028.17845255,0.00000697
1628145480998000,0,4.94505473,0.00000697
1628145762850000,0,4346.24997237,0.00000697
1628145901884000,1,4344.60756389,0.00000698
1628145901884000,1,1169.24814264,0.00000698
1628145902943000,1,5513.85570653,0.00000698
1628145903074000,1,4178.41506056,0.00000698
1628145913000000,1,4344.60756389,0.00000698
1628145913000000,1,1168.82854143,0.00000698
1628146548124000,0,4343.67232754,0.00000698
1628146548124000,0,1154.98195653,0.00000698
1628146614327000,1,4345.43758881,0.00000698
1628146614480000,1,1148.24267090,0.00000698
1628146859778000,1,5507.95728920,0.00000697
1628146859778000,1,23391.21254755,0.00000697
1628146925621000,0,4344.30455591,0.00000698
1628146925621000,0,1161.65049934,0.00000698
1628147157485000,1,4334.90037000,0.00000700
1628147190486000,0,1688.50356633,0.00000701
1628147555647000,1,8500.00000000,0.00000700
1628147679061000,1,5500.08438573,0.00000699
1628147679061000,1,1079.18683472,0.00000699
1628147682700000,1,4346.22106531,0.00000699
1628147684657000,1,5500.08438573,0.00000699
1628148153835000,1,4335.84954678,0.00000701
1628148153835000,1,10839.62385322,0.00000701
1628148257346000,1,417.52005200,0.00000701
1628148311908000,1,7500.00000000,0.00000701
1628148368247000,1,7715.46851820,0.00000700
1628148594343000,1,4325.50269513,0.00000700
1628148597439000,1,1185.31762960,0.00000700
1628148600399000,0,2077.22867049,0.00000700
1628148600399000,0,3432.16421818,0.00000700
1628148600486000,0,365.60000000,0.00000700
1628148940603000,1,4275.35792000,0.00000700
1628148940610000,1,1240.13449862,0.00000700
1628148941153000,1,365.60000000,0.00000700
1628148966268000,1,867.75451676,0.00000700
1628148966273000,1,4650.88417848,0.00000700
1628148966391000,0,2817.67856829,0.00000700
1628148971644000,0,2799.59000723,0.00000700
1628148971644000,0,2719.93502546,0.00000700
1628149063463000,1,3474.36273896,0.00000700
1628149530967000,1,7.83288065,0.00000701
1628149534971000,1,2538.30026628,0.00000701
1628149546510000,1,2964.82239202,0.00000701
1628149591266000,1,5513.69629326,0.00000701
1628149603663000,0,2290.06823298,0.00000701
1628149807660000,1,5590.52887734,0.00000702
1628149998646000,0,365.60000000,0.00000703
1628150021065000,1,2519.14287595,0.00000703
1628150021190000,1,2230.22142044,0.00000703
1628150024970000,1,2123.20871709,0.00000703
1628150025347000,1,4127.42698652,0.00000703
1628150169918000,1,365.60000000,0.00000704
1628150170027000,0,3539.21777000,0.00000704
1628150309985000,0,365.60000000,0.00000704
1628150309993000,0,477.94831919,0.00000704
1628150309993000,0,2070.35273406,0.00000704
1628150355975000,1,365.60000000,0.00000704
1628150440373000,1,661.17742500,0.00000703
1628150776627000,0,1063.70075108,0.00000702
1628150776627000,0,3868.18454555,0.00000702
1628151414422000,1,883.70723309,0.00000703
1628151416316000,1,2785.88477929,0.00000703
1628151416436000,1,1114.35391172,0.00000703
1628151417516000,1,2736.10553828,0.00000703
1628151532062000,1,83.10967200,0.00000703
1628151823235000,1,946.78278666,0.00000704
1628151823244000,1,2366.95696665,0.00000704
1628151840072000,1,2168.69743865,0.00000704
1628151844368000,1,2058.13182476,0.00000704
1628151844502000,1,823.25272990,0.00000704
1628151845342000,1,2058.13182476,0.00000704
1628151846806000,1,542.92081254,0.00000704
1628151877753000,1,4330.48783000,0.00000704
1628152051107000,0,796.59889713,0.00000705
1628152051107000,0,1991.49723287,0.00000705
1628152771295000,1,38.43663829,0.00000705
1628153178953000,0,438.67284161,0.00000704
1628153178953000,0,1095.12652657,0.00000704
1628153423699000,0,3640.05255603,0.00000705
1628153433364000,1,4336.30151000,0.00000705
1628153610809000,1,2945.56789473,0.00000706
1628153718489000,0,672.35718552,0.00000706
1628153718489000,0,1680.89295448,0.00000706
1628153718629000,0,0.00000933,0.00000706
1628154296487000,1,853.69330822,0.00000705
1628154650141000,1,2394.69335951,0.00000704
1628154697631000,1,4351.36471583,0.00000705
1628154927947000,0,365.60000000,0.00000705
1628154929866000,0,1348.17957051,0.00000705
1628154929866000,0,4278.38030174,0.00000705
1628154969862000,1,170.17379265,0.00000706
1628154969862000,1,195.42620735,0.00000706
1628155185146000,0,3725.70884745,0.00000708
1628155186294000,0,3706.13368442,0.00000708
1628155191213000,0,1202.06039261,0.00000708
1628155192607000,0,3005.15098152,0.00000708
1628155197621000,0,1080.20887697,0.00000708
1628155197621000,0,2700.52219243,0.00000708
1628155274846000,1,70.00000000,0.00000709
1628155335816000,0,365.60000000,0.00000709
1628155335916000,0,624.07464404,0.00000709
1628155335916000,0,2474.18660596,0.00000709
1628155336017000,0,0.00000414,0.00000709
1628155374366000,1,365.60000000,0.00000709
1628155881475000,1,4365.25397000,0.00000709
1628156264809000,1,4369.82774683,0.00000710
1628156866511000,0,3354.32176516,0.00000709
1628156866511000,0,1340.69196484,0.00000709
1628156874498000,1,4374.27922000,0.00000710
1628157446137000,0,2630.29400663,0.00000712
1628157446137000,0,1054.49181512,0.00000712
1628157537774000,0,5542.18137644,0.00000711
1628157537848000,0,365.60000000,0.00000711
1628157827357000,1,365.60000000,0.00000711
1628157827428000,1,3999.88631693,0.00000711
1628157827428000,1,10914.64878089,0.00000711
1628158235830000,1,4353.25860000,0.00000712
1628158311199000,1,2438.01544190,0.00000711
1628158362914000,0,365.60000000,0.00000712
1628158362919000,0,1935.08419233,0.00000712
1628158362919000,0,920.27367693,0.00000712
1628158489099000,0,848.88744000,0.00000713
1628158489357000,0,0.00000163,0.00000713
1628158489357000,0,2117.24205837,0.00000713
1628158501971000,1,365.60000000,0.00000713
1628158502263000,1,10489.89621000,0.00000713
1628158944430000,0,991.66118579,0.00000712
1628158944430000,0,2475.67589159,0.00000712
1628159338741000,0,4204.30911000,0.00000713
1628159339153000,0,0.00000105,0.00000713
1628159339153000,0,365.59999895,0.00000713
1628159339254000,0,280.71571114,0.00000713
1628159339254000,0,1615.78927523,0.00000713
1628159526140000,1,365.60000000,0.00000714
1628159925563000,0,1411.70789161,0.00000715
1628159925563000,0,3525.02792395,0.00000715
1628160789765000,0,365.60000000,0.00000714
1628160918354000,1,365.60000000,0.00000713
1628160980976000,1,2887.65057748,0.00000713
1628160986525000,1,2650.16549917,0.00000713
1628161044654000,1,1273.81446476,0.00000713
1628161044665000,1,3184.38499224,0.00000713
1628161050890000,1,1079.53016880,0.00000713
1628161051087000,0,1173.36429045,0.00000713
1628161760223000,1,2535.17279352,0.00000713
1628161833782000,0,365.60000000,0.00000714
1628162075066000,1,365.60000000,0.00000714
1628162679565000,0,633.25958894,0.00000713
1628162679565000,0,1582.82687535,0.00000713
1628162827800000,0,584.14742857,0.00000715
1628162827800000,0,1460.36856143,0.00000715
1628163002838000,1,3784.92885826,0.00000715
1628163002930000,1,553.19301190,0.00000715
1628163002930000,1,10844.02996810,0.00000715
1628163189772000,1,10871.65320220,0.00000713
1628163189772000,1,28254.17041780,0.00000713
1628163198474000,0,510.87602755,0.00000713
1628163198582000,0,5510.04558904,0.00000713
1628163198582000,0,2522.40535096,0.00000713
1628163736971000,0,1500.00000000,0.00000712
1628163737045000,0,365.60000000,0.00000712
1628163769473000,1,365.60000000,0.00000712
1628163776905000,1,18234.05353000,0.00000712
1628163811634000,1,812.77832000,0.00000711
1628163811687000,1,1000.00000000,0.00000711
1628163811738000,1,3000.00000000,0.00000711
1628163811791000,1,9500.00000000,0.00000711
1628163811906000,1,3005.35519999,0.00000711
1628163811914000,1,1688.12666030,0.00000711
1628163811987000,1,1125.41777354,0.00000711
1628163812033000,1,2531.64556962,0.00000711
1628163812043000,1,3516.93054231,0.00000711
1628163812130000,1,1547.44943861,0.00000711
1628163812183000,1,3600.33488624,0.00000711
1628163897454000,0,26411.16303000,0.00000711
1628164040093000,0,365.60000000,0.00000712
1628164387884000,0,5435.12043245,0.00000711
1628165748090000,1,365.60000000,0.00000714
1628165817336000,0,10560.89589070,0.00000713
1628165829222000,0,2351.20747202,0.00000713
1628165897167000,0,5096.65216782,0.00000714
1628165897167000,0,3786.36136287,0.00000714
1628166344387000,1,3905.15923435,0.00000714
1628166344388000,1,1620.57931540,0.00000714
1628166348636000,1,3780.65598656,0.00000714
1628166348866000,1,1745.08256319,0.00000714
1628166348866000,1,3656.26404641,0.00000714
1628166348980000,0,4050.29335681,0.00000714
1628166381029000,1,3580.79078637,0.00000714
1628166581097000,0,3516.98567526,0.00000714
1628166581097000,0,8792.46418816,0.00000714
1628166718754000,0,22400.42538000,0.00000714
1628166792119000,1,2559.66414193,0.00000712
1628166792155000,1,5662.79588000,0.00000712
1628166792191000,1,20222.45908917,0.00000712
1628166792191000,1,10942.76201789,0.00000712
1628166792191000,1,4377.77565762,0.00000712
1628167155185000,1,4388.97966217,0.00000711
1628167155185000,1,9111.02033783,0.00000711
1628167185575000,0,4391.50313181,0.00000711
1628167185575000,0,5450.91887114,0.00000711
1628167185631000,0,421.85655695,0.00000711
1628167185727000,0,1406.18852319,0.00000711
1628167185798000,0,3699.48682385,0.00000711
1628167193607000,0,3535.65666564,0.00000711
1628167325620000,0,8352.87332198,0.00000711
1628167368963000,0,8588.66409000,0.00000710
1628167377624000,0,3654.65958000,0.00000710
1628167598585000,0,148.40857100,0.00000712
1628167830479000,0,365.60000000,0.00000712
1628167860911000,0,3322.79887000,0.00000713
1628167867365000,1,3851.68844000,0.00000714
1628167883150000,1,365.60000000,0.00000714
1628167883686000,1,3714.43410000,0.00000714
1628167910998000,0,365.60000000,0.00000712
1628167911009000,0,8201.02959804,0.00000712
1628167911080000,1,365.59999196,0.00000712
1628167911097000,0,3061.05184726,0.00000712
1628167942966000,0,2008.84377519,0.00000713
1628167942966000,0,2569.08842166,0.00000713
1628168336606000,1,365.60000000,0.00000712
1628168400028000,1,1671.54975308,0.00000712
1628168468120000,0,4084.71765000,0.00000712
1628168468151000,0,0.00000195,0.00000712
1628168517345000,0,10012.61492450,0.00000713
1628168517345000,0,5520.66261414,0.00000713
1628168517345000,0,3651.71836175,0.00000713
1628168843336000,0,365.60000000,0.00000713
1628168920362000,1,365.60000000,0.00000713
1628169120339000,1,627.17432180,0.00000713
1628169223967000,1,10965.69023871,0.00000712
1628169223967000,1,4388.38069276,0.00000712
1628169248671000,1,8894.67890052,0.00000712
1628169422498000,1,4397.96597768,0.00000713
1628169422498000,1,10994.91494420,0.00000713
1628169516732000,0,2440.96250936,0.00000712
1628169516732000,0,3074.83744937,0.00000712
1628169516842000,0,499.98511966,0.00000712
1628169676108000,1,754.55798541,0.00000712
1628169693032000,0,6425.68942000,0.00000712
1628169757280000,0,1025.33153733,0.00000712
1628169858883000,0,2402.39233713,0.00000712
1628169915078000,0,4409.25863889,0.00000712
1628169915078000,0,11023.14659723,0.00000712
1628169923785000,0,4403.83909077,0.00000712
1628170300183000,0,365.60000000,0.00000714
1628170300270000,0,4014.30003000,0.00000714
1628170300498000,0,0.00000091,0.00000714
1628170332344000,1,4378.62529924,0.00000714
1628170332349000,1,1167.09733849,0.00000714
1628170432710000,0,4380.32340155,0.00000714
1628170432710000,0,10950.80849845,0.00000714
1628170518624000,1,365.60000000,0.00000715
1628170589810000,0,365.60000000,0.00000714
1628170603900000,0,4377.37994865,0.00000714
1628170603900000,0,1164.70091459,0.00000714
1628170738796000,1,365.60000000,0.00000714
1628170946691000,0,4385.86336415,0.00000713
1628170946691000,0,1172.97161047,0.00000713
1628171500093000,0,365.60000000,0.00000713
1628171573197000,1,365.60000000,0.00000714
1628171573294000,1,4025.45530000,0.00000714
1628171742966000,0,4372.07542743,0.00000716
1628171742966000,0,10940.52258257,0.00000716
1628171805767000,1,5534.13638691,0.00000716
1628171805917000,1,4362.39847041,0.00000716
1628172101686000,0,150.09053146,0.00000715
1628172437932000,0,365.60000000,0.00000714
1628172440626000,1,3287.53620000,0.00000714
1628172689018000,1,365.60000000,0.00000715
1628172689184000,0,4331.40404475,0.00000715
1628172697991000,0,4331.89486090,0.00000715
1628172771163000,0,365.60000000,0.00000714
1628172775441000,0,3616.11288269,0.00000714
1628172812915000,0,4322.38925000,0.00000713
1628172814051000,0,0.00000841,0.00000713
1628172914031000,0,4324.22488118,0.00000714
1628172968353000,1,365.60000000,0.00000715
1628172978111000,1,10777.17484035,0.00000715
1628172978111000,1,4310.86992965,0.00000715
1628173009602000,0,365.60000000,0.00000714
1628173009754000,0,3945.62015394,0.00000714
1628173009754000,0,10778.05038485,0.00000714
1628173009754000,0,4311.22014121,0.00000714
1628173101277000,0,4326.50967000,0.00000713
1628173216188000,0,4310.28330730,0.00000714
1628173339484000,1,365.60000000,0.00000714
1628173673929000,0,4.97495004,0.00000715
1628173673929000,0,1402.72664394,0.00000715
1628173674009000,0,9397.85129000,0.00000715
1628173738488000,0,4315.56545000,0.00000715
1628173738570000,0,0.00000268,0.00000715
1628173738570000,0,365.59999732,0.00000715
1628173738685000,0,10423.31363000,0.00000715
1628173763145000,0,1.85691814,0.00000715
1628173783748000,1,4315.16600260,0.00000715
1628173816396000,1,2151.90905000,0.00000716
1628173825154000,1,4310.29035000,0.00000716
1628173851728000,0,6463.70783964,0.00000716
1628174004979000,0,4311.08120485,0.00000716
1628174004979000,0,1148.69499221,0.00000716
1628174059192000,0,5461.63919438,0.00000716
1628174059192000,0,1511.14153187,0.00000716
1628174270027000,1,365.60000000,0.00000714
1628174399703000,0,365.60000000,0.00000713
1628174442960000,1,10500.00000000,0.00000713
1628174554019000,1,4296.29170000,0.00000712
1628174664395000,1,4302.95092000,0.00000711
1628174705687000,0,0.17090900,0.00000710
1628174819206000,0,4313.43429461,0.00000710
1628175040056000,0,5443.60764425,0.00000708
1628175040180000,1,4297.16047246,0.00000708
1628175241462000,1,5439.39883520,0.00000709
1628175354521000,0,4296.25234351,0.00000710
1628175354521000,0,10740.93873649,0.00000710
1628175354625000,0,0.00000351,0.00000710
1628175405984000,1,4254.90850000,0.00000711
1628175476505000,1,5422.64884872,0.00000711
1628175476604000,0,1001.98662292,0.00000711
1628175568946000,0,4281.01819223,0.00000711
1628175568946000,0,3715.81466477,0.00000711
1628175574260000,0,4281.01819223,0.00000710
1628175665342000,1,256.76623324,0.00000709
1628175667045000,0,4282.39641345,0.00000709
1628175667045000,0,10705.99102655,0.00000709
1628175710763000,1,4299.18375740,0.00000707
1628175710910000,1,2154.71195260,0.00000707
1628175857832000,0,2069.08107766,0.00000708
1628175857844000,0,1027.89907264,0.00000708
1628176429485000,1,4269.49289000,0.00000705
1628176450326000,0,3614.91316601,0.00000705
1628176503006000,0,3.20004541,0.00000704
1628176503006000,0,4285.35734459,0.00000704
1628176854168000,0,6405.21658095,0.00000706
1628176884153000,1,10668.09435000,0.00000707
1628176884202000,1,0.00000924,0.00000707
1628176884202000,1,4267.23773076,0.00000707
1628176978605000,0,1242.75144651,0.00000706
1628176978838000,0,9442.09753000,0.00000706
1628177041098000,0,43.66263792,0.00000706
1628177269895000,0,437.51282149,0.00000706
1628177302917000,0,552.00000000,0.00000706
1628177347434000,1,4707.66970000,0.00000705
1628177401758000,0,4266.37006407,0.00000706
1628177401758000,0,10665.92516017,0.00000706
1628177521336000,1,5402.31321599,0.00000705
1628177921618000,0,4268.40691961,0.00000706
1628178513501000,1,4282.46836000,0.00000707
1628178636983000,0,4317.08293808,0.00000706
1628178864442000,0,10797.72135773,0.00000709
1628179039626000,0,4309.12654958,0.00000709
1628179105207000,0,4318.08820203,0.00000708
1628179105207000,0,10795.22050507,0.00000708
1628179360649000,0,4296.93023808,0.00000709
1628179366249000,0,4296.56361830,0.00000709
1628179366249000,0,10741.40904575,0.00000709
1628179370430000,1,4296.56361830,0.00000709
1628179370693000,1,1139.36030099,0.00000709
1628179380471000,0,4297.31874268,0.00000709
1628179394269000,0,4296.32511320,0.00000709
1628179467341000,1,5429.14626470,0.00000708
1628179476870000,1,4289.81260108,0.00000708
1628179476871000,1,1139.33366362,0.00000708
1628179501170000,1,4298.51058000,0.00000707
1628179507061000,1,4297.19917000,0.00000707
1628179527149000,1,4281.57806722,0.00000705
1628179542873000,1,6694.38083000,0.00000705
1628179947962000,0,27830.81425616,0.00000704
1628179947962000,0,5414.65063396,0.00000705
1628179947962000,0,3606.36096102,0.00000705
1628179947962000,0,80439.14000000,0.00000705
1628179954298000,0,22771.31996731,0.00000704
1628179954298000,0,9547.17201909,0.00000704
1628179957422000,0,3094.41036835,0.00000704
1628179990976000,1,2927.37854000,0.00000703
1628180397371000,1,1840.72240000,0.00000702
1628180421500000,0,3687.41211000,0.00000701
1628180421673000,0,3189.48082000,0.00000701
1628180511753000,1,6208.24784169,0.00000701
1628180511877000,1,3034.53000848,0.00000701
1628180538174000,0,2826.27084137,0.00000701
1628180538174000,0,2614.04158034,0.00000701
1628180605880000,1,3890.05875319,0.00000701
1628180606023000,1,2703.68919415,0.00000701
1628180615056000,1,2555.11822578,0.00000701
1628180615058000,1,351.13382688,0.00000701
1628180638557000,1,3949.47703000,0.00000702
1628180817064000,1,365.60000000,0.00000702
1628181316084000,1,2269.60364229,0.00000700
1628181347903000,1,50.90297100,0.00000700
1628181662384000,0,365.60000000,0.00000702
1628181710711000,1,1077.97145848,0.00000701
1628182674581000,1,1275.07112687,0.00000696
1628182674584000,1,3187.58989026,0.00000696
1628182975798000,1,3461.73711060,0.00000696
1628183003688000,1,3465.96269000,0.00000696
1628183419350000,1,4284.15106000,0.00000696
1628183419433000,1,0.00000861,0.00000696
1628183419433000,1,2741.18003341,0.00000696
1628183419437000,1,7966.05635347,0.00000696
1628183671916000,1,2821.16989000,0.00000693
1628184058577000,1,4216.08283723,0.00000688
1628184073885000,1,22057.25291858,0.00000688
1628184239993000,1,3274.38112651,0.00000688
1628184877827000,1,4209.15678000,0.00000689
1628185036727000,1,10247.03426000,0.00000689
1628185077454000,1,4262.63600000,0.00000689
1628185481886000,1,1609.36561000,0.00000689
1628185486261000,1,0.00000691,0.00000689
1628185889880000,1,365.60000000,0.00000687
1628186255983000,1,109.03486305,0.00000684
1628186369148000,0,1059.80320909,0.00000682
1628186369148000,0,4207.34885091,0.00000682
1628186464201000,0,365.60000000,0.00000683
1628186548126000,1,3488.25860391,0.00000683
1628186548174000,1,365.60000000,0.00000683
1628186548203000,1,5000.00000000,0.00000683
1628186551942000,0,1755.51695005,0.00000683
1628186551942000,0,4388.79236995,0.00000683
1628186816752000,1,4257.65741453,0.00000684
1628187084032000,1,954.89010111,0.00000684
1628187218447000,0,500.00000000,0.00000684
1628187375707000,1,4267.26606848,0.00000684
1628188337317000,0,32.17215440,0.00000680
1628188533893000,1,4277.68461063,0.00000680
1628188541282000,1,4278.77951505,0.00000680
1628188807203000,0,365.60000000,0.00000680
1628189039207000,1,1962.44665961,0.00000679
1628189074362000,0,1958.10224000,0.00000680
1628189163067000,1,4251.92975000,0.00000680
1628189408490000,1,365.60000000,0.00000681
1628189493297000,1,1240.88205470,0.00000680
1628189693331000,1,4263.44949902,0.00000680
1628189698949000,0,1140.07166491,0.00000680
1628189699014000,1,3130.27600683,0.00000680
1628189973160000,0,1559.29509000,0.00000680
1628189980500000,1,475.81919115,0.00000680
1628189980537000,1,3652.90122948,0.00000680
1628189980559000,1,588.35296471,0.00000680
1628189980575000,1,22989.34093249,0.00000680
1628190032560000,1,3091.83781192,0.00000681
1628190032603000,1,3235.43157062,0.00000681
1628190212411000,1,4249.76546609,0.00000681
1628190225505000,1,4249.04151324,0.00000681
1628190225505000,1,10621.50919499,0.00000681
1628190239705000,0,5377.40957083,0.00000682
1628190239705000,0,9263.38515057,0.00000682
1628190474666000,1,1469.88919815,0.00000680
1628190474666000,1,10618.94366493,0.00000680
1628190609759000,0,365.60000000,0.00000679
1628190609841000,0,7246.53453380,0.00000679
1628190609841000,0,3044.85380620,0.00000679
1628190629199000,0,6424.93264117,0.00000680
1628190629199000,0,2569.99758171,0.00000680
1628190629199000,0,18205.47725712,0.00000680
1628190783116000,1,365.60000000,0.00000678
1628190783120000,1,3863.91025702,0.00000678
1628190919090000,0,365.60000000,0.00000678
1628190919194000,0,13778.82385000,0.00000678
1628191048012000,0,1874.32615000,0.00000679
1628191049310000,0,0.00000867,0.00000679
1628191049310000,0,3748.37954158,0.00000679
1628191228271000,0,1752.57899194,0.00000679
1628191228271000,0,4381.43965473,0.00000679
1628191477522000,1,365.60000000,0.00000678
1628191477546000,1,3871.78362642,0.00000678
1628191517885000,1,4237.32111000,0.00000678
1628191517993000,1,0.00000034,0.00000678
1628191578343000,1,2663.35087000,0.00000679
1628191788966000,1,4245.82488498,0.00000676
1628191788966000,1,10609.99588623,0.00000676
1628192012129000,1,1733.63097247,0.00000677
1628192097941000,1,2889.83915063,0.00000676
1628192098051000,1,2574.68879446,0.00000676
1628192098051000,1,47.84786752,0.00000676
1628192098164000,1,675.39320249,0.00000676
1628192098184000,1,377.66525109,0.00000676
1628192128812000,1,459.27648030,0.00000676
1628192128812000,1,216.34584150,0.00000676
1628192267131000,1,1096.46165000,0.00000679
1628192610033000,0,2053.00608058,0.00000680
1628192610033000,0,822.41008287,0.00000680
1628193112409000,0,42.00934925,0.00000682
1628193112409000,0,1326.67570355,0.00000682
1628193154050000,0,487.87824092,0.00000683
1628193154050000,0,1219.69560230,0.00000683
1628193156350000,0,322.82248602,0.00000683
1628193156350000,0,1027.30966815,0.00000683
1628193196385000,0,348.49516436,0.00000682
1628193196385000,0,1046.38180511,0.00000682
1628193546416000,1,745.44166110,0.00000681
1628193546416000,1,2898.19822488,0.00000681
1628193675108000,0,277.39600000,0.00000678
1628193675534000,0,0.00009858,0.00000678
1628193675931000,0,693.49024644,0.00000678
1628193769629000,1,3618.47728000,0.00000678
1628193822216000,0,673.56851000,0.00000675
1628193822218000,0,0.00000505,0.00000675
1628194090715000,0,88.20400000,0.00000678
1628194090737000,0,1062.48280034,0.00000678
1628194485659000,1,365.60000000,0.00000679
1628194912963000,0,493.55212922,0.00000681
1628195066030000,1,3551.19590812,0.00000679
1628195254837000,0,365.60000000,0.00000680
1628195259557000,0,202.41635238,0.00000680
1628195259557000,0,227.20654095,0.00000680
1628195487928000,1,523.21928332,0.00000680
1628195619126000,0,197.49796705,0.00000680
1628195619126000,0,493.01988838,0.00000680
1628196057079000,1,2065.17736654,0.00000682
1628196057079000,1,457.87899035,0.00000682
1628196073368000,1,3637.00000000,0.00000682
1628196100589000,1,3565.00000000,0.00000682
1628196135654000,1,365.60000000,0.00000682
1628196420014000,1,1086.53674079,0.00000682
1628196423528000,1,1025.32943374,0.00000682
1628196423659000,1,410.13177350,0.00000682
1628196425364000,1,1025.32943374,0.00000682
1628196425490000,1,410.13177350,0.00000682
1628196427946000,1,345.44130399,0.00000682
1628196428081000,1,863.60325997,0.00000682
1628196636078000,1,6262.35292790,0.00000681
1628196636308000,1,1910.37014327,0.00000681
1628196636495000,1,5434.35487675,0.00000681
1628196636524000,1,2138.68675418,0.00000681
1628196637040000,1,4251.74400305,0.00000681
1628196696228000,1,3560.00000000,0.00000681
1628196696306000,1,690.76094772,0.00000681
1628197544853000,0,3552.42544583,0.00000683
1628197544853000,0,5612.00543901,0.00000683
1628197544853000,0,5360.73987839,0.00000683
1628197544853000,0,80447.31000000,0.00000683
1628197544853000,0,5370.53272777,0.00000684
1628197544853000,0,145636.04141216,0.00000684
1628198475478000,1,4242.37538097,0.00000686
1628199674864000,0,470.81020039,0.00000682
1628199674864000,0,260.38979961,0.00000682
1628199675042000,0,915.27616215,0.00000682
1628199675042000,0,3056.93777651,0.00000682
1628199704500000,0,212.44834823,0.00000685
1628199704500000,0,531.12087056,0.00000685
1628199717037000,1,10513.29518000,0.00000686
1628200487794000,0,5334.73307375,0.00000689
1628200487794000,0,3601.15543718,0.00000689
1628200487794000,0,3415.76984000,0.00000689
1628200487794000,0,68437.05000000,0.00000689
1628200487794000,0,1427.05200628,0.00000689
1628200487794000,0,56265.08939544,0.00000689
1628200748654000,1,731.20000000,0.00000688
1628200801891000,0,1325.24745000,0.00000688
1628201818276000,0,290.30092177,0.00000687
1628201818276000,0,725.75230443,0.00000687
1628201819627000,1,986.52860000,0.00000687
1628201820532000,1,3221.30962168,0.00000687
1628202018001000,0,361.89919333,0.00000688
1628202018001000,0,904.69009233,0.00000688
1628202979688000,1,333.68096942,0.00000686
1628203409531000,0,318.81644219,0.00000687
1628203409531000,0,798.20128174,0.00000687
1628204344096000,0,1905.56155000,0.00000687
1628205704815000,0,1764.13062956,0.00000685
1628205704815000,0,271.35338687,0.00000685
1628205704815000,0,678.38344357,0.00000685
1628205823507000,0,731.20000000,0.00000684
1628205844718000,1,3000.00000000,0.00000685
1628205844791000,1,782.61843499,0.00000685
1628205845288000,1,479.06486792,0.00000684
1628205845344000,1,2153.67938374,0.00000684
1628206209402000,0,383.18421639,0.00000687
1628206209402000,0,957.96054097,0.00000687
1628206936422000,0,200.00000000,0.00000687
1628207164698000,1,731.20000000,0.00000688
1628207396611000,0,282.96946013,0.00000687
1628207396611000,0,707.42365032,0.00000687
1628207452120000,0,260.65313140,0.00000686
1628207452120000,0,650.68430911,0.00000686
1628207833794000,0,240.11865843,0.00000686
