timestamp ms,type,amount,price
1623290054315000,0,19662.49528301,0.00000973
1623293079114000,0,153.55349794,0.00000972
1623300265013000,1,30.58300000,0.00000968
1623300268166000,1,0.00091528,0.00000968
1623305798290000,1,5000.00000000,0.00000965
1623306562570000,1,1868.75865661,0.00000965
1623306660249000,1,698.01700000,0.00000965
1623306660750000,1,2391.88444701,0.00000965
1623309818320000,0,136.02185223,0.00000961
1623309872900000,0,576.90738813,0.00000961
1623312123637000,1,50.00000000,0.00000956
1623312125098000,1,1134.41512345,0.00000955
1623312125152000,1,1556.76697530,0.00000955
1623312125955000,1,450.32751540,0.00000955
1623314387775000,1,4308.98038774,0.00000954
1623314387775000,1,101799.79961226,0.00000954
1623314422713000,1,44.80639341,0.00000953
1623314423048000,1,20573.56215631,0.00000952
1623314705396000,1,500.00000000,0.00000950
1623314707654000,1,215.97174444,0.00000948
1623315165103000,1,54.17825240,0.00000948
1623315165890000,1,40.63368930,0.00000948
1623315211443000,0,209.90727081,0.00000949
1623315368936000,1,44.11491010,0.00000948
1623316335225000,1,42.82796962,0.00000945
1623317702656000,1,45.42605630,0.00000940
1623317702656000,1,720.85902256,0.00000940
1623317702656000,1,1169.07765957,0.00000940
1623317706637000,1,50.00000000,0.00000938
1623317712542000,0,6050.46062000,0.00000939
1623318336056000,1,323.80125080,0.00000936
1623318436011000,0,728.60000000,0.00000936
1623318694867000,1,728.60000000,0.00000935
1623318704712000,0,4169.76104092,0.00000935
1623318718046000,1,8713.51820860,0.00000935
1623318718046000,1,22653.38783158,0.00000935
1623318740964000,0,294.69883771,0.00000935
1623318753273000,0,728.60000000,0.00000935
1623318754274000,1,728.60000000,0.00000935
1623318785867000,0,728.60000000,0.00000934
1623318899292000,1,2.63083259,0.00000935
1623318899292000,1,725.96916741,0.00000935
1623318900769000,1,7964.98067362,0.00000935
1623318909327000,1,3476.37993641,0.00000935
1623318910096000,1,22596.46958669,0.00000935
1623318962537000,1,3482.15234134,0.00000935
1623318962537000,1,8705.38085336,0.00000935
1623318962537000,1,22633.99021874,0.00000935
1623318979130000,1,3482.15234134,0.00000935
1623318979130000,1,8705.38085336,0.00000935
1623319129322000,1,3483.08476630,0.00000933
1623319129322000,1,8707.71191574,0.00000933
1623319281397000,1,91500.00000000,0.00000933
1623319281397000,1,22645.02630843,0.00000933
1623319281397000,1,8715.52292808,0.00000933
1623319281397000,1,3486.19054566,0.00000933
1623319281397000,1,4293.75097222,0.00000932
1623319281397000,1,2853.19842453,0.00000932
1623319301349000,1,3495.07635662,0.00000931
1623319301349000,1,8737.69089155,0.00000931
1623319301378000,0,22709.90713540,0.00000931
1623319322512000,1,3470.12217176,0.00000931
1623319322512000,1,22555.79411643,0.00000931
1623319322682000,0,8675.30542000,0.00000931
1623319322749000,1,0.00000940,0.00000931
1623319334112000,1,3470.12217176,0.00000931
1623319334112000,1,8675.30542940,0.00000931
1623319351684000,1,3470.12217176,0.00000931
1623319351684000,1,8675.30541824,0.00000931
1623319351762000,1,0.00001116,0.00000931
1623319358237000,1,300.00000000,0.00000930
1623319358237000,1,22580.04765849,0.00000930
1623319358237000,1,8675.30542940,0.00000930
1623319358237000,1,3470.95409575,0.00000930
1623319358237000,1,4275.75943492,0.00000929
1623319361137000,0,728.60000000,0.00000930
1623319367649000,1,3472.97225944,0.00000930
1623319367649000,1,8682.48908237,0.00000930
1623319367649000,1,22574.68077819,0.00000930
1623319367710000,1,0.00001748,0.00000930
1623319393686000,1,3473.02029000,0.00000928
1623319398443000,1,46.06309916,0.00000927
1623319645730000,1,728.60000000,0.00000928
1623319645806000,1,2710.15738164,0.00000928
1623319645806000,1,8596.89345409,0.00000928
1623319680762000,1,71970.60000000,0.00000926
1623319702008000,1,100.00000000,0.00000925
1623319715838000,1,3439.67592041,0.00000925
1623319715838000,1,3440.24427400,0.00000925
1623319727448000,1,100.00000000,0.00000924
1623319749047000,1,3432.00343000,0.00000925
1623319832710000,0,100.00000000,0.00000926
1623319869775000,0,100.00000000,0.00000927
1623319894993000,0,8594.34673772,0.00000927
1623320000174000,1,3438.73285000,0.00000928
1623320077023000,0,628.60000000,0.00000929
1623320099207000,1,3433.70803604,0.00000929
1623320099257000,1,22319.10223423,0.00000929
1623320262166000,1,4224.75241909,0.00000927
1623320262275000,0,4224.75241909,0.00000927
1623320288293000,1,1808.24599000,0.00000928
1623320288615000,1,728.60000000,0.00000928
1623320352222000,0,728.60000000,0.00000928
1623320357145000,0,3429.49867095,0.00000928
1623320357145000,0,8579.50801669,0.00000928
1623320424908000,0,2814.68758300,0.00000928
1623320425661000,0,2816.83895897,0.00000929
1623320425662000,0,19474.97334754,0.00000929
1623320559877000,1,56.09957100,0.00000930
1623320567369000,0,3414.54579335,0.00000931
1623320570563000,1,1000.00000000,0.00000931
1623320591714000,1,42.07467820,0.00000931
1623320618129000,1,728.60000000,0.00000930
1623320627235000,0,728.60000000,0.00000930
1623320630149000,1,728.60000000,0.00000930
1623320655113000,0,100.00000000,0.00000931
1623320692178000,1,100.00000000,0.00000931
1623320711628000,0,728.60000000,0.00000931
1623320719875000,1,728.60000000,0.00000931
1623320726985000,0,728.60000000,0.00000931
1623320750063000,1,728.60000000,0.00000931
1623320750129000,1,7817.49193847,0.00000931
1623320759185000,1,3682.50807000,0.00000931
1623320849347000,0,728.60000000,0.00000932
1623320869904000,1,728.60000000,0.00000932
1623320881732000,0,728.60000000,0.00000932
1623320947289000,1,728.60000000,0.00000932
1623321172188000,0,728.60000000,0.00000933
1623321185774000,1,4212.99663549,0.00000933
1623321260672000,1,728.60000000,0.00000930
1623321260694000,1,4409.49317993,0.00000930
1623321260694000,1,2151.14436152,0.00000930
1623321260725000,1,322.64877241,0.00000930
1623321260755000,1,955.71426403,0.00000930
1623321260755000,1,2485.86908562,0.00000930
1623321260772000,1,430.19789060,0.00000930
1623321260857000,1,19391.72517967,0.00000930
1623321302925000,0,728.60000000,0.00000931
1623321371992000,1,728.60000000,0.00000931
1623321399490000,0,728.60000000,0.00000931
1623321451352000,1,1000.00000000,0.00000931
1623321451568000,1,728.60000000,0.00000931
1623321651364000,0,728.60000000,0.00000929
1623321706620000,1,8570.57690000,0.00000929
1623321762130000,0,22268.59640293,0.00000929
1623321762130000,0,3425.93790814,0.00000929
1623321762130000,0,8564.84477036,0.00000929
1623321824138000,1,11990.87679000,0.00000930
1623321865597000,1,728.60000000,0.00000931
1623321865633000,1,7834.87025416,0.00000931
1623321865633000,1,8863.05513584,0.00000931
1623321865883000,1,4539.46053000,0.00000931
1623321865987000,1,500.00000000,0.00000931
1623321921439000,0,728.60000000,0.00000932
1623321921466000,0,21530.70586265,0.00000932
1623321922711000,0,3424.65448490,0.00000932
1623322008447000,1,728.60000000,0.00000932
1623322032813000,0,8557.89953151,0.00000933
1623322032813000,0,8565.26508314,0.00000933
1623322032813000,0,22289.06656133,0.00000933
1623322032813000,0,3426.78915553,0.00000933
1623322038214000,1,3443.26088320,0.00000933
1623322060704000,0,728.60000000,0.00000931
1623322080753000,1,8600.90803000,0.00000934
1623322120162000,1,728.60000000,0.00000934
1623322161630000,0,8595.18962000,0.00000934
1623322189005000,0,8584.71687471,0.00000935
1623322270139000,1,8500.00000000,0.00000934
1623322378636000,0,17194.66294248,0.00000933
1623322407901000,1,2812.46422149,0.00000933
1623322554601000,0,2832.32411701,0.00000932
1623322572523000,0,728.60000000,0.00000932
1623322719805000,1,3447.50917000,0.00000932
1623322734517000,1,728.60000000,0.00000932
1623322794919000,1,3444.30099000,0.00000933
1623322801244000,1,18000.00000000,0.00000932
1623322875142000,0,728.60000000,0.00000931
1623323012304000,0,3442.61999355,0.00000932
1623323012304000,0,8606.54998388,0.00000932
1623323012304000,0,22377.02994257,0.00000932
1623323012534000,0,0.00001552,0.00000932
1623323014912000,1,3450.50451566,0.00000932
1623323014912000,1,22415.97860891,0.00000932
1623323014912000,1,5633.51687543,0.00000932
1623323023688000,1,2987.91860000,0.00000932
1623323055110000,1,728.60000000,0.00000932
1623323075499000,1,2500.00000000,0.00000932
1623323141435000,1,3359.95178681,0.00000932
1623323296345000,0,728.60000000,0.00000931
1623323324609000,1,585.85473072,0.00000930
1623323398887000,0,5162.41593473,0.00000930
1623323398887000,0,22380.91785039,0.00000930
1623323410079000,0,0.16659927,0.00000930
1623323410079000,0,8608.04532707,0.00000930
1623323458009000,1,728.60000000,0.00000929
1623323626676000,0,728.60000000,0.00000930
1623323756632000,1,106.08407400,0.00000929
1623323807447000,0,8602.15053000,0.00000930
1623323807515000,0,0.00000763,0.00000930
1623323823455000,1,728.60000000,0.00000931
1623323823602000,1,7864.12220000,0.00000931
1623323939527000,1,2990.42000000,0.00000930
1623323952137000,0,3446.20873100,0.00000930
1623323952529000,0,728.60000000,0.00000930
1623324124425000,0,3434.25764131,0.00000931
1623324129104000,1,3448.51962484,0.00000931
1623324302387000,1,728.60000000,0.00000930
1623324360744000,0,728.60000000,0.00000930
1623324371227000,1,728.60000000,0.00000930
1623324702909000,1,4267.67532662,0.00000930
1623324703125000,1,569.02405438,0.00000930
1623324703210000,1,568.53468199,0.00000930
1623324703216000,1,2319.60160559,0.00000930
1623325270556000,0,22548.42785829,0.00000929
1623325270556000,0,8672.97176171,0.00000929
1623325270947000,0,0.00001525,0.00000929
1623325305306000,0,22537.36719752,0.00000929
1623325306037000,0,3467.28726116,0.00000930
1623325306037000,0,8668.21815289,0.00000930
1623325306037000,0,22537.36719752,0.00000930
1623325306537000,1,3464.91669000,0.00000930
1623325395626000,0,22489.60942939,0.00000931
1623325395626000,0,3461.25113776,0.00000931
1623325395626000,0,8653.12784439,0.00000931
1623325396224000,0,1343.21627321,0.00000932
1623325420747000,1,22467.30410477,0.00000931
1623325420747000,1,3457.09112051,0.00000931
1623325420747000,1,8643.07474472,0.00000931
1623325438795000,1,7000.00000000,0.00000931
1623325583640000,0,728.60000000,0.00000929
1623325797966000,0,3462.65851570,0.00000929
1623325797966000,0,8656.64628926,0.00000929
1623326067684000,0,8670.96739250,0.00000928
1623326107522000,1,50.00000000,0.00000927
1623326107522000,1,678.60000000,0.00000927
1623326203992000,0,19072.06271543,0.00000926
1623326222771000,0,728.60000000,0.00000926
1623326227622000,1,728.60000000,0.00000926
1623326252151000,0,3466.87300000,0.00000926
1623326252194000,0,0.00000570,0.00000926
1623326252664000,0,22537.18702181,0.00000927
1623326252664000,0,8668.63352743,0.00000927
1623326253064000,0,3462.33969000,0.00000927
1623326253263000,0,0.00000401,0.00000927
1623326267456000,0,3459.40129664,0.00000928
1623326267467000,0,3540.59870336,0.00000928
1623326282985000,0,728.60000000,0.00000927
1623326287402000,1,728.60000000,0.00000927
1623326306715000,0,3460.04513000,0.00000927
1623326313937000,1,3732.87446000,0.00000927
1623326315801000,0,728.60000000,0.00000927
1623326364908000,0,3460.88481808,0.00000927
1623326364908000,0,8651.97121502,0.00000927
1623326364908000,0,22530.47306274,0.00000927
1623326397605000,1,728.60000000,0.00000927
1623326483725000,0,4277.08666380,0.00000928
1623326483840000,1,4277.08666380,0.00000928
1623326483901000,1,13954.93707052,0.00000928
1623326529340000,1,3471.57197879,0.00000927
1623326537387000,1,3463.37228225,0.00000927
1623326555691000,1,3463.14771319,0.00000927
1623326708180000,1,3474.82781604,0.00000927
1623326709452000,1,8684.96182790,0.00000927
1623326731357000,0,728.60000000,0.00000927
1623326731441000,0,2750.19610242,0.00000927
1623326753335000,0,3484.46993156,0.00000928
1623326753335000,0,22598.04855212,0.00000928
1623326796850000,0,15649.72319504,0.00000928
1623326796850000,0,3476.89381118,0.00000928
1623326797338000,1,2500.00000000,0.00000928
1623326798936000,1,728.60000000,0.00000928
1623326867412000,0,3482.86318919,0.00000928
1623326886091000,0,728.60000000,0.00000927
1623326886091000,0,21925.69326809,0.00000927
1623327033475000,1,728.60000000,0.00000927
1623327197334000,1,2933.00003306,0.00000927
1623327388419000,1,8710.37824109,0.00000926
1623327449537000,0,728.60000000,0.00000926
1623327626044000,1,8736.82601150,0.00000926
1623327626044000,1,22714.13828069,0.00000926
1623328118245000,0,3510.50501072,0.00000925
1623328271801000,1,432.55185103,0.00000926
1623328272010000,1,777.07324599,0.00000926
1623328332015000,1,728.60000000,0.00000927
1623328332170000,1,2754.45899838,0.00000927
1623328332170000,1,8707.64749594,0.00000927
1623328332170000,1,22639.51448671,0.00000927
1623328668105000,0,3488.88187546,0.00000926
1623328835956000,1,3504.33595693,0.00000924
1623328835956000,1,8760.83989233,0.00000924
1623328835956000,1,22778.18372006,0.00000924
1623328970629000,0,3509.35782390,0.00000923
1623328970629000,0,8773.50874829,0.00000923
1623328970629000,0,22811.12274556,0.00000923
1623328981047000,0,728.60000000,0.00000923
1623329019261000,0,2587.61358427,0.00000923
1623329019295000,0,917.04653074,0.00000923
1623329019295000,0,1882.93518472,0.00000923
1623329019306000,0,5258.64491240,0.00000923
1623329019376000,0,1620.07019041,0.00000923
1623329019376000,0,22780.29074758,0.00000923
1623329292234000,1,728.60000000,0.00000923
1623329378037000,0,3484.18422513,0.00000921
1623329540555000,0,3494.39659528,0.00000921
1623329540555000,0,14755.40730472,0.00000921
1623329540613000,0,728.60000000,0.00000921
1623329540676000,0,7212.64311767,0.00000921
1623329540676000,0,8729.48093169,0.00000921
1623329622728000,1,728.60000000,0.00000921
1623329900427000,1,3494.09628127,0.00000922
1623329900427000,1,8735.71723873,0.00000922
1623330038633000,0,22500.00000000,0.00000921
1623330141447000,1,3510.83321788,0.00000922
1623330166859000,0,728.60000000,0.00000922
1623330358355000,1,728.60000000,0.00000922
1623330668102000,0,728.60000000,0.00000922
1623330678686000,1,5.98053946,0.00000922
1623330824300000,0,3495.74358372,0.00000921
1623330834888000,1,1.13155624,0.00000921
1623330834888000,1,541.75660879,0.00000921
1623330835061000,1,2214.84131895,0.00000921
1623330835074000,1,10143.17018012,0.00000921
1623330835171000,1,9867.24420058,0.00000921
1623330866382000,1,1954.83236816,0.00000921
1623330890501000,1,728.60000000,0.00000922
1623330906473000,1,3499.26987734,0.00000922
1623330906473000,1,8748.17469335,0.00000922
1623330906473000,1,22745.25420271,0.00000922
1623331003300000,1,8787.89854241,0.00000921
1623331011571000,0,728.60000000,0.00000921
1623331058770000,1,728.60000000,0.00000922
1623331058894000,1,8780.61153869,0.00000922
1623331063885000,1,2.97218160,0.00000922
1623331072307000,1,5266.15804099,0.00000922
1623331077499000,1,3514.43937006,0.00000922
1623331078345000,1,22825.66159904,0.00000922
1623331286869000,0,2928.22726455,0.00000922
1623331353740000,0,728.60000000,0.00000921
1623331434054000,1,728.60000000,0.00000920
1623331624924000,0,14.47104900,0.00000920
1623332020161000,1,5264.78771944,0.00000920
1623332020161000,1,3518.38817509,0.00000920
1623332020161000,1,22884.86803454,0.00000920
1623332042855000,0,3524.70306826,0.00000919
1623332042855000,0,8811.75766174,0.00000919
1623332042987000,0,0.00000892,0.00000919
1623332057167000,0,3524.70306826,0.00000919
1623332057167000,0,8811.75767066,0.00000919
1623332057167000,0,22909.30840974,0.00000919
1623332068464000,1,12048.77125000,0.00000919
1623332101064000,0,728.60000000,0.00000920
1623332115940000,1,728.60000000,0.00000920
1623332160555000,0,3517.54098627,0.00000920
1623332160555000,0,22875.14534515,0.00000920
1623332297807000,0,3517.25615456,0.00000919
1623332333794000,0,3517.29746395,0.00000919
1623332333794000,0,8793.24365988,0.00000919
1623332333794000,0,22862.43351569,0.00000919
1623332337164000,0,3517.29746395,0.00000919
1623332466114000,0,393.99366577,0.00000920
1623332493684000,0,3112.32900540,0.00000920
1623332493684000,0,8765.80667792,0.00000920
1623332501155000,0,728.60000000,0.00000920
1623332661503000,1,728.60000000,0.00000920
1623332684963000,0,728.60000000,0.00000920
1623332699893000,1,728.60000000,0.00000920
1623332790439000,0,3.51579804,0.00000920
1623332791195000,1,4301.90499647,0.00000920
1623333036750000,0,728.60000000,0.00000920
1623333078972000,1,728.60000000,0.00000920
1623333080840000,0,728.60000000,0.00000920
1623333081097000,0,17473.93220188,0.00000920
1623333081097000,0,8740.48737797,0.00000920
1623333113633000,1,19000.00000000,0.00000920
1623333190017000,1,728.60000000,0.00000920
1623333481873000,1,3491.56726209,0.00000921
1623333481873000,1,8729.07967031,0.00000921
1623333600690000,1,3499.53130000,0.00000919
1623333600969000,1,0.00000434,0.00000919
1623333613435000,1,3505.24881697,0.00000918
1623333637333000,1,8731.61819712,0.00000918
1623333637333000,1,22696.54316910,0.00000918
1623333637333000,1,3490.59604986,0.00000918
1623333710568000,0,3493.61894000,0.00000917
1623333720301000,0,1754.94611615,0.00000917
1623333726951000,0,1245.05388385,0.00000917
1623333726951000,0,2000.00000000,0.00000917
1623333731594000,0,3500.00000000,0.00000917
1623333734978000,0,728.60000000,0.00000917
1623333962171000,1,3485.52901000,0.00000918
1623334038244000,1,728.60000000,0.00000917
1623334038393000,1,521.32075000,0.00000917
1623334181355000,0,728.60000000,0.00000919
1623334437760000,1,728.60000000,0.00000923
1623334512954000,0,728.60000000,0.00000922
1623334645039000,1,728.60000000,0.00000921
1623334796305000,0,728.60000000,0.00000921
1623334796425000,0,2803.90781664,0.00000921
1623334796425000,0,8831.26954159,0.00000921
1623334822528000,1,728.60000000,0.00000921
1623334822776000,1,11635.17735000,0.00000921
1623334934150000,0,728.60000000,0.00000921
1623334967097000,1,728.60000000,0.00000920
1623334991767000,0,728.60000000,0.00000920
1623334994262000,1,728.60000000,0.00000920
1623335008309000,0,728.60000000,0.00000920
1623335063274000,1,728.60000000,0.00000920
1623335173110000,0,3543.47209523,0.00000920
1623335214691000,0,3500.00000000,0.00000921
1623335224303000,0,12.41110572,0.00000920
1623335224412000,0,3555.72446037,0.00000920
1623335243726000,0,3500.00000000,0.00000921
1623335243726000,0,3548.28866038,0.00000921
1623335243726000,0,8870.72165095,0.00000921
1623335258493000,0,19515.01248962,0.00000921
1623335307616000,0,728.60000000,0.00000921
1623335307903000,0,2818.78442513,0.00000921
1623335307903000,0,23057.99876337,0.00000921
1623335307903000,0,8868.46105150,0.00000921
1623335329019000,1,728.60000000,0.00000921
1623335329028000,1,22329.39876337,0.00000921
1623335329132000,0,728.59999663,0.00000921
1623335329997000,1,8868.46106000,0.00000921
1623335417353000,0,728.60000000,0.00000921
1623335426560000,0,2500.00000000,0.00000922
1623335448853000,1,728.60000000,0.00000922
1623335654934000,1,2769.10405589,0.00000921
1623335754871000,0,728.60000000,0.00000920
1623335796838000,1,728.60000000,0.00000921
1623336082250000,0,728.60000000,0.00000919
1623336260552000,1,728.60000000,0.00000920
1623336447292000,1,8875.19637792,0.00000922
1623336488902000,0,728.60000000,0.00000921
1623336532175000,1,728.60000000,0.00000924
1623336555578000,0,3548.94510104,0.00000923
1623336555578000,0,8872.26008106,0.00000923
1623336559697000,0,728.60000000,0.00000923
1623336566110000,0,8937.84086333,0.00000923
1623336653050000,1,23229.02685473,0.00000924
1623336686871000,1,8906.94967000,0.00000925
1623336709314000,0,3559.10043719,0.00000926
1623336776899000,0,3552.73514169,0.00000926
1623336787389000,0,19537.09875643,0.00000927
1623336787389000,0,8881.97872523,0.00000927
1623336787389000,0,3548.95892106,0.00000927
1623336800293000,1,10680.95772000,0.00000927
1623336800607000,1,728.60000000,0.00000927
1623336828657000,1,52.72570260,0.00000927
1623336896334000,1,22985.61806428,0.00000927
1623336909630000,0,3536.77646091,0.00000927
1623336919767000,1,3532.83743000,0.00000927
1623336923416000,1,3526.11765071,0.00000926
1623336941301000,0,728.60000000,0.00000925
1623336970288000,1,728.60000000,0.00000926
1623337030658000,0,728.60000000,0.00000927
1623337057874000,1,728.60000000,0.00000927
1623337179243000,1,1253.64183214,0.00000927
1623337179321000,1,7614.93724478,0.00000927
1623337179321000,1,23053.11350251,0.00000927
1623337215401000,1,5342.73772452,0.00000925
1623337215403000,1,3555.11187759,0.00000925
1623337225213000,0,2913.58778024,0.00000925
1623337225664000,0,643.52500000,0.00000925
1623337273153000,0,85.07500000,0.00000925
1623337297890000,1,728.60000000,0.00000926
1623337298016000,1,8158.03584000,0.00000926
1623337327074000,1,743.75279000,0.00000926
1623337330449000,1,2910.99999999,0.00000926
1623337330788000,1,641.52721615,0.00000926
1623337352651000,0,728.60000000,0.00000924
1623337539761000,1,7113.21831243,0.00000924
1623337565648000,1,728.60000000,0.00000925
1623337577507000,0,728.60000000,0.00000925
1623337631427000,1,728.60000000,0.00000925
1623337747482000,0,7000.00000000,0.00000925
1623337764850000,1,2251.43000000,0.00000924
1623337851767000,1,2879.53693343,0.00000924
1623337913485000,0,728.60000000,0.00000925
1623337913621000,0,2809.26997939,0.00000925
1623337913621000,0,8844.67494847,0.00000925
1623337913621000,0,22996.15486601,0.00000925
1623338078027000,1,3543.01799587,0.00000925
1623338216870000,0,3500.00000000,0.00000926
1623338347695000,1,728.60000000,0.00000925
1623338356402000,0,728.60000000,0.00000925
1623338356594000,0,3554.87282000,0.00000925
1623338357244000,0,0.00000716,0.00000925
1623338385105000,1,728.60000000,0.00000925
1623338385229000,1,2810.55350000,0.00000925
1623338405434000,0,1468.66999999,0.00000925
1623338700481000,0,3556.87093219,0.00000924
1623338745180000,1,3549.93993355,0.00000924
1623338779973000,1,3543.17577591,0.00000924
1623338784066000,0,728.60000000,0.00000924
1623338843178000,1,728.60000000,0.00000924
1623338949453000,1,1777.27711633,0.00000924
1623338949453000,1,2722.72288367,0.00000924
1623339003154000,0,4383.08593170,0.00000924
1623339003291000,1,2755.38696423,0.00000924
1623339006294000,1,3551.86139206,0.00000924
1623339013584000,0,3552.03114637,0.00000924
1623339018675000,0,829.01162974,0.00000924
1623339018767000,1,2724.17143165,0.00000924
1623339019509000,0,1657.44606779,0.00000924
1623339062154000,0,3555.54263550,0.00000923
1623339062154000,0,8888.85658876,0.00000923
1623339233683000,1,8911.81721221,0.00000923
1623339233683000,1,3588.18278779,0.00000923
1623339239570000,0,728.60000000,0.00000923
1623339244555000,1,728.60000000,0.00000923
1623339244686000,1,8192.52864390,0.00000923
1623339293795000,1,8918.94603830,0.00000922
1623339293795000,1,23200.41249676,0.00000922
1623339293795000,1,3568.86545130,0.00000922
1623339441266000,0,3572.44190751,0.00000922
1623339441266000,0,8926.18918249,0.00000922
1623339518189000,0,100.23268398,0.00000924
1623339621165000,1,16.05721117,0.00000923
1623339674761000,0,3573.22449000,0.00000922
1623339688996000,0,23215.70044736,0.00000923
1623339688996000,0,8924.09609853,0.00000923
1623339688996000,0,3574.24693007,0.00000923
1623339702437000,0,3571.64771753,0.00000923
1623339704366000,0,23214.66524764,0.00000923
1623339860004000,1,16000.00000000,0.00000922
1623339912762000,1,656.67244108,0.00000921
1623339949431000,0,728.60000000,0.00000921
1623339949541000,0,2858.21764000,0.00000921
1623339949751000,0,0.00000601,0.00000921
1623339949751000,0,6108.82646399,0.00000921
1623339980983000,1,0.29087770,0.00000921
1623339980983000,1,728.30912230,0.00000921
1623339995666000,0,3596.14539245,0.00000920
1623339995666000,0,8990.36348111,0.00000920
1623339995666000,0,23374.94505090,0.00000920
1623340030937000,0,23374.94505090,0.00000921
1623340030937000,0,8984.25144616,0.00000921
1623340030937000,0,3593.12964844,0.00000921
1623340031845000,0,23349.56508885,0.00000923
1623340031845000,0,3592.24078290,0.00000923
1623340031845000,0,8980.60195725,0.00000923
1623340053381000,1,8964.25643000,0.00000923
1623340119957000,0,728.60000000,0.00000922
1623340205499000,0,3587.19344105,0.00000922
1623340205499000,0,8967.98360262,0.00000922
1623340206002000,0,23316.75736682,0.00000922
1623340218497000,1,728.60000000,0.00000922
1623340307112000,0,2951.45855037,0.00000923
1623340307112000,0,7378.64637593,0.00000923
1623340342301000,0,728.60000000,0.00000923
1623340375281000,1,866.76815535,0.00000923
1623340375305000,1,2717.00077308,0.00000923
1623340375305000,1,965.90247020,0.00000923
1623340375481000,1,2168.19268453,0.00000923
1623340375566000,1,1475.47234223,0.00000923
1623340375665000,1,728.60000000,0.00000923
1623340375928000,1,324.96205090,0.00000923
1623340383044000,0,728.60000000,0.00000923
1623340441192000,1,728.60000000,0.00000924
1623340561829000,1,865.98705302,0.00000924
1623340561877000,1,2922.70630393,0.00000924
1623340561932000,1,2273.21601417,0.00000924
1623340561954000,1,2880.45207303,0.00000924
1623340561954000,1,2207.22186344,0.00000924
1623340697802000,0,728.60000000,0.00000923
1623340821286000,1,728.60000000,0.00000921
1623340848734000,0,3578.20054599,0.00000921
1623340872712000,0,728.60000000,0.00000921
1623340872816000,0,2849.60054599,0.00000921
1623340886803000,0,3.21138205,0.00000922
1623340886803000,0,8935.79908583,0.00000922
1623340886803000,0,23204.40113664,0.00000922
1623340906644000,1,728.60000000,0.00000923
1623340906662000,1,2837.44014468,0.00000923
1623340941425000,1,8915.10036169,0.00000923
1623340941425000,1,6084.89963831,0.00000923
1623340948109000,1,1000.00000000,0.00000923
1623341026238000,0,22.02690681,0.00000922
1623341035674000,0,728.60000000,0.00000922
1623341036079000,0,2835.54875890,0.00000922
1623341036079000,0,23180.67240110,0.00000922
1623341108254000,0,3571.11865941,0.00000922
1623341148210000,1,728.60000000,0.00000922
1623341161091000,0,728.60000000,0.00000923
1623341161184000,0,22494.68141822,0.00000923
1623341161184000,0,8932.03131470,0.00000923
1623341161184000,0,3569.10393083,0.00000923
1623341163706000,0,18707.09427504,0.00000924
1623341164168000,0,5939.56911000,0.00000924
1623341194116000,1,8964.74353416,0.00000923
1623341198946000,0,3586.32839505,0.00000923
1623341198946000,0,23310.28829863,0.00000923
1623341198946000,0,8965.67966312,0.00000923
1623341200656000,1,728.60000000,0.00000923
1623341225414000,0,728.60000000,0.00000923
1623341225426000,0,4649.77068038,0.00000923
1623341225426000,0,23307.74307748,0.00000923
1623341225426000,0,2042.48624214,0.00000923
1623341225529000,0,1543.46556217,0.00000923
1623341230303000,0,18610.24417518,0.00000924
1623341240314000,0,3584.46880493,0.00000923
1623341269547000,1,23292.40660758,0.00000923
1623341269547000,1,8952.84964506,0.00000923
1623341269547000,1,3581.92377511,0.00000923
1623341275605000,0,3584.44355463,0.00000923
1623341275605000,0,8960.98754997,0.00000923
1623341294968000,1,3585.48732602,0.00000923
1623341300061000,0,14000.00000000,0.00000923
1623341300699000,0,18000.00000000,0.00000923
1623341300699000,0,3581.24603303,0.00000923
1623341340399000,1,8944.55815425,0.00000923
1623341340399000,1,23252.77407033,0.00000923
1623341340399000,1,3578.37008542,0.00000923
1623341344890000,1,8953.11508000,0.00000923
1623341356491000,1,8953.11508258,0.00000922
1623341356491000,1,3046.88491742,0.00000922
1623341357185000,1,3130.40616873,0.00000922
1623341357209000,1,451.95451129,0.00000922
1623341379556000,0,3595.39300000,0.00000921
1623341387946000,1,3131.04548871,0.00000921
1623341400245000,1,728.60000000,0.00000922
1623341400526000,1,3591.49345000,0.00000922
1623341653886000,1,1642.04745767,0.00000922
1623341737983000,1,3579.38846663,0.00000923
1623341737983000,1,8948.47116659,0.00000923
1623341980370000,1,5922.96022642,0.00000922
1623341980387000,1,976.33400326,0.00000922
1623342055863000,0,6.29672154,0.00000923
1623342055863000,0,722.30327846,0.00000923
1623342056369000,0,2860.29719532,0.00000923
1623342056369000,0,8956.37400468,0.00000923
1623342133706000,0,3570.79985560,0.00000925
1623342189586000,1,728.60000000,0.00000925
1623342189695000,1,8192.56526000,0.00000925
1623342217210000,1,3570.02160042,0.00000925
1623342217210000,1,1124.42722989,0.00000925
1623342217274000,1,3676.41095786,0.00000925
1623342217376000,1,972.97298594,0.00000925
1623342217445000,1,540.54054054,0.00000925
1623342572815000,1,2403.54705852,0.00000924
1623342588403000,0,728.60000000,0.00000924
1623342658166000,1,3586.14531966,0.00000923
1623342658166000,1,8969.00585311,0.00000923
1623342842135000,1,82.48211700,0.00000924
1623342883491000,1,728.60000000,0.00000924
1623342883570000,1,2845.63935326,0.00000924
1623342930211000,0,728.60000000,0.00000925
1623342930447000,0,2844.40000000,0.00000925
1623342930598000,1,728.60000000,0.00000925
1623343116371000,1,728.60000000,0.00000925
1623343158045000,0,728.60000000,0.00000925
1623343158439000,0,8186.80268000,0.00000925
1623343220670000,1,1063.06434976,0.00000925
1623343230394000,1,2505.08375550,0.00000925
1623343230394000,1,3541.30644450,0.00000925
1623343271280000,1,728.60000000,0.00000925
1623343573198000,0,728.60000000,0.00000925
1623343659986000,1,3559.32554255,0.00000925
1623343659986000,1,7485.82233745,0.00000925
1623343660139000,1,728.60000000,0.00000925
1623343686921000,0,4385.80672587,0.00000925
1623343925358000,0,728.60000000,0.00000924
1623343935768000,1,728.60000000,0.00000924
1623344194172000,1,399.48899999,0.00000924
1623344272906000,1,23255.05880890,0.00000924
1623344498756000,0,728.60000000,0.00000924
1623344555778000,0,19659.16371533,0.00000926
1623344555778000,0,3567.11940288,0.00000926
1623344555778000,0,8917.50077486,0.00000926
1623344583044000,1,19143.78389000,0.00000927
1623344583142000,1,4010.45040000,0.00000927
1623344626329000,1,728.60000000,0.00000926
1623344626380000,1,2831.28585767,0.00000926
1623344626380000,1,6168.71414233,0.00000926
1623344779967000,1,312.22937538,0.00000925
1623344803138000,1,23199.30715070,0.00000924
1623344803138000,1,8923.02848180,0.00000924
1623344803138000,1,3569.63910833,0.00000924
1623344985687000,0,100.00000000,0.00000921
1623345005897000,0,3491.74169222,0.00000921
1623345005897000,0,14518.70870778,0.00000921
1623345005964000,0,728.60000000,0.00000921
1623345006013000,0,8099.01229168,0.00000921
1623345006013000,0,8979.35423056,0.00000921
1623345061292000,1,3596.26997603,0.00000921
1623345061292000,1,8990.67494008,0.00000921
1623345079686000,1,3602.13700880,0.00000921
1623345079686000,1,3476.22951120,0.00000921
1623345079771000,1,5534.86847000,0.00000921
1623345079817000,1,0.00001789,0.00000921
1623345082108000,1,16500.00000000,0.00000920
1623345082196000,1,728.60000000,0.00000920
1623345082197000,1,6204.48363459,0.00000920
1623345082197000,1,295.51636541,0.00000920
1623345094426000,0,37.35969280,0.00000921
1623345147033000,0,19813.36541320,0.00000922
1623345200817000,0,16213.17185212,0.00000922
1623345200817000,0,3607.09261164,0.00000922
1623345200817000,0,9016.63728398,0.00000922
1623345422498000,0,728.60000000,0.00000922
1623345423195000,0,1069.04573241,0.00000922
1623345536817000,0,21523.91688203,0.00000924
1623345623032000,0,534.17726000,0.00000925
1623345680265000,0,3104.58566377,0.00000925
1623345812733000,1,728.60000000,0.00000925
1623345860952000,1,2680.00000000,0.00000923
1623346026323000,1,8975.41033377,0.00000924
1623346080209000,0,3596.18819874,0.00000923
1623346127280000,0,3573.00000000,0.00000923
1623346127505000,1,5416.89233592,0.00000923
1623346185620000,0,3599.61069490,0.00000923
1623346185620000,0,8999.02673726,0.00000923
1623346230531000,0,3617.30827460,0.00000923
1623346277154000,0,15.03762086,0.00000925
1623346485080000,0,713.56300000,0.00000925
1623346527406000,1,728.60000000,0.00000927
1623346598644000,0,5425.19660000,0.00000927
1623346631097000,1,45.17272800,0.00000927
1623346648057000,1,5425.19660000,0.00000927
1623346779500000,0,1112.21000000,0.00000928
1623346779578000,0,728.60000000,0.00000928
1623346779626000,0,1732.19000000,0.00000928
1623346779626000,0,1192.41753792,0.00000928
1623346779637000,0,1825.00000000,0.00000928
1623346779640000,0,567.61736770,0.00000928
1623346779640000,0,8962.58726405,0.00000928
1623346947012000,1,728.60000000,0.00000928
1623346948333000,1,9030.20463000,0.00000928
1623346964069000,1,3576.98660648,0.00000928
1623346964069000,1,8940.41601618,0.00000928
1623346969910000,1,8937.19418687,0.00000928
1623347029338000,0,728.60000000,0.00000927
1623347029502000,0,2857.41511000,0.00000927
1623347047943000,0,3578.29494883,0.00000929
1623347047980000,1,728.60000000,0.00000928
1623347100890000,0,3.33099815,0.00000929
1623347100890000,0,9013.84089185,0.00000929
1623347105875000,1,3602.04591000,0.00000929
1623347113462000,1,8500.00000000,0.00000928
1623347127633000,0,728.60000000,0.00000928
1623347185546000,0,7.30919864,0.00000928
1623347189004000,0,23419.52101387,0.00000928
1623347233742000,1,728.60000000,0.00000928
1623347280972000,1,3589.50086314,0.00000928
1623347353652000,1,7193.91961489,0.00000927
1623347410190000,0,23333.11629915,0.00000929
1623347410190000,0,3589.29374065,0.00000929
1623347410190000,0,8973.02094020,0.00000929
1623347418935000,0,728.60000000,0.00000930
1623347419061000,0,22560.57692000,0.00000930
1623347430061000,1,23288.48533235,0.00000930
1623347430061000,1,3581.74615200,0.00000930
1623347430061000,1,8952.34308565,0.00000930
1623347458642000,1,1797.49670000,0.00000930
1623347496742000,1,728.60000000,0.00000930
1623347496922000,1,608.47772000,0.00000930
1623347831682000,1,7000.00000000,0.00000930
1623347882116000,1,3584.34248865,0.00000930
1623348174899000,1,3594.13499381,0.00000928
1623348251601000,0,4411.75734232,0.00000929
1623348361910000,0,8.79567347,0.00000928
1623348361910000,0,719.80432653,0.00000928
1623348475647000,1,728.60000000,0.00000928
1623348492330000,1,1500.00000000,0.00000928
1623348718401000,0,1771.19845134,0.00000928
1623348721459000,0,2640.20275754,0.00000928
1623348721574000,1,936.01835935,0.00000928
1623348728131000,0,3475.38284953,0.00000928
1623348728246000,1,100.74174787,0.00000928
1623348738845000,1,8938.60947280,0.00000928
1623348990068000,1,23266.61253312,0.00000926
1623348990068000,1,8930.71751303,0.00000926
1623348990068000,1,3572.72340017,0.00000926
1623349007670000,0,8968.08526000,0.00000923
1623349248134000,1,8975.14184000,0.00000925
1623349309873000,0,3588.18035515,0.00000925
1623349394150000,0,7.43440347,0.00000924
1623349408127000,0,3591.89883873,0.00000924
1623349412577000,0,1400.66675780,0.00000924
1623349412577000,0,2191.38533571,0.00000924
1623349444094000,1,3591.73456563,0.00000924
1623349445121000,0,728.60000000,0.00000924
1623349445548000,0,484.77774000,0.00000924
1623349478275000,0,5894.10653324,0.00000924
1623349478317000,0,972.65130661,0.00000924
1623349479110000,1,728.60000000,0.00000924
1623349483827000,0,728.60000000,0.00000924
1623349729709000,0,3.16317404,0.00000924
1623349730244000,0,23260.44140817,0.00000924
1623349863053000,0,3583.83442691,0.00000924
1623349863053000,0,8963.27633823,0.00000924
1623349863053000,0,23304.51847939,0.00000924
1623350048056000,1,3594.27239835,0.00000923
1623350048056000,1,8984.92893279,0.00000923
1623350085557000,1,728.60000000,0.00000923
1623350139013000,0,728.60000000,0.00000923
1623350320714000,1,728.60000000,0.00000923
1623351389830000,0,728.60000000,0.00000922
1623351556838000,1,1760.26604973,0.00000922
1623351579598000,1,728.60000000,0.00000923
1623351691271000,0,728.60000000,0.00000922
1623351710116000,0,3583.53112872,0.00000922
1623351710116000,0,8958.82782181,0.00000922
1623351710116000,0,830.20862370,0.00000923
1623351877360000,1,728.60000000,0.00000922
1623351914190000,0,728.60000000,0.00000921
1623351964040000,0,510.26409436,0.00000921
1623352034731000,0,4443.10487751,0.00000921
1623352035238000,1,3601.68546719,0.00000921
1623352189666000,1,100.00000000,0.00000920
1623352189666000,1,3608.70431993,0.00000920
1623352304527000,1,728.60000000,0.00000920
1623352877714000,0,23562.02728884,0.00000919
1623352966093000,0,33.10116440,0.00000920
1623352977103000,0,4470.69508080,0.00000920
1623353021128000,0,3631.32675335,0.00000919
1623353021128000,0,9078.63091936,0.00000919
1623353276649000,0,728.60000000,0.00000919
1623353368371000,0,16.33741009,0.00000919
1623353368371000,0,23614.52792642,0.00000919
1623353485950000,1,728.60000000,0.00000921
1623353527505000,1,3630.47112167,0.00000921
1623353530794000,0,3630.73109482,0.00000921
1623353536973000,1,3630.70202064,0.00000921
1623353581261000,1,14500.00000000,0.00000921
1623353581487000,1,9064.90616036,0.00000921
1623353691915000,0,3612.89491887,0.00000922
1623353692207000,0,1887.10508113,0.00000922
1623353692207000,0,4451.09078112,0.00000922
1623353736636000,0,728.60000000,0.00000922
1623353965634000,0,1796.56416517,0.00000922
1623353968824000,0,2642.64131142,0.00000922
1623353985759000,0,3599.31958916,0.00000922
1623354039074000,0,4435.27330044,0.00000922
1623354039233000,0,970.46325825,0.00000922
1623354039233000,0,3601.98961175,0.00000922
1623354104307000,1,728.60000000,0.00000922
1623354461210000,0,331.76180277,0.00000920
1623354461651000,0,3278.97638528,0.00000920
1623354461651000,0,9026.84547013,0.00000920
1623354461651000,0,23469.79821459,0.00000920
1623354839632000,1,3598.31176000,0.00000920
1623354889937000,1,3599.13204000,0.00000920
1623354893641000,1,0.00000540,0.00000920
1623355083823000,1,600.00000000,0.00000917
1623355083823000,1,3608.35554000,0.00000917
1623355138379000,0,728.60000000,0.00000916
1623355361561000,1,3621.57421269,0.00000917
1623355361561000,1,19921.83362731,0.00000917
1623355431776000,1,728.60000000,0.00000917
1623355432510000,0,3629.57324596,0.00000917
1623355509895000,0,728.60000000,0.00000915
1623355679281000,0,5.60478201,0.00000914
1623355679281000,0,23759.25809648,0.00000914
1623355688486000,0,4.37694006,0.00000915
1623355688486000,0,9138.17619095,0.00000915
1623355699919000,0,23773.35125000,0.00000916
1623355746461000,0,23747.31248004,0.00000917
1623355752273000,1,728.60000000,0.00000918
1623355752560000,1,8389.85094000,0.00000918
1623355762212000,1,18500.00000000,0.00000918
1623355921646000,1,3653.05717581,0.00000919
1623355921646000,1,4194.21506419,0.00000919
1623355993560000,0,19500.00000000,0.00000919
1623355999096000,1,3659.84999841,0.00000919
1623356125114000,1,3621.29543000,0.00000920
1623356158508000,0,728.60000000,0.00000920
1623356168512000,0,3649.66061076,0.00000920
1623356168512000,0,9124.15152690,0.00000920
1623356187381000,1,728.60000000,0.00000921
1623356192310000,1,3649.74681525,0.00000922
1623356192310000,1,9129.40989794,0.00000922
1623356192310000,1,23723.37667830,0.00000922
1623356209700000,1,3652.55637639,0.00000922
1623356229082000,1,3652.23916687,0.00000922
1623356229082000,1,9130.75679398,0.00000922
1623356241005000,0,3656.55176636,0.00000923
1623356241005000,0,9141.37941590,0.00000923
1623356241005000,0,23766.40657351,0.00000923
1623356299004000,1,73.16108410,0.00000922
1623356344760000,0,728.60000000,0.00000923
1623356344809000,0,1106.82360209,0.00000923
1623356345405000,0,3664.06455062,0.00000924
1623356345405000,0,852.46283938,0.00000924
1623356345592000,0,8307.69853716,0.00000924
1623356345592000,0,23816.41957901,0.00000924
1623356824712000,0,3643.37417721,0.00000928
1623356824712000,0,9108.43544302,0.00000928
1623356825058000,1,23681.93215186,0.00000928
1623356870263000,0,3632.07167605,0.00000929
1623356903100000,1,728.60000000,0.00000929
1623357139646000,0,15000.00000000,0.00000930
1623357225710000,1,583.00122000,0.00000929
1623357225940000,0,3059.69027484,0.00000929
1623357225940000,0,259.44304830,0.00000929
1623357226957000,0,8847.28568881,0.00000929
1623357226957000,0,8652.71431119,0.00000929
1623357283854000,0,1830.94908778,0.00000930
1623357288750000,0,2667.57598033,0.00000930
1623357288854000,1,982.56831748,0.00000930
1623357304197000,1,3650.84055738,0.00000930
1623357373662000,0,40.70800000,0.00000930
1623357423269000,0,1714.66518566,0.00000931
1623357424107000,0,2771.08342913,0.00000931
1623357424217000,1,4485.74861479,0.00000931
1623357424220000,1,1831.06305094,0.00000931
1623357433537000,1,9087.89509486,0.00000930
1623357433537000,1,3636.21754514,0.00000930
1623357463296000,1,23673.82750195,0.00000929
1623357500951000,0,9.52610288,0.00000930
1623357521462000,1,16323.01334000,0.00000931
1623357567591000,1,40.70800000,0.00000930
1623357625242000,0,728.60000000,0.00000931
1623357625320000,0,13794.10912099,0.00000931
1623357658720000,0,4470.33777004,0.00000932
1623357658833000,1,974.22055283,0.00000932
1623357658833000,1,3496.11721721,0.00000932
1623357686055000,1,15500.00000000,0.00000932
1623357687513000,1,3623.44558583,0.00000932
1623357712628000,1,22500.00000000,0.00000931
1623357715011000,1,3627.55047282,0.00000931
1623357730501000,1,3627.00036815,0.00000931
1623357730501000,1,9067.72305742,0.00000931
1623358027321000,1,3617.86334571,0.00000931
1623358027321000,1,9044.85268054,0.00000931
1623358028494000,1,20000.00000000,0.00000931
1623358029208000,1,12000.00000000,0.00000931
1623358141766000,0,3595.48794595,0.00000933
1623358141766000,0,8988.71986488,0.00000933
1623358274231000,1,728.60000000,0.00000932
1623358274891000,0,19074.62907000,0.00000932
1623358300719000,0,4436.49147929,0.00000932
1623358400321000,0,728.60000000,0.00000932
1623358400422000,0,8261.35044000,0.00000932
1623358478575000,1,728.60000000,0.00000933
1623358529780000,0,3586.76465478,0.00000933
1623358529780000,0,8966.91163695,0.00000933
1623358602913000,1,7.48792965,0.00000933
1623358658602000,0,728.60000000,0.00000933
1623358890976000,0,1685.65085886,0.00000929
1623358890995000,0,1076.23254294,0.00000929
1623358891016000,0,6211.29662095,0.00000929
1623358891016000,0,3589.27200910,0.00000929
1623358891016000,0,3867.58466532,0.00000929
1623358891048000,0,19462.68339382,0.00000929
1623358943665000,1,728.60000000,0.00000930
1623358954185000,0,8983.21116885,0.00000930
1623358954185000,0,8983.21116885,0.00000930
1623358959567000,0,8983.21116885,0.00000930
1623359044193000,1,23363.07401439,0.00000929
1623359044193000,1,8988.94140813,0.00000929
1623359044193000,1,3595.18510748,0.00000929
1623359051563000,1,0.00001477,0.00000929
1623359051563000,1,23382.19720523,0.00000929
1623359055622000,0,3597.69008600,0.00000929
1623359103207000,1,8995.39284591,0.00000929
1623359103207000,1,17004.60715409,0.00000929
1623359107562000,0,728.60000000,0.00000929
1623359107670000,0,1887.07110211,0.00000929
1623359145935000,1,19796.57906276,0.00000928
1623359145935000,1,9000.98146018,0.00000928
1623359145935000,1,3600.82710706,0.00000928
1623359146138000,1,0.00000540,0.00000928
1623359146138000,1,4432.28769460,0.00000927
1623359158238000,0,9500.00000000,0.00000928
1623359170373000,1,728.60000000,0.00000928
1623359170415000,1,2872.29724595,0.00000928
1623359170415000,1,127.70275405,0.00000928
1623359254274000,1,3607.32943226,0.00000927
1623359441967000,0,728.60000000,0.00000924
1623359508989000,1,9067.45786153,0.00000923
1623359508989000,1,3631.96260627,0.00000923
1623359569330000,1,11.05557891,0.00000923
1623359608703000,0,9112.54784643,0.00000923
1623359747073000,0,1609.74943941,0.00000923
1623360446861000,0,779.00000000,0.00000918
1623360461949000,0,1111.00000000,0.00000918
1623360502109000,0,3618.77821652,0.00000918
1623360502109000,0,23522.05840737,0.00000918
1623360623264000,0,11.31267337,0.00000919
1623360623264000,0,2962.19732663,0.00000919
1623360783746000,1,3613.55226642,0.00000920
1623360783752000,1,839.39966677,0.00000920
1623360808770000,0,3616.18506073,0.00000920
1623360808770000,0,837.69385922,0.00000920
1623360816704000,0,3616.18506073,0.00000920
1623360816704000,0,837.45798913,0.00000920
1623360817059000,0,8203.00466269,0.00000920
1623360817059000,0,23505.20289474,0.00000920
1623361293676000,0,37.37245927,0.00000921
1623361383149000,1,728.60000000,0.00000920
1623361450010000,1,3610.56346887,0.00000920
1623361450010000,1,9026.40867217,0.00000920
1623361450010000,1,1863.02785896,0.00000920
1623362027925000,1,3623.72215641,0.00000917
1623362027925000,1,9059.53083468,0.00000917
1623362027925000,1,1816.74700891,0.00000917
1623362028001000,1,21740.03562000,0.00000917
1623362305680000,0,1668.92000000,0.00000918
1623362305792000,0,7386.23743879,0.00000918
1623362305792000,0,3622.10428676,0.00000918
1623362305792000,0,23541.44444445,0.00000918
1623362316462000,1,9041.15593000,0.00000919
1623362316551000,1,0.00000855,0.00000919
1623362316551000,1,15499.99999145,0.00000919
1623362316647000,1,8007.00544000,0.00000919
1623362608846000,0,23478.42323375,0.00000920
1623362608846000,0,3610.66401381,0.00000920
1623362608846000,0,9026.61320353,0.00000920
1623362609435000,0,728.60000000,0.00000921
1623362610336000,0,1953.80148468,0.00000922
1623362610337000,0,4339.61036020,0.00000922
1623362647912000,0,1803.39174946,0.00000923
1623362647912000,0,23380.16581976,0.00000923
1623362647912000,0,3596.94858766,0.00000923
1623362762179000,1,3594.60462987,0.00000923
1623362762179000,1,4430.90426671,0.00000923
1623362762179000,1,8982.25912102,0.00000923
1623362762179000,1,23354.83517240,0.00000923
1623362773215000,0,3596.94858766,0.00000922
1623362926085000,0,3589.16298465,0.00000924
1623362926085000,0,8972.90746163,0.00000924
1623362926085000,0,23329.55940024,0.00000924
1623362951501000,0,3593.05156860,0.00000923
1623362951501000,0,8982.62892150,0.00000923
1623363023696000,0,7365.00000000,0.00000923
1623363023780000,0,3985.99000000,0.00000923
1623363023840000,0,5884.00000000,0.00000923
1623363039721000,0,6119.76774250,0.00000923
1623363039721000,0,3596.93665882,0.00000923
1623363039721000,0,8992.34164706,0.00000923
1623363125159000,0,4430.11174381,0.00000923
1623363125159000,0,17691.11921611,0.00000923
1623363178160000,0,3602.99292552,0.00000921
1623363192600000,0,3606.90922217,0.00000920
1623363192600000,0,9017.27305544,0.00000920
1623363224698000,0,3589.77952436,0.00000920
1623363224829000,1,4418.36178567,0.00000920
1623363225204000,0,4556.08702522,0.00000920
1623363259422000,0,3585.29617760,0.00000920
1623363272921000,1,4421.91845693,0.00000920
1623363273043000,0,2758.97272638,0.00000920
1623363273043000,0,1662.94573055,0.00000920
1623363277864000,0,1640.99999999,0.00000920
1623363277910000,0,720.20000000,0.00000920
1623363282334000,0,3294.10019999,0.00000920
1623363287156000,0,7463.68346035,0.00000920
1623363313181000,1,3592.10710000,0.00000919
1623363321614000,0,3585.27878508,0.00000919
1623363327918000,0,23302.38055191,0.00000919
1623363332506000,0,10753.57300920,0.00000919
1623363335629000,1,728.60000000,0.00000919
1623363399199000,0,728.60000000,0.00000916
1623363399220000,0,2865.41131087,0.00000916
1623363407511000,0,3595.20856488,0.00000916
1623363407519000,1,3.20745512,0.00000916
1623363482836000,1,728.60000000,0.00000916
1623363482921000,1,2861.07384000,0.00000916
1623363605159000,0,728.60000000,0.00000917
1623363639395000,0,3592.39200061,0.00000918
1623363639395000,0,836.59727344,0.00000918
1623363639614000,0,8144.38272808,0.00000918
1623363643191000,1,4428.77298239,0.00000918
1623363643297000,0,18921.77502156,0.00000918
1623363643391000,1,3592.39200061,0.00000918
1623363643435000,1,836.06528290,0.00000918
1623363643435000,1,8144.91471862,0.00000918
1623363656881000,0,2475.00000000,0.00000918
1623363657059000,0,1081.00000000,0.00000918
1623363657059000,0,5424.98000152,0.00000918
1623363657059000,0,760.01999848,0.00000918
1623363657119000,0,647.00000000,0.00000918
1623363726437000,1,2976.62303515,0.00000918
1623363737991000,0,5092.51269676,0.00000918
1623363737991000,0,23372.12955820,0.00000918
1623363781715000,1,728.60000000,0.00000918
1623363807699000,0,3024.12000000,0.00000918
1623363807789000,0,6598.21519000,0.00000918
1623363868844000,0,2981.67000000,0.00000917
1623363934867000,0,728.60000000,0.00000917
1623363940735000,0,8990.80352286,0.00000917
1623363943907000,0,23376.08915942,0.00000917
1623364010507000,0,7237.23670366,0.00000918
1623364011503000,0,2262.76329634,0.00000918
1623364021147000,0,8994.65451280,0.00000918
1623364043154000,0,934.98967152,0.00000919
1623364063038000,1,728.60000000,0.00000919
1623364063040000,1,2869.80801850,0.00000919
1623364177489000,0,3603.08634323,0.00000919
1623364177489000,0,9007.71585807,0.00000919
1623364221141000,0,536.18000000,0.00000920
1623364221939000,0,1077.41873745,0.00000920
1623364493357000,1,3604.55441362,0.00000919
1623364573380000,0,3603.12213560,0.00000919
1623364573380000,0,23420.29388138,0.00000919
1623364573380000,0,9007.80533899,0.00000919
1623364608190000,0,0.36166525,0.00000919
1623364608190000,0,2721.63843475,0.00000919
1623364619821000,0,580.01239999,0.00000919
1623364633531000,0,384.72180000,0.00000919
1623364637991000,0,0.08999427,0.00000919
1623364637991000,0,9023.25247573,0.00000919
1623364638031000,0,0.00000558,0.00000919
1623364666810000,0,352.58029829,0.00000919
1623364666858000,0,539.99999999,0.00000919
1623364666872000,0,540.00000000,0.00000919
1623364751276000,0,652.60501946,0.00000919
1623364793253000,0,4454.09574352,0.00000919
1623364846126000,0,1066.00000001,0.00000919
1623364915195000,0,2797.00000000,0.00000919
1623364915222000,0,1691.40000000,0.00000919
1623364945539000,0,3610.96584898,0.00000919
1623364953730000,0,3610.96584898,0.00000919
1623364953730000,0,9027.41462244,0.00000919
1623364992488000,0,2953.18000000,0.00000919
1623364995698000,0,4442.00000000,0.00000919
1623365002316000,0,23464.19226724,0.00000919
1623365017476000,0,14434.67941236,0.00000919
1623365030476000,0,870.51142546,0.00000919
1623365039362000,0,870.28535118,0.00000919
1623365081125000,0,870.51142547,0.00000919
1623365081137000,0,2175.74550601,0.00000919
1623365123502000,0,19863.38259797,0.00000918
1623365123655000,0,3610.95699000,0.00000918
1623365128885000,0,23470.08945182,0.00000918
1623365148184000,1,4443.93403932,0.00000918
1623365148740000,0,728.60000000,0.00000918
1623365153247000,1,2943.79192772,0.00000918
1623365153247000,1,4445.14285116,0.00000918
1623365153364000,0,1481.02842950,0.00000918
1623365153490000,1,2964.11442166,0.00000918
1623365153699000,0,583.87086169,0.00000918
1623365165312000,1,8500.00000000,0.00000918
1623365171304000,0,3459.73541414,0.00000918
1623365171304000,0,8649.33853534,0.00000918
1623365212150000,0,2790.00000000,0.00000918
1623365212200000,0,3280.00000000,0.00000918
1623365212239000,0,1897.46114811,0.00000918
1623365212239000,0,3403.53885189,0.00000918
1623365212289000,0,2200.00000000,0.00000918
1623365225567000,0,2947.84000000,0.00000919
1623365252172000,1,4440.64421727,0.00000918
1623365252281000,0,2382.42764426,0.00000918
1623365256705000,0,2727.61798766,0.00000918
1623365257030000,0,4435.53360521,0.00000918
1623365257216000,0,2383.51136394,0.00000918
1623365257756000,0,17729.51691978,0.00000918
1623365259202000,1,2113.23540662,0.00000918
1623365259211000,1,2321.88783947,0.00000918
1623365259302000,0,2961.20067707,0.00000918
1623365259302000,0,13736.03014300,0.00000918
1623365358300000,0,3604.19623737,0.00000919
1623365358827000,0,9010.49059342,0.00000919
1623365358827000,0,23427.27554290,0.00000919
1623365362612000,0,3604.19623737,0.00000919
1623365362612000,0,9010.49059342,0.00000919
1623365362612000,0,23427.27554290,0.00000919
1623365370212000,1,728.60000000,0.00000919
1623365581460000,0,3556.81634146,0.00000917
1623365644760000,0,1808.00000000,0.00000918
1623365670294000,0,2700.98485749,0.00000918
1623365671737000,0,734.98740507,0.00000918
1623365671737000,0,6866.97804062,0.00000918
1623365671756000,0,446.53378692,0.00000918
1623365671835000,0,4399.99146140,0.00000918
1623365672256000,0,2504.81969224,0.00000918
1623365692152000,0,3038.31791626,0.00000918
1623365692152000,0,4279.67165177,0.00000918
1623365749936000,0,533.99999998,0.00000919
1623365762775000,1,2926.84291513,0.00000918
1623365764305000,1,3597.27962491,0.00000917
1623365764305000,1,8993.19906228,0.00000917
1623365773034000,1,9001.16087000,0.00000917
1623365855234000,1,9005.72820327,0.00000917
1623365855234000,1,3599.79752601,0.00000917
1623365954488000,1,3599.35000495,0.00000918
1623365954488000,1,8995.99222490,0.00000918
1623365974705000,1,3597.89284134,0.00000918
1623366005875000,0,300.00000000,0.00000919
1623366041609000,1,8992.14739063,0.00000917
1623366041609000,1,3598.93932371,0.00000917
1623366061553000,1,14000.00000000,0.00000917
1623366062016000,0,728.60000000,0.00000917
1623366093490000,1,8500.00000000,0.00000917
1623366308432000,0,494.55889057,0.00000918
1623366509419000,0,3573.00000000,0.00000918
1623366509419000,0,3594.72421375,0.00000918
1623366509419000,0,8986.75421036,0.00000918
1623366509419000,0,9352.31949589,0.00000918
1623366509496000,0,14013.02189799,0.00000918
1623366510354000,0,3594.89070451,0.00000919
1623366510354000,0,23366.55255780,0.00000919
1623366510354000,0,8987.16124017,0.00000919
1623366510797000,0,23321.63514808,0.00000920
1623366575757000,1,18834.65703000,0.00000920
1623366575847000,1,4454.73055466,0.00000920
1623366575847000,1,8957.45676333,0.00000920
1623366575847000,1,3584.51120201,0.00000920
1623366580291000,1,728.60000000,0.00000920
1623366581024000,1,2858.56134865,0.00000920
1623366581024000,1,8967.90337163,0.00000920
1623366581024000,1,8676.83675972,0.00000920
1623366581095000,1,14639.71199000,0.00000920
1623366662113000,0,16500.00000000,0.00000920
1623366662197000,0,4344.03168990,0.00000920
1623366662197000,0,4432.61279002,0.00000920
1623366662197000,0,3573.00000000,0.00000920
1623366662197000,0,8025.65880753,0.00000920
1623366662197000,0,1264.40870255,0.00000920
1623366662276000,0,1945.85480000,0.00000920
1623366662382000,0,0.00002046,0.00000920
1623366663010000,0,3150.94840964,0.00000921
1623366663673000,0,62.79694456,0.00000921
1623366663673000,0,7861.22618414,0.00000921
1623366821501000,0,1806.87635575,0.00000922
1623366821531000,0,178.48365399,0.00000922
1623366821531000,0,1051.51634601,0.00000922
1623366821535000,0,3579.17570498,0.00000922
1623366821538000,0,327.33050855,0.00000922
1623366821538000,0,6275.06934163,0.00000922
1623366821803000,0,6615.78931000,0.00000922
1623367289115000,0,7500.00000000,0.00000923
1623367573444000,0,7500.00000000,0.00000924
1623367574502000,0,1538.60194981,0.00000924
1623367574502000,0,3846.50487451,0.00000924
1623367574502000,0,10500.00000000,0.00000924
1623367892214000,0,1422.53635240,0.00000923
1623367892214000,0,9500.00000000,0.00000923
1623367892214000,0,3556.34088100,0.00000923
1623367892214000,0,9236.47927080,0.00000923
1623368005314000,0,91.50108225,0.00000924
1623368069099000,0,1163.16012085,0.00000923
1623368069099000,0,1773.14088622,0.00000923
1623368070204000,0,1163.16044505,0.00000923
1623368081116000,0,4409.70258297,0.00000923
1623368081120000,0,153.99608576,0.00000923
1623368201784000,0,2907.90032038,0.00000923
1623368201784000,0,7560.54083298,0.00000923
1623368201784000,0,1163.16012815,0.00000923
1623368230005000,0,906.80284470,0.00000924
1623368230005000,0,2267.00711174,0.00000924
1623368230005000,0,5894.16371356,0.00000924
1623368230053000,0,0.00001340,0.00000924
1623368252259000,0,521.17065422,0.00000926
1623368252259000,0,3383.95487352,0.00000926
1623368252259000,0,1301.52109226,0.00000926
1623368823541000,0,11000.00000000,0.00000923
1623368823541000,0,985.95080389,0.00000923
1623368823541000,0,394.38032155,0.00000923
1623368823541000,0,2563.47209010,0.00000923
1623368859217000,0,405.19987613,0.00000923
1623368877722000,0,9500.00000000,0.00000923
1623368901287000,0,308.21613876,0.00000923
1623368901287000,0,770.54034690,0.00000923
1623368901287000,0,2003.40490195,0.00000923
1623369066101000,0,238.79265389,0.00000922
1623369066101000,0,656.42594610,0.00000922
1623369066650000,0,1086.80000001,0.00000922
1623369188690000,0,9000.00000000,0.00000921
1623369367039000,0,1064.36191000,0.00000921
1623369541737000,1,2190.22962000,0.00000923
1623369541803000,1,0.00000448,0.00000923
1623369541803000,1,8987.37104977,0.00000923
1623369541803000,1,23366.30396711,0.00000923
1623369549313000,0,1178.57221386,0.00000923
1623369549313000,0,2946.43053464,0.00000923
1623369549313000,0,7660.71939007,0.00000923
1623369647629000,0,728.60000000,0.00000921
1623369731586000,1,728.60000000,0.00000920
1623369731692000,1,2884.33839538,0.00000920
1623369735873000,1,9030.87093825,0.00000919
1623369738863000,1,3612.93839538,0.00000918
1623369742040000,1,23495.57149063,0.00000917
1623369742040000,1,3633.77419120,0.00000917
1623369742040000,1,3633.07941453,0.00000917
1623369769582000,0,728.60000000,0.00000917
1623369769759000,0,1177.55123992,0.00000917
1623369769759000,0,4763.82106904,0.00000917
1623369774182000,1,728.60000000,0.00000917
1623369782707000,1,9096.04727933,0.00000915
1623369782707000,1,3638.14431265,0.00000915
1623369782707000,1,23642.21339756,0.00000915
1623369788942000,1,9105.78821640,0.00000914
1623369788942000,1,23677.57926694,0.00000914
1623369788942000,1,3644.36700442,0.00000914
1623369789595000,0,728.60000000,0.00000914
1623369790734000,0,5643.82352481,0.00000914
1623369790734000,0,2548.80695562,0.00000914
1623369790734000,0,16733.87435688,0.00000914
1623369799207000,1,728.60000000,0.00000915
1623369916744000,1,3638.76150693,0.00000917
1623369968463000,0,728.60000000,0.00000916
1623369968719000,0,2928.38131529,0.00000916
1623369968719000,0,7320.95328823,0.00000916
1623369968808000,0,7328.94559000,0.00000916
1623369982327000,1,2920.38900000,0.00000916
1623369982327000,1,44.28642649,0.00000916
1623369995196000,1,9068.85559232,0.00000916
1623369995196000,1,3626.56887768,0.00000916
1623370006953000,1,3630.91789000,0.00000915
1623370006983000,1,0.00000644,0.00000915
1623370020056000,0,3051.40706000,0.00000914
1623370047938000,0,6694.16457690,0.00000916
1623370047938000,0,2982.66817693,0.00000916
1623370047938000,0,7456.67042617,0.00000916
1623370078840000,1,2034.16125498,0.00000915
1623370079000000,0,5965.83874502,0.00000915
1623370079000000,0,3107.37707380,0.00000915
1623370083695000,0,3628.98070129,0.00000915
1623370083699000,0,763.64222491,0.00000915
1623370093866000,0,1246.50205387,0.00000916
1623370093866000,0,19151.90415613,0.00000916
1623370156238000,1,728.60000000,0.00000916
1623370156472000,1,2876.38854134,0.00000916
1623370156472000,1,9012.58793866,0.00000916
1623370174331000,1,3600.84224000,0.00000916
1623370249428000,1,3595.94555000,0.00000916
1623370275088000,1,3595.99739784,0.00000916
1623370320594000,1,23374.84845651,0.00000914
1623370343447000,1,8933.41174000,0.00000915
1623370380552000,0,5359.87110332,0.00000915
1623370380552000,0,2140.12889668,0.00000915
1623370461022000,1,17000.00000000,0.00000915
1623370485080000,0,3592.82907819,0.00000914
1623370485080000,0,8982.07268181,0.00000914
1623370554662000,0,3583.28964407,0.00000915
1623370554662000,0,14916.71035593,0.00000915
1623370554738000,0,8374.67233055,0.00000915
1623370554738000,0,8958.22411019,0.00000915
1623370623301000,1,8942.59084465,0.00000915
1623370628663000,1,3577.70885857,0.00000914
1623370731005000,1,46.76943365,0.00000913
1623370731005000,1,1569.00000000,0.00000913
1623370776350000,1,7500.00000000,0.00000912
1623370840256000,1,23442.43283270,0.00000910
1623370840256000,1,9018.32043259,0.00000910
1623370840256000,1,1326.93858471,0.00000910
1623371149049000,1,50.00000000,0.00000908
1623371149049000,1,9066.25519717,0.00000908
1623371149049000,1,3383.74480283,0.00000908
1623371149217000,1,244.82575937,0.00000908
1623371201283000,0,346.76081220,0.00000907
1623371204804000,1,3637.14762023,0.00000907
1623371222873000,1,3634.48384000,0.00000907
1623371266606000,1,3643.95100489,0.00000906
1623371289716000,1,3639.06047295,0.00000907
1623371289740000,1,849.89039137,0.00000907
1623371296159000,0,5462.52980556,0.00000907
1623371296159000,0,3639.93341834,0.00000907
1623371325253000,0,130.76321585,0.00000908
1623371483132000,1,1837.94029528,0.00000910
1623371577140000,1,9500.00000000,0.00000912
1623371607531000,0,14598.21097000,0.00000911
1623371607665000,0,728.60000000,0.00000911
1623371607685000,0,2925.41334463,0.00000911
1623371607734000,1,748.32717537,0.00000911
1623371607769000,0,8386.70618621,0.00000911
1623371608736000,1,2613.29381379,0.00000911
1623371608736000,1,15000.00000000,0.00000911
1623371612880000,1,728.60000000,0.00000911
1623371612918000,1,2922.68840254,0.00000911
1623371666789000,0,1804.24463867,0.00000911
1623371680657000,1,3645.38890148,0.00000911
1623371705204000,0,728.60000000,0.00000910
1623371766256000,1,728.60000000,0.00000911
1623371817686000,1,3655.77225000,0.00000911
1623371902703000,0,728.60000000,0.00000910
1623371942330000,0,1823.35615699,0.00000911
1623371943842000,0,6176.64384301,0.00000911
1623371987334000,1,728.60000000,0.00000911
1623372036014000,1,3664.62203000,0.00000910
1623372133961000,0,22655.06988873,0.00000912
1623372133961000,0,8713.60813740,0.00000912
1623372133961000,0,3485.47349387,0.00000912
1623372150277000,1,3647.19755000,0.00000912
1623372320789000,1,6222.63909000,0.00000911
1623372351637000,1,9132.56859099,0.00000910
1623372351637000,1,3654.21636340,0.00000910
1623372481003000,0,728.60000000,0.00000910
1623372526197000,1,1582.37446000,0.00000910
1623372532876000,1,3651.19945000,0.00000910
1623372561696000,1,3653.55111496,0.00000910
1623372561696000,1,9133.91565966,0.00000910
1623372590401000,1,3655.39966000,0.00000909
1623372669977000,1,4501.52307226,0.00000910
1623372733458000,1,728.60000000,0.00000909
1623372753946000,0,6.21027303,0.00000908
1623372753946000,0,722.38972697,0.00000908
1623372754049000,0,8435.47863000,0.00000908
1623372781012000,0,1.22287989,0.00000909
1623372781012000,0,439.63934211,0.00000909
1623372881214000,1,3661.73185000,0.00000908
1623372886288000,1,3662.23419000,0.00000908
1623372940691000,1,728.60000000,0.00000908
1623372988538000,1,3660.33338000,0.00000908
1623373019196000,1,3670.75795000,0.00000905
1623373019361000,1,0.00000096,0.00000905
1623373038638000,0,728.60000000,0.00000905
1623373038893000,0,8447.58604796,0.00000905
1623373038893000,0,13837.02311204,0.00000905
1623373038993000,0,10024.90297307,0.00000905
1623373134084000,1,728.60000000,0.00000904
1623373158231000,1,9194.42338072,0.00000904
1623373158231000,1,3677.47122767,0.00000904
1623373158934000,1,7000.00000000,0.00000903
1623373159140000,1,16927.86971473,0.00000903
1623373182556000,0,20356.56478781,0.00000903
1623373182556000,0,3705.58303818,0.00000903
1623373182556000,0,9263.95757401,0.00000903
1623373201437000,1,9250.48183809,0.00000903
1623373201437000,1,24050.68938256,0.00000903
1623373201437000,1,3698.49477935,0.00000903
1623373202513000,1,9251.76209087,0.00000902
1623373202513000,1,24056.95042079,0.00000902
1623373202513000,1,3700.60563586,0.00000902
1623373203798000,1,1354.00990261,0.00000901
1623373204100000,1,22702.94051818,0.00000901
1623373204100000,1,3700.60563586,0.00000901
1623373204100000,1,9251.76209087,0.00000901
1623373248848000,0,3703.69530866,0.00000904
1623373248848000,0,9259.23827165,0.00000904
1623373248848000,0,11537.06641969,0.00000904
1623373248936000,0,12536.95307000,0.00000904
1623373258489000,1,3699.59830058,0.00000904
1623373258489000,1,9248.99575144,0.00000904
1623373258489000,1,24047.26071798,0.00000904
1623373276627000,0,728.60000000,0.00000904
1623373276731000,0,2970.99830058,0.00000904
1623373276731000,0,24047.38895375,0.00000904
1623373276731000,0,9248.99575144,0.00000904
1623373298373000,1,728.60000000,0.00000904
1623373298766000,1,4806.34342161,0.00000904
1623373298766000,1,3689.19712475,0.00000904
1623373298766000,1,7396.90012364,0.00000904
1623373424912000,0,14821.05368376,0.00000903
1623373424912000,0,2678.94631624,0.00000903
1623373428748000,1,3705.91386956,0.00000903
1623373428748000,1,9264.78467390,0.00000903
1623373428748000,1,529.30145654,0.00000903
1623373428970000,1,7500.00000000,0.00000903
1623373496933000,0,728.60000000,0.00000903
1623373497013000,0,2985.74128826,0.00000903
1623373497013000,0,9285.85322065,0.00000903
1623373544574000,1,728.60000000,0.00000903
1623373565242000,0,728.60000000,0.00000903
1623373572116000,0,3707.47192000,0.00000904
1623373572461000,0,0.00000324,0.00000904
1623373601163000,1,3704.60112000,0.00000905
1623373622512000,0,3707.47192324,0.00000904
1623373622512000,0,9268.67980810,0.00000904
1623373622512000,0,5749.38296866,0.00000904
1623373622606000,0,18349.18452000,0.00000904
1623373649281000,1,3705.99550013,0.00000904
1623373660792000,1,728.60000000,0.00000904
1623373673094000,0,3708.67761000,0.00000904
1623373689833000,1,3705.89394000,0.00000905
1623373725580000,1,3708.98656324,0.00000905
1623373725580000,1,9936.98612676,0.00000905
1623373765662000,0,3709.62871880,0.00000906
1623373765662000,0,9274.01472934,0.00000906
1623373765662000,0,20516.35655186,0.00000906
1623373774496000,1,9271.71157999,0.00000906
1623373774496000,1,24106.45010797,0.00000906
1623373774496000,1,3705.80611204,0.00000906
1623373792737000,1,4641.26665743,0.00000905
1623373818808000,0,1752.08685985,0.00000905
1623373838092000,0,728.60000000,0.00000905
1623373868061000,1,728.60000000,0.00000905
1623373883596000,0,3719.01403047,0.00000905
1623373883596000,0,9297.53507618,0.00000905
1623373883596000,0,24173.59119806,0.00000905
1623373952632000,0,728.60000000,0.00000905
1623373988462000,0,5575.80869862,0.00000906
1623374018264000,0,3.24785082,0.00000906
1623374018264000,0,124.10179458,0.00000906
1623374031705000,1,728.60000000,0.00000905
1623374053153000,0,305.54119937,0.00000905
1623374110908000,0,728.60000000,0.00000905
1623374135037000,1,728.60000000,0.00000906
1623374135156000,1,2981.36858000,0.00000906
1623374139173000,1,5563.30275000,0.00000906
1623374142608000,0,728.60000000,0.00000906
1623374155304000,0,24105.07319821,0.00000906
1623374155615000,0,3708.47279000,0.00000906
1623374155724000,0,0.00000972,0.00000906
1623374155787000,1,9271.18199931,0.00000906
1623374280235000,1,728.60000000,0.00000905
1623374293502000,0,3714.81719849,0.00000905
1623374293502000,0,9287.04299622,0.00000905
1623374293502000,0,24146.31177529,0.00000905
1623374293659000,0,0.00001489,0.00000905
1623374324366000,0,4235.73825929,0.00000906
1623374428847000,1,3695.92362000,0.00000907
1623374440874000,0,3703.81672739,0.00000908
1623374440874000,0,9259.46092187,0.00000908
1623374440874000,0,24074.53849074,0.00000908
1623374449192000,1,3699.26395000,0.00000909
1623374449260000,1,0.00000884,0.00000909
1623374449260000,1,9248.36843116,0.00000909
1623374459885000,1,24067.26143460,0.00000908
1623374459885000,1,4432.73856540,0.00000908
1623374459956000,1,4815.62988053,0.00000908
1623374459956000,1,3699.26393947,0.00000908
1623374492040000,1,24093.79645272,0.00000906
1623374492040000,1,9257.23651084,0.00000906
1623374492040000,1,3704.10256644,0.00000906
1623374513738000,1,3706.91005000,0.00000906
1623374513972000,1,0.00000495,0.00000906
1623374544285000,0,728.60000000,0.00000905
1623374544392000,0,2984.00956842,0.00000905
1623374551118000,0,3712.66803421,0.00000905
1623374655900000,1,15000.00000000,0.00000905
1623374837800000,1,728.60000000,0.00000906
1623375090416000,1,3000.00000000,0.00000906
1623375288928000,1,3704.28019000,0.00000907
1623375359506000,0,728.60000000,0.00000907
1623375439569000,0,3717.40632112,0.00000907
1623375443011000,1,728.60000000,0.00000907
1623375443123000,1,8537.78940000,0.00000907
1623375460905000,1,3706.95332014,0.00000907
1623375468491000,0,728.60000000,0.00000907
1623375492326000,0,3703.87458430,0.00000908
1623375492326000,0,24070.51711779,0.00000908
1623375492326000,0,9259.06949791,0.00000908
1623375632674000,1,3698.92322534,0.00000909
1623375935417000,1,728.60000000,0.00000911
1623375935506000,1,2956.83136674,0.00000911
1623375935506000,1,9213.85270326,0.00000911
1623375996432000,1,14737.21590000,0.00000910
1623376047390000,0,9221.65312062,0.00000909
1623376047390000,0,4278.34687938,0.00000909
1623376047481000,0,19701.89092000,0.00000909
1623376094892000,0,3685.21321464,0.00000910
1623376094892000,0,9213.03303661,0.00000910
1623376560735000,1,9215.13366251,0.00000909
1623376560735000,1,23963.87371015,0.00000909
1623376818751000,1,23970.67223468,0.00000910
1623376819052000,1,9219.03082000,0.00000910
1623376843595000,1,9220.99661809,0.00000909
1623376843595000,1,3689.67388191,0.00000909
1623376984898000,0,3705.80349431,0.00000907
1623376997352000,0,728.60000000,0.00000907
1623377076011000,1,3707.50158000,0.00000908
1623377093289000,1,9258.77682000,0.00000909
1623377134279000,0,873.22342679,0.00000908
1623377135025000,0,8390.15196408,0.00000908
1623377135025000,0,24088.80392592,0.00000908
1623377156980000,1,9264.92458907,0.00000908
1623377156980000,1,3705.96982093,0.00000908
1623377157048000,1,0.00001470,0.00000908
1623377157048000,1,23613.97266530,0.00000908
1623377181010000,1,728.60000000,0.00000908
1623377181135000,1,4500.00000000,0.00000908
1623377536150000,1,5587.02031401,0.00000906
1623377566355000,0,0.44615187,0.00000906
1623377566372000,1,4589.50209974,0.00000906
1623377576465000,0,728.60000000,0.00000907
1623377580039000,0,4851.71280997,0.00000907
1623377580039000,0,12148.28719003,0.00000907
1623377700791000,0,3713.41715000,0.00000907
1623377700840000,0,0.00000026,0.00000907
1623377700840000,0,9283.54287565,0.00000907
1623377701914000,0,20000.00000000,0.00000908
1623377701990000,0,4137.21147668,0.00000908
1623377701990000,0,9279.61413052,0.00000908
1623377701990000,0,3709.70979280,0.00000908
1623377702042000,0,0.00001351,0.00000908
1623377703250000,0,3705.24681549,0.00000910
1623377703250000,0,24084.10430071,0.00000910
1623377703250000,0,9263.11702380,0.00000910
1623377725721000,1,3695.12572148,0.00000911
1623377725721000,1,9237.98442852,0.00000911
1623377754720000,1,3706.02525000,0.00000909
1623377771232000,1,9265.90466643,0.00000908
1623377771232000,1,24105.42861160,0.00000908
1623377771232000,1,3706.35678197,0.00000908
1623377792254000,0,124.49229074,0.00000908
1623377794743000,0,16501.70042000,0.00000908
1623377883999000,0,3722.83172000,0.00000908
1623377889795000,1,3719.29548000,0.00000909
1623377990600000,1,18180.83189000,0.00000909
1623377991718000,1,3707.29081913,0.00000909
1623378083219000,1,728.60000000,0.00000910
1623378083328000,1,4786.63222000,0.00000910
1623378217072000,0,2.55436151,0.00000910
1623378217072000,0,726.04563849,0.00000910
1623378217212000,0,2970.69696000,0.00000910
1623378291593000,1,15500.00000000,0.00000909
1623378291663000,1,8536.57246122,0.00000909
1623378291663000,1,1463.42753878,0.00000909
1623378292030000,1,728.60000000,0.00000909
1623378295446000,1,441.68595084,0.00000908
1623378295465000,1,330.40638003,0.00000908
1623378295477000,1,330.40638003,0.00000908
1623378295854000,1,2673.00163214,0.00000908
1623378295905000,1,5483.38269968,0.00000908
1623378295905000,1,3703.90603329,0.00000908
1623378305081000,0,3072.51194901,0.00000908
1623378305091000,0,633.57012600,0.00000908
1623378305091000,0,2492.31282369,0.00000908
1623378309627000,0,3706.08207501,0.00000909
1623378309627000,0,9265.20518753,0.00000909
1623378309627000,0,2551.93880746,0.00000909
1623378529617000,0,728.60000000,0.00000909
1623378544593000,0,2481.54941948,0.00000910
1623378567054000,1,4.06895593,0.00000911
1623378567054000,1,7495.93104407,0.00000911
1623378579988000,1,1096.54798740,0.00000910
1623378596407000,1,171.77488163,0.00000909
1623378598024000,1,3697.02171271,0.00000909
1623378615675000,0,8500.00000000,0.00000908
1623378654784000,1,3704.16238761,0.00000909
1623378721574000,0,24026.40366000,0.00000909
1623378723304000,0,5547.94861098,0.00000910
1623378723304000,0,3696.81739549,0.00000910
1623378723304000,0,24029.31306353,0.00000910
1623378725383000,1,3688.67975000,0.00000911
1623378728750000,1,9223.26212000,0.00000911
1623378728810000,1,0.00000656,0.00000911
1623378740055000,1,9223.26212656,0.00000910
1623378740055000,1,3688.20526344,0.00000910
1623378748314000,0,23991.21728000,0.00000910
1623378760574000,1,23988.96582000,0.00000910
1623378761373000,0,23991.21729000,0.00000910
1623378761679000,0,0.00000517,0.00000910
1623378762169000,0,3690.95650000,0.00000910
1623378762178000,0,0.00000695,0.00000910
1623378762986000,1,3687.96202000,0.00000911
1623378782682000,0,23943.75259859,0.00000912
1623378782682000,0,3686.90496303,0.00000912
1623378782682000,0,8395.80573838,0.00000912
1623378790321000,0,3682.86230408,0.00000912
1623378797364000,0,3682.86230408,0.00000912
1623378797364000,0,9207.15576021,0.00000912
1623378842898000,0,0.38925149,0.00000912
1623378851654000,1,3677.49168000,0.00000913
1623378862730000,1,9175.98225628,0.00000913
1623378862730000,1,3670.29855372,0.00000913
1623378873115000,1,3667.40746000,0.00000914
1623378907604000,1,728.60000000,0.00000914
1623378907863000,1,8439.06046000,0.00000914
1623378916581000,1,22369.75959000,0.00000913
1623378917822000,1,1470.64908584,0.00000913
1623378917822000,1,3668.26638563,0.00000913
1623378917822000,1,9173.29032732,0.00000913
1623379073704000,1,4500.00000000,0.00000914
1623379073717000,1,6526.37511859,0.00000914
1623379353113000,1,3676.55283498,0.00000914
1623379372655000,1,3676.49423688,0.00000914
1623379380091000,1,3676.58004953,0.00000914
1623379383862000,0,3676.16654017,0.00000914
1623379403735000,1,3676.90370445,0.00000914
1623379416715000,1,3676.93162425,0.00000914
1623379434303000,1,3676.84533954,0.00000914
1623379437976000,1,2201.00000000,0.00000913
1623379500778000,0,728.60000000,0.00000914
1623379571908000,1,728.60000000,0.00000914
1623379740771000,0,0.40204968,0.00000914
1623379740771000,0,728.19795032,0.00000914
1623379757073000,1,9162.50287516,0.00000915
1623379757073000,1,23824.01036989,0.00000915
1623379757073000,1,3663.13946029,0.00000915
1623379975532000,1,728.60000000,0.00000917
1623379989521000,1,3658.65820784,0.00000917
1623379993969000,0,3658.64785681,0.00000917
1623379998537000,0,851.62902674,0.00000917
1623380001531000,1,3656.47297040,0.00000917
1623380030434000,1,8000.00000000,0.00000916
1623380030434000,1,3657.43464025,0.00000916
1623380030434000,1,9151.26940278,0.00000916
1623380036499000,1,3660.05799831,0.00000916
1623380054499000,1,3657.10162259,0.00000917
1623380112293000,1,3653.35579000,0.00000917
1623380113513000,1,4000.00000000,0.00000917
1623380120901000,1,23754.62981910,0.00000916
1623380120901000,1,3654.05639075,0.00000916
1623380120901000,1,9134.93914201,0.00000916
1623380395223000,0,728.60000000,0.00000917
1623380401070000,0,23706.58882489,0.00000918
1623380401070000,0,3648.27040978,0.00000918
1623380401070000,0,9120.51638533,0.00000918
1623380402394000,0,3646.28707958,0.00000919
1623380402394000,0,18531.69309042,0.00000919
1623380402511000,0,5158.56627093,0.00000919
1623380402511000,0,9115.71767907,0.00000919
1623380402647000,0,0.00001987,0.00000919
1623380403938000,0,9086.02480741,0.00000921
1623380403938000,0,1413.97519259,0.00000921
1623380404329000,0,2220.43473038,0.00000921
1623380404329000,0,761.04936962,0.00000921
1623380404376000,0,22862.61512966,0.00000921
1623380404930000,0,2387.52056119,0.00000923
1623380404994000,0,537.11755542,0.00000923
1623380405026000,0,2983.70916418,0.00000923
1623380405040000,0,3126.00388259,0.00000923
1623380405150000,0,2064.55203599,0.00000923
1623380405257000,0,8929.04910000,0.00000923
1623380405303000,0,3089.99423364,0.00000923
1623380405359000,0,3942.01056683,0.00000923
1623380405438000,0,4987.03853317,0.00000923
1623380427389000,0,3622.50257000,0.00000919
1623380428905000,1,3623.01330000,0.00000920
1623380433686000,1,23562.94810998,0.00000919
1623380433686000,1,3627.08950919,0.00000919
1623380433686000,1,9067.91117083,0.00000919
1623380438631000,1,3626.76561500,0.00000918
1623380438631000,1,23578.02819337,0.00000918
1623380438631000,1,9067.08269163,0.00000918
1623380444631000,0,3629.82954527,0.00000919
1623380452096000,1,3628.67055080,0.00000919
1623380458409000,1,3632.96636003,0.00000918
1623380458409000,1,9075.62146997,0.00000918
1623380467085000,0,3632.30493845,0.00000919
1623380467085000,0,9080.76234613,0.00000919
1623380467085000,0,23609.98209993,0.00000919
1623380470629000,1,9072.62860000,0.00000919
1623380470995000,1,0.92533860,0.00000919
1623380477512000,1,9075.92778329,0.00000918
1623380477512000,1,3629.25391671,0.00000918
1623380503006000,1,3617.89504000,0.00000918
1623380514436000,1,22500.00000000,0.00000918
1623380514842000,1,1010.59429588,0.00000918
1623380514842000,1,3615.87122374,0.00000918
1623380514842000,1,873.53448038,0.00000918
1623380522074000,0,3618.30943000,0.00000918
1623380523095000,0,12500.00000000,0.00000918
1623380523200000,0,7400.10946547,0.00000918
1623380547426000,1,9022.13779000,0.00000919
1623380581185000,1,728.60000000,0.00000919
1623380581288000,1,8295.48148000,0.00000919
1623380590567000,1,3609.58616586,0.00000919
1623380590567000,1,2390.41383414,0.00000919
1623380818113000,1,3127.80111734,0.00000917
1623380871480000,1,500.00000000,0.00000916
1623380871969000,1,8550.55433784,0.00000916
1623380871969000,1,3620.28459097,0.00000916
1623380873566000,1,3623.73339893,0.00000915
1623380874878000,0,3119.78005767,0.00000915
1623380895349000,0,9066.12878374,0.00000915
1623380895349000,0,23575.88687626,0.00000915
1623380904796000,0,9063.38983795,0.00000915
1623381047285000,1,3623.25123154,0.00000914
1623381092783000,1,3634.53762000,0.00000913
1623381221533000,1,2500.00000000,0.00000913
1623381322083000,0,728.60000000,0.00000913
1623381322425000,0,10158.02575000,0.00000913
1623381375217000,1,3633.48910352,0.00000912
1623381375217000,1,9083.02206148,0.00000912
1623381378494000,1,2252.38156755,0.00000911
1623381389302000,0,10914.98221585,0.00000912
1623381389302000,0,3632.79038411,0.00000912
1623381389302000,0,452.22740004,0.00000912
1623381412905000,0,23613.13749672,0.00000911
1623381412905000,0,3632.79038411,0.00000911
1623381595082000,1,3629.34905392,0.00000912
1623381595082000,1,9073.38047331,0.00000912
1623381791611000,1,14515.45698000,0.00000913
1623381793234000,1,728.60000000,0.00000913
1623381915309000,0,728.60000000,0.00000913
1623382097402000,1,728.60000000,0.00000912
1623382097513000,1,5000.00000000,0.00000912
1623382145270000,0,4486.46451603,0.00000912
1623382194496000,1,7253.28143423,0.00000912
1623382203099000,1,2633.57300615,0.00000912
1623382217081000,0,728.60000000,0.00000912
1623382420643000,1,728.60000000,0.00000911
1623382449971000,0,12765.55132662,0.00000911
1623382528593000,0,728.60000000,0.00000912
1623382550920000,1,728.60000000,0.00000912
1623382624230000,1,1500.00000000,0.00000912
1623382751499000,1,290.97999000,0.00000911
1623382756207000,0,728.60000000,0.00000911
1623382934190000,1,728.60000000,0.00000910
1623382934387000,1,8500.00000000,0.00000910
1623383086756000,1,3648.92255108,0.00000909
1623383086781000,1,848.43954699,0.00000909
1623383086884000,0,4497.36209807,0.00000909
1623383228034000,0,728.60000000,0.00000908
1623383228501000,0,2919.35607137,0.00000908
1623383237284000,1,4496.87844834,0.00000908
1623383240621000,0,3649.89042226,0.00000908
1623383248480000,1,4497.56610544,0.00000908
1623383404361000,1,1820.35325000,0.00000910
1623383416878000,1,728.60000000,0.00000910
1623383550643000,0,728.60000000,0.00000909
1623383590167000,1,4491.08769945,0.00000909
1623383604509000,1,4493.68557968,0.00000909
1623383604683000,0,4493.68557968,0.00000909
1623383641169000,0,14570.80826548,0.00000910
1623383648368000,1,4491.24875705,0.00000910
1623383652505000,0,4607.84374141,0.00000910
1623383667881000,1,4490.41554846,0.00000910
1623383668021000,0,4490.41554846,0.00000910
1623383672362000,0,3243.32443104,0.00000910
1623383672863000,1,728.60000000,0.00000910
1623383961617000,1,3639.29896000,0.00000909
1623384040114000,0,5466.46246822,0.00000908
1623384040611000,0,23676.11022927,0.00000908
1623384105560000,0,728.60000000,0.00000909
1623384134079000,1,781.55424282,0.00000909
1623384134199000,1,2850.45405239,0.00000909
1623384134199000,1,9080.25752444,0.00000909
1623384287248000,1,5000.00000000,0.00000910
1623384287352000,1,728.60000000,0.00000910
1623384326471000,0,728.60000000,0.00000909
1623384460803000,0,23.33024073,0.00000910
1623384662512000,1,728.60000000,0.00000911
1623384801486000,0,3630.33068682,0.00000911
1623384801486000,0,9067.87051724,0.00000911
1623384801486000,0,801.79879594,0.00000911
1623384801570000,0,22772.06406863,0.00000911
1623384801997000,0,2962.30880654,0.00000912
1623384802047000,0,662.46013243,0.00000912
1623384802047000,0,2327.58249404,0.00000912
1623384802070000,0,6734.17908007,0.00000912
1623384802070000,0,1387.32778283,0.00000912
1623384802078000,0,2780.79266321,0.00000912
1623384802386000,0,2191.89678587,0.00000913
1623384802417000,0,2958.34196553,0.00000913
1623384802505000,0,10438.16508792,0.00000913
1623384802507000,0,6914.09967632,0.00000913
1623384819096000,1,17592.58565000,0.00000914
1623384819179000,1,5888.95198000,0.00000914
1623384832690000,1,23111.04802000,0.00000914
1623384849562000,0,4459.57578489,0.00000914
1623384967554000,0,3613.87150649,0.00000913
1623384972009000,0,854.19227275,0.00000913
1623384972085000,1,2764.53652470,0.00000913
1623384984611000,0,2939.13797398,0.00000913
1623384984747000,1,683.40818000,0.00000913
1623384984879000,1,0.00000451,0.00000913
1623385119165000,0,3619.27184443,0.00000913
1623385146623000,1,5000.00000000,0.00000914
1623385577699000,1,4.92653282,0.00000914
1623385578313000,1,9066.53533611,0.00000914
1623385681129000,0,728.60000000,0.00000913
1623385757476000,1,728.60000000,0.00000913
1623385801403000,0,3632.58484580,0.00000913
1623385888468000,0,728.60000000,0.00000912
1623386018829000,1,728.60000000,0.00000911
1623386215010000,0,728.60000000,0.00000912
1623386284131000,1,728.60000000,0.00000912
1623386296446000,0,1.42614092,0.00000912
1623386296446000,0,727.17385908,0.00000912
1623386316361000,1,728.60000000,0.00000912
1623386401076000,0,2.40210990,0.00000911
1623386401076000,0,9035.23933442,0.00000911
1623386434270000,1,3609.26935528,0.00000912
1623386500705000,0,728.60000000,0.00000912
1623386544466000,1,3612.70904964,0.00000912
1623386854579000,1,728.60000000,0.00000912
1623386972009000,1,5460.99148119,0.00000910
1623386974673000,1,2539.00851881,0.00000910
1623387009667000,0,728.60000000,0.00000910
1623387009772000,0,8323.06502119,0.00000910
1623387223917000,1,728.60000000,0.00000911
1623387224031000,1,2881.28196000,0.00000911
1623387336626000,0,728.60000000,0.00000911
1623387362466000,0,23454.70955485,0.00000911
1623387437705000,1,728.60000000,0.00000911
1623387445875000,0,4349.82736000,0.00000911
1623387446169000,0,0.00000275,0.00000911
1623387451935000,1,9500.00000000,0.00000912
1623387599093000,0,23505.28704421,0.00000910
1623387606063000,0,14772.52592000,0.00000911
1623387606253000,0,8722.61647371,0.00000911
1623387606253000,0,3613.86935828,0.00000911
1623387606253000,0,9034.59770817,0.00000911
1623387659678000,1,3598.54818000,0.00000913
1623387659690000,1,0.00000512,0.00000913
1623387662797000,1,8995.07128000,0.00000913
1623387662877000,1,0.00000382,0.00000913
1623387662877000,1,3598.02850618,0.00000913
1623387663013000,1,0.00000735,0.00000913
1623387669776000,0,728.60000000,0.00000914
1623387669938000,0,2129.92221557,0.00000914
1623387669938000,0,7146.30553892,0.00000914
1623387706716000,1,3594.67492003,0.00000913
1623387706716000,1,7905.32507997,0.00000913
1623387721669000,1,728.60000000,0.00000912
1623387735972000,1,3603.20686613,0.00000911
1623387779023000,0,2919.40246000,0.00000909
1623387779024000,0,0.00000294,0.00000909
1623387779109000,1,2609.99757103,0.00000909
1623387792729000,0,728.60000000,0.00000909
1623387792853000,0,1756.84920393,0.00000909
1623387792853000,0,6206.79484607,0.00000909
1623387857373000,1,100.00000000,0.00000908
1623387857373000,1,3611.63249658,0.00000908
1623387895332000,0,734.82130380,0.00000906
1623387906025000,0,8540.15062614,0.00000907
1623387906025000,0,2352.61771386,0.00000907
1623387915792000,1,2109.10621834,0.00000907
1623387926759000,1,2847.49006000,0.00000907
1623387932007000,0,2001.34238949,0.00000906
1623387932294000,0,2122.48339877,0.00000906
1623387932294000,0,636.84452975,0.00000906
1623387972110000,1,728.60000000,0.00000909
1623387972267000,1,2872.29433081,0.00000909
1623387972406000,0,728.59999919,0.00000909
1623388118664000,0,1949.87000000,0.00000907
1623388211615000,0,3961.73276194,0.00000907
1623388211615000,0,14042.35723806,0.00000907
1623388275710000,1,8000.00000000,0.00000907
1623388307380000,0,3954.19333439,0.00000907
1623388307380000,0,1581.67733376,0.00000907
1623388400724000,0,1456.98468616,0.00000906
1623388400724000,0,3646.47765995,0.00000906
1623388575343000,0,35500.00000000,0.00000906
1623388575343000,0,5053.56393000,0.00000906
1623388591557000,0,3368.44633239,0.00000906
1623388628486000,0,728.60000000,0.00000905
1623388986201000,1,3715.92502538,0.00000907
1623388986220000,1,737.31903288,0.00000907
1623388986309000,0,749.05097727,0.00000907
1623388997036000,1,1369.18931823,0.00000907
1623388997039000,1,6130.81068177,0.00000907
1623389067178000,1,728.60000000,0.00000907
1623389200083000,1,3616.66212589,0.00000907
1623389200083000,1,9041.65531472,0.00000907
1623389517642000,0,728.60000000,0.00000907
1623389517749000,0,773.19099773,0.00000907
1623389517749000,0,3754.47748227,0.00000907
1623389602376000,0,2447.15694580,0.00000909
1623389609472000,1,728.60000000,0.00000909
1623389733789000,0,1465.78484997,0.00000910
1623389733789000,0,3664.45100623,0.00000910
1623389733789000,0,9527.47025380,0.00000910
1623389757081000,1,2591.16328000,0.00000911
1623389811578000,1,7434.16492395,0.00000911
1623389893084000,1,3625.52513574,0.00000909
1623389929712000,1,22769.97359675,0.00000909
1623390048692000,1,3617.41795887,0.00000909
1623390077539000,0,728.60000000,0.00000908
1623390077626000,0,637.69576000,0.00000908
1623390122412000,1,728.60000000,0.00000908
1623390122543000,1,2891.53283000,0.00000908
1623390278039000,0,1513.82622386,0.00000907
1623390289247000,1,1064.53844022,0.00000907
1623390307852000,0,3456.40117560,0.00000908
1623390307852000,0,8982.62005917,0.00000908
1623390307852000,0,1381.81882894,0.00000908
1623390331021000,0,6960.67662133,0.00000909
1623390331021000,0,2677.26924375,0.00000909
1623390331021000,0,1070.90875492,0.00000909
1623390352160000,1,9022.20020908,0.00000909
1623390352160000,1,3607.58729092,0.00000909
1623390352420000,1,0.00001734,0.00000909
1623390425607000,1,2787.06146476,0.00000907
1623390497938000,0,6834.46899550,0.00000909
1623390497938000,0,1051.52752400,0.00000909
1623390497938000,0,2628.81338050,0.00000909
1623390593002000,0,814.79104453,0.00000909
1623390593002000,0,2036.97761132,0.00000909
1623390593002000,0,5295.73816415,0.00000909
1623390601795000,1,3603.63605000,0.00000910
1623390647478000,1,3609.18569000,0.00000910
1623390647573000,1,0.00000680,0.00000910
1623390722350000,0,1971.45387000,0.00000909
1623390837734000,1,3616.88343151,0.00000909
1623391247917000,0,728.60000000,0.00000910
1623391285658000,1,728.60000000,0.00000910
1623391285761000,1,3832.27801000,0.00000910
1623391296271000,0,911.96445499,0.00000910
1623391296271000,0,2279.91113746,0.00000910
1623391296271000,0,5927.76895741,0.00000910
1623391310800000,0,2053.05682381,0.00000910
1623391310800000,0,5132.57297248,0.00000910
1623391310800000,0,2048.41390172,0.00000910
1623391311346000,0,728.60000000,0.00000910
1623391326200000,1,728.60000000,0.00000909
1623391353156000,1,1082.79505007,0.00000910
1623391377584000,0,728.60000000,0.00000910
1623391377750000,0,520.55918115,0.00000910
1623391388663000,1,3256.63412320,0.00000910
1623391392465000,1,728.60000000,0.00000910
1623391642366000,1,10089.63045080,0.00000911
1623391654573000,0,169.02913044,0.00000911
1623391681590000,1,3632.85620614,0.00000911
1623391705877000,1,3631.24262302,0.00000911
1623391733621000,0,728.60000000,0.00000912
1623391753766000,1,3623.89124000,0.00000913
1623391753999000,1,0.00000990,0.00000913
1623391773179000,1,3851.35236319,0.00000912
1623391773179000,1,3625.68895116,0.00000912
1623391808913000,1,3627.01633655,0.00000912
1623391827720000,1,3628.65615067,0.00000912
1623391831405000,1,9068.73311324,0.00000912
1623391838409000,1,9067.30134616,0.00000912
1623391896862000,1,3633.20093107,0.00000911
1623391897168000,0,4471.65693514,0.00000911
1623391897435000,1,4610.12947259,0.00000911
1623392041706000,0,2075.94570147,0.00000911
1623392057346000,1,728.60000000,0.00000911
1623392178597000,0,728.60000000,0.00000911
1623392178708000,0,16051.51848000,0.00000911
1623392268952000,1,728.60000000,0.00000911
1623392268959000,1,17449.58571512,0.00000911
1623392456822000,1,1369.60754774,0.00000909
1623392456828000,1,6130.39245226,0.00000909
1623392456828000,1,395.17373554,0.00000909
1623392578085000,1,3640.06154000,0.00000911
1623392619577000,1,7500.00000000,0.00000910
1623392620341000,0,4887.99944000,0.00000910
1623393474701000,0,4152.76123928,0.00000911
1623393517052000,0,12326.76006111,0.00000911
1623393518329000,1,4474.33553042,0.00000911
1623393542507000,1,3755.00478104,0.00000911
1623393542509000,1,719.30605936,0.00000911
1623393542739000,0,3689.09347177,0.00000911
1623393544533000,0,728.60000000,0.00000911
1623393563793000,0,1561.35620686,0.00000911
1623393563953000,1,2914.70307327,0.00000911
1623393564212000,0,3907.67524878,0.00000911
1623393565557000,1,1374.22901002,0.00000911
1623393565564000,1,3101.85453730,0.00000911
1623393629183000,1,597.37534994,0.00000911
1623393629184000,1,3191.24374301,0.00000911
1623393636233000,0,1189.85389930,0.00000911
1623393636233000,0,2974.63474826,0.00000911
1623393636233000,0,7742.53997264,0.00000911
1623393831378000,1,3099.99109000,0.00000911
1623393831407000,1,0.00000429,0.00000911
1623393886021000,1,4488.68993022,0.00000910
1623393886163000,0,791.19148889,0.00000910
1623393988246000,1,728.60000000,0.00000911
1623394158092000,0,5516.74764000,0.00000911
1623394351725000,1,3648.31978868,0.00000910
1623394351725000,1,520.23681132,0.00000910
1623394351748000,1,8597.52912053,0.00000910
1623394657978000,1,3648.40878047,0.00000911
1623394704489000,1,2528.46354098,0.00000911
1623394742391000,1,1030.75572844,0.00000913
1623394742410000,1,802.02035569,0.00000913
1623394836400000,1,9113.48435594,0.00000913
1623395125622000,1,1384.96943485,0.00000913
1623395179801000,1,7282.20859648,0.00000913
1623395185975000,0,1000.00000000,0.00000914
1623395205306000,0,2463.95572000,0.00000913
1623395205327000,0,0.00000881,0.00000913
1623395205449000,0,986.66060913,0.00000913
1623395221184000,1,907.85838682,0.00000913
1623395221202000,1,1105.48100405,0.00000913
1623395224435000,1,3656.63246000,0.00000914
1623395264348000,1,3655.62682970,0.00000914
1623395276045000,0,728.60000000,0.00000914
1623395361728000,1,2527.00501421,0.00000914
1623395365234000,1,2384.70546352,0.00000914
1623395365433000,1,953.88218541,0.00000914
1623395374116000,1,1496.40352045,0.00000914
1623395374181000,1,1114.00000000,0.00000914
1623395394314000,1,376.67200000,0.00000913
1623395404014000,0,1229.80931573,0.00000913
1623395407565000,1,3660.84420021,0.00000913
1623395410044000,0,376.67200000,0.00000913
1623395546957000,1,728.60000000,0.00000913
1623395590727000,0,2477.45540063,0.00000912
1623395590727000,0,990.98216025,0.00000912
1623395590783000,0,3468.43756000,0.00000912
1623395590822000,0,728.60000000,0.00000912
1623395590833000,0,2237.29129648,0.00000912
1623395630435000,1,728.60000000,0.00000913
1623395632167000,1,2887.63856766,0.00000913
1623395632167000,1,9139.07792234,0.00000913
1623395756176000,1,3234.84500903,0.00000913
1623395763191000,1,3654.84752787,0.00000913
1623395763887000,1,9138.14949755,0.00000913
1623395928698000,0,728.60000000,0.00000911
1623396100752000,0,1301.59515197,0.00000912
1623396138041000,1,9101.33751000,0.00000913
1623396206426000,1,728.60000000,0.00000912
1623396326352000,1,1493.69325820,0.00000912
1623396513636000,0,728.60000000,0.00000912
1623396545169000,0,3639.04209710,0.00000912
1623396636902000,1,4478.30551168,0.00000912
1623396714668000,1,166.81839500,0.00000909
1623396791575000,1,728.60000000,0.00000910
1623396791670000,1,2880.10649000,0.00000910
1623396811866000,0,728.60000000,0.00000909
1623396870506000,1,728.60000000,0.00000910
1623396870697000,1,2877.16686000,0.00000910
1623396939826000,1,617.47142454,0.00000911
1623396939826000,1,9007.97398793,0.00000911
1623396975239000,1,5666.08555000,0.00000911
1623397009485000,1,445.17913598,0.00000910
1623397009520000,1,830.35529865,0.00000910
1623397009558000,1,2075.88824663,0.00000910
1623397009596000,1,415.17764932,0.00000910
1623397009693000,1,860.01084503,0.00000910
1623397012802000,1,3433.46061534,0.00000910
1623397012802000,1,9028.76265466,0.00000910
1623397056491000,0,728.60000000,0.00000910
1623397080893000,0,4453.29496390,0.00000910
1623397081078000,1,728.60000000,0.00000910
1623397251212000,1,2491.28815285,0.00000909
1623397253198000,1,1965.23698735,0.00000909
1623397351623000,0,13000.00000000,0.00000908
1623397363280000,0,2980.66306036,0.00000908
1623397371582000,0,2957.16116322,0.00000908
1623397372885000,1,995.00000000,0.00000907
1623397404158000,0,5425.82718053,0.00000908
1623397408818000,0,728.60000000,0.00000908
1623397561377000,1,728.60000000,0.00000908
1623397650718000,1,1545.25720000,0.00000908
1623397650799000,1,685.55103000,0.00000908
1623397650995000,1,1334.79624000,0.00000908
1623397653769000,0,728.60000000,0.00000907
1623397727366000,1,728.60000000,0.00000908
1623397806352000,1,7000.00000000,0.00000907
1623397807063000,0,2124.05821000,0.00000907
1623397807132000,0,0.00000074,0.00000907
1623397813862000,0,1916.42762000,0.00000907
1623397814483000,0,0.00000984,0.00000907
1623397908802000,0,1819.41148440,0.00000907
1623397912256000,0,2957.61495373,0.00000907
1623398109540000,0,728.60000000,0.00000906
1623398167694000,1,728.60000000,0.00000906
1623398177464000,0,728.60000000,0.00000906
1623398196878000,1,3627.91965533,0.00000906
1623398421525000,1,3614.30575422,0.00000907
1623398421525000,1,9035.92572578,0.00000907
1623398438106000,1,3618.20824000,0.00000907
1623398444127000,1,728.60000000,0.00000907
1623398480867000,1,2019.84197706,0.00000907
1623398501451000,0,2692.99095628,0.00000908
1623398501451000,0,6732.39833372,0.00000908
1623398507066000,1,3226.82222000,0.00000909
1623398521115000,1,7239.80495000,0.00000911
1623398551747000,0,4442.70448255,0.00000911
1623398552452000,1,3602.54491381,0.00000911
1623398644635000,1,2339.03828000,0.00000913
1623398781283000,0,11485.70352000,0.00000911
1623398801381000,0,18276.90702348,0.00000912
1623398801381000,0,2810.17844072,0.00000912
1623398801381000,0,7024.92040580,0.00000912
1623398801559000,0,0.00001172,0.00000912
1623398804559000,1,23314.82717000,0.00000913
1623398847909000,0,728.60000000,0.00000914
1623398848048000,0,12714.87996479,0.00000914
1623398848048000,0,5170.57091491,0.00000914
1623398848048000,0,2068.22836596,0.00000914
1623398878078000,1,1026.57069000,0.00000914
1623398884363000,1,3580.23320000,0.00000914
1623398895132000,1,3580.23320140,0.00000913
1623398909643000,1,3053.06295000,0.00000913
1623398920603000,1,688.33967697,0.00000912
1623398984328000,1,22479.78477330,0.00000914
1623399021210000,0,1976.00905946,0.00000912
1623399021210000,0,12829.89243821,0.00000912
1623399021210000,0,4934.58529233,0.00000912
1623399100432000,1,8965.71284459,0.00000913
1623399128611000,1,5946.36152000,0.00000914
1623399128921000,1,3007.62973000,0.00000914
1623399129086000,1,0.00000318,0.00000914
1623399149455000,1,728.60000000,0.00000913
1623399149600000,1,4406.26426000,0.00000913
1623399424076000,0,728.60000000,0.00000913
1623399438628000,1,23331.03302697,0.00000913
1623399438628000,1,168.96697303,0.00000913
1623399588918000,0,2471.95891368,0.00000912
1623399588918000,0,6179.89728420,0.00000912
1623399616377000,0,2975.08210199,0.00000914
1623399692834000,1,728.60000000,0.00000913
1623399715591000,0,2945.52197264,0.00000913
1623399715591000,0,312.05144405,0.00000913
1623399788284000,0,2967.69899370,0.00000913
1623399938294000,1,3011.81775764,0.00000913
1623399989898000,1,2610.73547059,0.00000913
1623400009336000,0,728.60000000,0.00000913
1623400076314000,1,728.60000000,0.00000913
1623400115212000,1,1329.92823000,0.00000914
1623400115385000,1,0.00000738,0.00000914
1623400120760000,0,2556.79134409,0.00000914
1623400125394000,0,1860.90493837,0.00000914
1623400177839000,0,728.60000000,0.00000914
1623400244777000,1,728.60000000,0.00000913
1623400244881000,1,2952.84964000,0.00000913
1623400244978000,1,0.00000287,0.00000913
1623400244978000,1,15346.11396713,0.00000913
1623400254437000,1,913.20061000,0.00000913
1623400283289000,1,2249.48320272,0.00000913
1623400290054000,0,10317.92312000,0.00000912
1623400290259000,0,2797.37498000,0.00000912
1623400292061000,0,728.60000000,0.00000912
1623400292168000,0,1770.61683854,0.00000912
1623400306479000,0,2445.66317000,0.00000912
1623400395502000,1,728.60000000,0.00000912
1623400429252000,1,6009.78230000,0.00000912
1623400535159000,1,4400.89535000,0.00000912
1623400613937000,1,100.00000000,0.00000910
1623400613937000,1,1614.85974349,0.00000910
1623400613937000,1,3809.84477349,0.00000910
1623400645203000,0,2371.55269710,0.00000909
1623400645203000,0,5922.36648808,0.00000909
1623400730353000,1,63.80000000,0.00000909
1623400754028000,0,2132.77434821,0.00000909
1623400754092000,0,728.60000000,0.00000909
1623400764374000,1,728.60000000,0.00000909
1623400858372000,1,51.00000000,0.00000908
1623400986565000,0,2773.06947252,0.00000908
1623400990259000,0,1695.78996527,0.00000908
1623400990259000,0,1836.05577325,0.00000908
1623400990510000,0,1163.94422675,0.00000908
1623400990510000,0,248.77756104,0.00000908
1623401024891000,0,9875.71358717,0.00000908
1623401064118000,0,1734.07688119,0.00000908
1623401132656000,0,728.60000000,0.00000908
1623401150677000,1,3229.41025755,0.00000908
1623401150678000,1,1227.45337854,0.00000908
1623401150859000,0,3594.10349257,0.00000908
1623401150859000,0,862.76014352,0.00000908
1623401188198000,1,728.60000000,0.00000908
1623401188299000,1,9165.80792000,0.00000908
1623401260496000,0,1950.71473007,0.00000907
1623401260496000,0,4876.78682517,0.00000907
1623401260496000,0,12679.64574543,0.00000907
1623401348429000,0,3778.30000225,0.00000907
1623401348429000,0,9812.76108515,0.00000907
1623401468140000,0,610.67649657,0.00000909
1623401631717000,0,690.07400000,0.00000908
1623401755539000,0,38.52600000,0.00000908
1623401811756000,1,728.60000000,0.00000908
1623401860894000,0,1315.18521775,0.00000908
1623401886193000,1,1307.80220370,0.00000908
1623401916509000,0,728.60000000,0.00000908
1623402011079000,1,3260.00710723,0.00000908
1623402242262000,1,3235.37976000,0.00000915
1623402265120000,1,728.60000000,0.00000915
1623402265245000,1,2461.63818000,0.00000915
1623402265247000,1,0.00000557,0.00000915
1623402273160000,1,8453.64473632,0.00000914
1623402273160000,1,3252.69173337,0.00000914
1623402273160000,1,1301.16652562,0.00000914
1623402301808000,0,7284.35317000,0.00000913
1623402301858000,0,0.00000038,0.00000913
