timestamp ms,type,amount,price
1623628880958000,1,728.60000000,0.00000884
1623628948460000,0,8684.16436861,0.00000892
1623628948460000,0,3473.66574744,0.00000892
1623628948460000,0,22578.82735839,0.00000892
1623628993306000,0,728.60000000,0.00000890
1623629052014000,1,728.60000000,0.00000888
1623629106734000,1,237.39109760,0.00000885
1623629118016000,0,3494.41373934,0.00000887
1623629225938000,0,728.60000000,0.00000887
1623629296206000,0,3512.43459803,0.00000886
1623629303017000,1,3511.94352773,0.00000886
1623629312028000,1,3513.24366032,0.00000886
1623629313640000,0,252.96730552,0.00000887
1623629439018000,1,3500.00000000,0.00000886
1623629467330000,1,728.60000000,0.00000885
1623629467674000,1,8061.09432976,0.00000885
1623629467674000,1,22862.67825114,0.00000885
1623629467674000,1,3516.17612696,0.00000885
1623629467986000,1,3515.54497415,0.00000885
1623629467986000,1,8788.92998242,0.00000885
1623629468255000,1,549.70099263,0.00000883
1623629481924000,0,3730.99999999,0.00000884
1623629482093000,0,5084.79549071,0.00000884
1623629482093000,0,3526.31818929,0.00000884
1623629482196000,0,0.00000699,0.00000884
1623629482196000,0,728.59999301,0.00000884
1623629488607000,1,728.60000000,0.00000885
1623629488611000,1,2794.73292890,0.00000885
1623629492632000,1,6500.00000000,0.00000884
1623629498305000,0,3530.31176000,0.00000883
1623629535603000,1,3500.00000000,0.00000883
1623629601057000,1,3538.32609025,0.00000880
1623629601057000,1,22999.11958663,0.00000880
1623629601057000,1,8845.81522563,0.00000880
1623629617577000,1,8861.61308014,0.00000880
1623629617577000,1,3544.64523206,0.00000880
1623629627860000,1,3544.64523206,0.00000880
1623629627860000,1,8861.61308014,0.00000880
1623629630181000,1,23046.32983770,0.00000879
1623629630181000,1,8867.30366656,0.00000879
1623629630181000,1,3546.87815307,0.00000879
1623629630877000,1,8867.30366656,0.00000878
1623629630877000,1,23061.99807927,0.00000878
1623629630877000,1,3546.87815307,0.00000878
1623629633446000,0,3552.71959000,0.00000878
1623629634637000,0,0.00000477,0.00000878
1623629634637000,0,18114.02211523,0.00000878
1623629634718000,0,4978.65525078,0.00000878
1623629634718000,0,8881.79896922,0.00000878
1623629655151000,0,3552.71959477,0.00000878
1623629655151000,0,8881.79898693,0.00000878
1623629655151000,0,14205.02719830,0.00000878
1623629657599000,1,23090.75958000,0.00000878
1623629657991000,1,8883.61011000,0.00000878
1623629722225000,1,10525.63031000,0.00000877
1623629723375000,1,3552.47491156,0.00000877
1623629725526000,1,8889.38570457,0.00000876
1623629725526000,1,23113.10697655,0.00000876
1623629725526000,1,3556.36278959,0.00000876
1623629729026000,0,3562.50005000,0.00000875
1623629733054000,0,3562.50005566,0.00000875
1623629733054000,0,8906.25013916,0.00000875
1623629733054000,0,6531.24980518,0.00000875
1623629733126000,0,16625.00054000,0.00000875
1623629741122000,1,3560.79901111,0.00000875
1623629741122000,1,8902.11686720,0.00000875
1623629741122000,1,23146.81372169,0.00000875
1623629751132000,1,313.77688787,0.00000874
1623629751132000,1,3263.99410213,0.00000874
1623629751289000,1,301.79055060,0.00000874
1623629751289000,1,8914.65123126,0.00000874
1623629781335000,0,1000.00000000,0.00000874
1623629781380000,0,728.60000000,0.00000874
1623629782569000,0,901.17842437,0.00000875
1623629802197000,1,3555.63152163,0.00000877
1623629802197000,1,8887.18106837,0.00000877
1623629802955000,1,0.00001135,0.00000877
1623629830408000,0,1775.18119257,0.00000877
1623629830408000,0,23108.10117275,0.00000877
1623629830408000,0,1616.71763468,0.00000877
1623629830481000,0,1941.72672000,0.00000877
1623629857386000,1,3540.54252000,0.00000877
1623629876917000,1,728.60000000,0.00000877
1623629877000000,1,8149.33369000,0.00000877
1623629885420000,1,3551.48984000,0.00000877
1623629888027000,1,3547.77956000,0.00000878
1623629898710000,1,18209.76852000,0.00000878
1623630114646000,0,3537.46689000,0.00000879
1623630138579000,0,8833.03561352,0.00000880
1623630138579000,0,22968.96339648,0.00000880
1623630293246000,0,3532.29378398,0.00000880
1623630322330000,0,6.26450453,0.00000880
1623630322330000,0,5694.54744050,0.00000880
1623630357352000,0,2.69718481,0.00000881
1623630357352000,0,3526.08031519,0.00000881
1623630560104000,0,8823.71517271,0.00000879
1623630560104000,0,3532.07270362,0.00000879
1623630560104000,0,22932.35370367,0.00000879
1623630584575000,0,5000.00000000,0.00000880
1623630584648000,0,728.60000000,0.00000880
1623630641702000,1,22886.60814131,0.00000880
1623630641702000,1,7113.39185869,0.00000880
1623630641706000,1,728.60000000,0.00000880
1623630648105000,0,7852.83744176,0.00000880
1623630648105000,0,22868.06966824,0.00000880
1623630648783000,0,9994.21386641,0.00000881
1623630648795000,0,12870.21490418,0.00000881
1623630681322000,0,3511.54450563,0.00000882
1623630681322000,0,8778.36347673,0.00000882
1623630681322000,0,7430.29124764,0.00000882
1623630681399000,0,15392.74575000,0.00000882
1623630682438000,1,3511.10642000,0.00000882
1623630682578000,1,0.00000241,0.00000882
1623630682578000,1,5264.36073759,0.00000882
1623630682756000,1,3511.10643000,0.00000882
1623630690570000,1,22816.21463990,0.00000882
1623630690570000,1,6789.95752010,0.00000882
1623630691147000,1,1985.50964000,0.00000882
1623630849121000,1,3511.57057000,0.00000882
1623630878689000,1,8779.31280694,0.00000881
1623630878689000,1,22223.60698306,0.00000881
1623630879210000,1,603.44020336,0.00000881
1623630879210000,1,3511.70306664,0.00000881
1623630975565000,1,11000.00000000,0.00000881
1623631201572000,1,3527.65933975,0.00000881
1623631201572000,1,8819.14834938,0.00000881
1623631221728000,1,3529.32074975,0.00000880
1623631221750000,0,847.55590429,0.00000880
1623631221801000,1,7975.74597009,0.00000880
1623631222080000,1,2891.85674286,0.00000880
1623631222412000,1,3529.32074975,0.00000879
1623631222412000,1,8823.30187438,0.00000879
1623631222412000,1,22940.58487339,0.00000879
1623631238601000,1,3533.33590419,0.00000879
1623631238601000,1,8833.33976047,0.00000879
1623631238601000,1,22966.68337723,0.00000879
1623631342365000,1,8832.51579427,0.00000879
1623631342365000,1,22963.77274189,0.00000879
1623631342365000,1,3530.71297407,0.00000879
1623631386329000,1,8828.80721575,0.00000878
1623631386329000,1,22956.35547860,0.00000878
1623631386329000,1,3531.37416453,0.00000878
1623631446574000,1,3527.19028632,0.00000879
1623631582594000,1,5298.10069788,0.00000876
1623631714001000,0,4375.99415186,0.00000876
1623631811003000,1,3532.62489485,0.00000875
1623631811003000,1,8831.56223712,0.00000875
1623632053793000,0,3529.36678812,0.00000876
1623632053793000,0,847.29087951,0.00000876
1623632075582000,1,3534.08700425,0.00000876
1623632217771000,1,2950.99999999,0.00000876
1623632307942000,1,8825.62716990,0.00000876
1623632322949000,0,728.60000000,0.00000876
1623632331450000,1,728.60000000,0.00000876
1623632343466000,0,3530.25086796,0.00000876
1623632343466000,0,8825.62716990,0.00000876
1623632343466000,0,22946.63062214,0.00000876
1623632355791000,1,3530.25086796,0.00000876
1623632669948000,0,728.60000000,0.00000876
1623632671879000,0,2803.23174860,0.00000876
1623632671879000,0,1575.11538439,0.00000876
1623632672392000,0,21396.66349546,0.00000876
1623632774590000,1,728.60000000,0.00000875
1623632887768000,1,1779.31823000,0.00000874
1623632981690000,0,728.60000000,0.00000873
1623633284148000,1,5337.09039411,0.00000871
1623633284148000,1,3559.04041589,0.00000871
1623633284189000,1,0.00001279,0.00000871
1623633298738000,1,728.60000000,0.00000871
1623633343724000,1,8885.26363814,0.00000872
1623633343724000,1,16614.73636186,0.00000872
1623633509466000,0,728.60000000,0.00000872
1623633524541000,0,4402.28246480,0.00000872
1623633525962000,0,3558.06417740,0.00000872
1623633527859000,1,4402.04424148,0.00000872
1623633575950000,1,728.60000000,0.00000873
1623633612188000,0,5322.81914210,0.00000873
1623633612188000,0,23079.51470158,0.00000873
1623633642600000,0,728.60000000,0.00000874
1623633855900000,0,3551.90385741,0.00000872
1623633855900000,0,8879.75964352,0.00000872
1623633956107000,0,8875.11408072,0.00000872
1623633999234000,1,728.60000000,0.00000872
1623634201227000,0,3548.42981685,0.00000870
1623634201227000,0,23078.69016716,0.00000870
1623634234076000,0,304.28905676,0.00000871
1623634244893000,0,3540.17955524,0.00000871
1623634250048000,0,8851.87295275,0.00000871
1623634278546000,0,12387.75798122,0.00000871
1623634296401000,0,728.60000000,0.00000871
1623634296528000,0,2807.60013762,0.00000871
1623634298584000,0,3537.65950054,0.00000871
1623634315488000,1,3551.31478091,0.00000868
1623634332454000,1,728.60000000,0.00000869
1623634332704000,1,2500.00000000,0.00000869
1623634438375000,1,524.69735327,0.00000869
1623634805080000,0,524.69700000,0.00000867
1623634805679000,0,0.00035327,0.00000867
1623634807247000,1,3507.36204000,0.00000868
1623634874158000,1,524.69700000,0.00000868
1623634921916000,1,8770.94501670,0.00000869
1623635012525000,0,3519.13927709,0.00000869
1623635012525000,0,8797.84819273,0.00000869
1623635012525000,0,22874.40530109,0.00000869
1623635018089000,1,3511.89264209,0.00000870
1623635018089000,1,8779.76335779,0.00000870
1623635018089000,1,22836.18170725,0.00000870
1623635041910000,1,8796.45426562,0.00000869
1623635120998000,0,41.59557471,0.00000870
1623635201189000,0,8875.96828781,0.00000869
1623635201189000,0,20353.27400219,0.00000869
1623635219841000,0,8875.96828781,0.00000869
1623635219841000,0,3550.38731513,0.00000869
1623635219841000,0,23077.51752706,0.00000869
1623635461210000,0,7101.30510845,0.00000870
1623635479786000,1,1310.48034002,0.00000870
1623635644913000,1,9549.38537000,0.00000871
1623635677427000,1,3540.75431647,0.00000871
1623635720721000,0,728.60000000,0.00000871
1623635745611000,1,1753.86371000,0.00000872
1623635758756000,1,5112.40949000,0.00000872
1623635758895000,1,3733.71940158,0.00000872
1623635758895000,1,3538.40406636,0.00000872
1623635758895000,1,23000.08634251,0.00000872
1623635852796000,0,3535.83654837,0.00000872
1623635865106000,1,728.60000000,0.00000872
1623635865115000,1,2807.70700043,0.00000872
1623635975152000,1,3545.96935000,0.00000872
1623635991737000,0,728.60000000,0.00000872
1623636024268000,0,3534.79595343,0.00000873
1623636028260000,1,512.32519999,0.00000873
1623636028301000,1,309.99999999,0.00000873
1623636041783000,1,728.60000000,0.00000873
1623636121238000,0,6.93856826,0.00000872
1623636121238000,0,23030.80847548,0.00000872
1623636239693000,1,3561.47811000,0.00000873
1623636239778000,0,8855.18760013,0.00000873
1623636239782000,0,3541.98795821,0.00000873
1623636290899000,1,3541.79114488,0.00000873
1623636317587000,1,2500.00000000,0.00000873
1623636352184000,1,4379.78789617,0.00000873
1623636703886000,0,22963.19750160,0.00000876
1623636703886000,0,3529.73359336,0.00000876
1623636703886000,0,8824.33397504,0.00000876
1623636713193000,1,8816.63238185,0.00000876
1623636713193000,1,22917.07740815,0.00000876
1623636797954000,1,3522.51219000,0.00000877
1623636821826000,1,4521.62413000,0.00000877
1623636845379000,0,728.60000000,0.00000877
1623637062397000,0,287.85421412,0.00000878
1623637099590000,1,728.60000000,0.00000878
1623637101564000,0,3524.53091137,0.00000878
1623637101564000,0,8811.32727842,0.00000878
1623637189768000,1,3539.37537371,0.00000878
1623637189768000,1,8845.81816777,0.00000878
1623637189768000,1,22999.12723620,0.00000878
1623637248521000,0,3538.32726711,0.00000878
1623637269614000,1,4384.33940854,0.00000878
1623637536406000,0,3540.17322910,0.00000877
1623637536406000,0,8850.43307275,0.00000877
1623637811948000,1,1765.41585214,0.00000878
1623637815768000,1,2611.93747332,0.00000878
1623637832262000,1,4376.60904736,0.00000878
1623637832382000,0,4376.60904736,0.00000878
1623637848955000,0,3532.91632626,0.00000878
1623637848955000,0,8832.29081565,0.00000878
1623637976228000,0,728.60000000,0.00000877
1623637976253000,0,1040.75632975,0.00000877
1623638032668000,1,728.60000000,0.00000877
1623638082173000,1,8862.10054000,0.00000877
1623638476419000,1,8853.39975000,0.00000878
1623638861588000,1,11.36040046,0.00000876
1623638862889000,1,8853.13016000,0.00000876
1623638901671000,0,3540.77366584,0.00000876
1623638987183000,1,3543.08283946,0.00000876
1623638997635000,1,3543.77068158,0.00000876
1623638997635000,1,8857.23555205,0.00000876
1623639086469000,0,1584.81566145,0.00000876
1623639086509000,0,1566.00000000,0.00000876
1623639086727000,0,394.24635927,0.00000876
1623639086727000,0,490.75364073,0.00000876
1623639087829000,0,4494.99995739,0.00000876
1623639193595000,1,3550.03576380,0.00000875
1623639206672000,1,3548.66606000,0.00000875
1623639206695000,1,0.00000480,0.00000875
1623639216052000,0,3548.66200741,0.00000875
1623639369989000,1,3562.69435279,0.00000874
1623639369989000,1,3555.63163285,0.00000874
1623639384303000,1,3555.18116692,0.00000874
1623639392518000,0,3555.28697358,0.00000874
1623639437829000,1,1782.46320816,0.00000873
1623639437834000,1,8717.53679184,0.00000873
1623639607132000,1,7106.39400446,0.00000873
1623639660882000,0,3282.25835409,0.00000874
1623639701364000,0,4422.79962674,0.00000873
1623639708559000,1,8902.37658568,0.00000873
1623639713977000,1,8902.18104043,0.00000873
1623639799082000,1,3565.62287480,0.00000873
1623639864739000,0,728.60000000,0.00000873
1623639919409000,1,728.60000000,0.00000873
1623639993977000,1,3557.36426000,0.00000873
1623640141934000,0,4415.82872544,0.00000873
1623640158171000,1,3560.20500534,0.00000873
1623640181414000,1,3560.09901335,0.00000873
1623640226493000,1,3558.24856902,0.00000873
1623640307372000,0,1785.97414254,0.00000872
1623640317672000,1,3565.21098659,0.00000872
1623640322096000,1,3564.33993577,0.00000872
1623640340519000,0,3565.01465629,0.00000872
1623640356740000,0,3570.01348183,0.00000871
1623640356740000,0,273.62279905,0.00000871
1623640356782000,0,2128.12858783,0.00000871
1623640356813000,0,1199.88518943,0.00000871
1623640356837000,0,1752.17000324,0.00000871
1623640356837000,0,2507.30186817,0.00000871
1623640439518000,1,2141.23911293,0.00000870
1623640556108000,0,14318.45685395,0.00000869
1623640556108000,0,8945.43554605,0.00000869
1623640556149000,0,0.00000932,0.00000869
1623640646645000,1,3577.74865000,0.00000868
1623640700136000,1,4432.14977041,0.00000868
1623640700240000,0,4432.14977041,0.00000868
1623640800566000,0,3573.41379494,0.00000868
1623640826230000,1,3575.97624504,0.00000868
1623640931260000,1,4442.90424273,0.00000867
1623640931570000,0,18840.55075598,0.00000867
1623640985417000,0,3690.04899394,0.00000867
1623641080417000,1,4448.67530618,0.00000866
1623641080417000,1,3580.67365675,0.00000866
1623641080417000,1,14982.13401707,0.00000866
1623641080996000,1,2950.16580000,0.00000866
1623641081024000,1,2143.99999999,0.00000866
1623641081039000,1,3201.21233627,0.00000866
1623641081039000,1,3514.62166556,0.00000866
1623641081556000,1,3982.06030000,0.00000866
1623641081664000,1,808.06640978,0.00000866
1623641160528000,0,8972.46266508,0.00000866
1623641160528000,0,3588.98506603,0.00000866
1623641177894000,0,3588.98506603,0.00000866
1623641346872000,0,3596.55176511,0.00000865
1623641399914000,1,1500.00000000,0.00000864
1623641400236000,1,7487.15090442,0.00000864
1623641400236000,1,3595.44807474,0.00000864
1623641494329000,0,1841.70734272,0.00000865
1623641494329000,0,8998.13036825,0.00000865
1623641743117000,0,1773.19314042,0.00000867
1623641743677000,0,7226.80685958,0.00000867
1623641743677000,0,1728.67531529,0.00000867
1623641800302000,1,3590.30780148,0.00000866
1623641822426000,0,3592.84384549,0.00000865
1623641825006000,0,1397.47799047,0.00000865
1623641827708000,0,17964.32705222,0.00000865
1623641827708000,0,8982.10960778,0.00000865
1623641929558000,0,7204.23806977,0.00000865
1623641930606000,0,2795.76193023,0.00000865
1623641961944000,0,3610.43795139,0.00000865
1623641962269000,0,3603.87965112,0.00000865
1623641965200000,0,2285.68239749,0.00000865
1623641970039000,1,9007.49779000,0.00000865
1623641970108000,1,0.00000728,0.00000865
1623641973971000,0,3604.17141667,0.00000865
1623641975952000,0,872.39226057,0.00000865
1623641976218000,1,3500.00000000,0.00000865
1623641976545000,1,102.52564395,0.00000865
1623641981210000,0,3606.83283028,0.00000864
1623641981210000,0,9017.08207570,0.00000864
1623641981210000,0,4876.08509402,0.00000864
1623641981281000,0,18568.32829000,0.00000864
1623641988714000,1,3601.93436000,0.00000865
1623642010487000,0,9007.28326055,0.00000865
1623642024570000,0,5402.39874000,0.00000865
1623642048103000,0,728.60000000,0.00000865
1623642059327000,1,3596.82786000,0.00000866
1623642060329000,1,0.00000221,0.00000866
1623642060329000,1,728.59999779,0.00000866
1623642060504000,1,8262.78098387,0.00000866
1623642060555000,0,728.59999613,0.00000866
1623642128185000,1,3596.38584000,0.00000866
1623642156605000,1,3594.23930000,0.00000866
1623642156634000,1,0.00000308,0.00000866
1623642164442000,0,728.60000000,0.00000865
1623642228407000,1,5399.83673931,0.00000864
1623642228407000,1,3602.26522069,0.00000864
1623642257566000,0,1809.37782791,0.00000864
1623642261687000,1,728.60000000,0.00000864
1623642302831000,0,728.60000000,0.00000864
1623642302834000,0,2879.03104590,0.00000864
1623642302834000,0,9019.07761475,0.00000864
1623642302834000,0,6620.43212935,0.00000864
1623642303073000,0,1189.65991000,0.00000864
1623642303159000,0,9019.07762000,0.00000864
1623642303225000,0,6620.43213899,0.00000864
1623642315078000,1,728.60000000,0.00000865
1623642315172000,1,8279.35882062,0.00000865
1623642315172000,1,23422.95710938,0.00000865
1623642322832000,0,728.60000000,0.00000865
1623642337147000,0,9003.26281846,0.00000865
1623642337147000,0,3601.30512738,0.00000865
1623642390467000,1,728.60000000,0.00000865
1623642480467000,0,1798.80873382,0.00000865
1623642483088000,1,9001.72053485,0.00000865
1623642484257000,0,2080.50875374,0.00000865
1623642484303000,0,1520.17946020,0.00000865
1623642484303000,0,9001.72053485,0.00000865
1623642484303000,0,23404.47339062,0.00000865
1623642662542000,0,3593.08478863,0.00000866
1623642663873000,0,5386.51332137,0.00000866
1623642690715000,0,4449.48697531,0.00000866
1623642717808000,1,15528.54402000,0.00000865
1623642984479000,1,3578.82900525,0.00000866
1623642984479000,1,8944.45417233,0.00000866
1623643062376000,0,3550.39962729,0.00000867
1623643062376000,0,3584.18378548,0.00000867
1623643118245000,0,728.60000000,0.00000867
1623643249807000,0,3578.80738205,0.00000867
1623643249807000,0,8947.01844795,0.00000867
1623643249931000,0,0.00000718,0.00000867
1623643250315000,0,2071.23687497,0.00000868
1623643250363000,0,1479.07693624,0.00000868
1623643250383000,0,4400.24750496,0.00000868
1623643250416000,0,1947.00460829,0.00000868
1623643250434000,0,2246.14143725,0.00000868
1623643362325000,0,8952.65522244,0.00000867
1623643388085000,1,728.60000000,0.00000867
1623643388738000,1,2853.07109106,0.00000867
1623643388738000,1,720.09951894,0.00000867
1623643416147000,0,728.60000000,0.00000867
1623643452364000,1,728.60000000,0.00000867
1623643545235000,0,2200.00495935,0.00000866
1623643638064000,0,728.60000000,0.00000866
1623643750414000,1,728.60000000,0.00000866
1623643822746000,0,7170.18762663,0.00000866
1623643947152000,0,3595.08593169,0.00000866
1623643947152000,0,8987.71482921,0.00000866
1623643956726000,1,3595.08593169,0.00000866
1623643986840000,0,10769.30078726,0.00000867
1623643986840000,0,8977.34837612,0.00000867
1623644015153000,0,3593.64264779,0.00000866
1623644281688000,0,728.60000000,0.00000866
1623644382324000,0,3571.11329314,0.00000865
1623644386932000,1,728.60000000,0.00000865
1623644763986000,1,9.63306566,0.00000864
1623645165645000,0,10057.60000000,0.00000864
1623645467225000,0,2991.99000000,0.00000863
1623645681885000,1,81.59996000,0.00000862
1623645951227000,0,150.00000000,0.00000862
1623646122666000,0,728.60000000,0.00000861
1623646224818000,0,150.00000000,0.00000863
1623646302349000,0,3573.05763339,0.00000862
1623646302349000,0,23222.50631565,0.00000862
1623646425880000,1,4431.44979216,0.00000862
1623646510748000,1,728.60000000,0.00000862
1623646510849000,1,500.00000000,0.00000862
1623646579613000,0,2911.83294664,0.00000862
1623646697408000,1,8433.03202909,0.00000862
1623646708424000,1,4277.56154127,0.00000862
1623646803903000,0,3575.37829183,0.00000861
1623647002388000,0,8118.42650673,0.00000862
1623647002391000,0,728.60000000,0.00000862
1623647002514000,0,6496.11679071,0.00000862
1623647035182000,0,3565.28428051,0.00000864
1623647035182000,0,23161.34702170,0.00000864
1623647035182000,0,401.75973366,0.00000864
1623647201021000,0,150.00000000,0.00000865
1623647458559000,0,150.00000000,0.00000864
1623647500776000,1,3567.58205611,0.00000864
1623647506286000,1,3567.63989173,0.00000864
1623647605843000,0,300.00000000,0.00000863
1623647793116000,0,1.79628053,0.00000862
1623647793116000,0,873.20111947,0.00000862
1623647881719000,1,3565.29428372,0.00000863
1623648046491000,1,728.60000000,0.00000862
1623648077127000,0,300.00000000,0.00000862
1623648122978000,0,300.00000000,0.00000862
1623648723143000,0,728.60000000,0.00000859
1623648745643000,0,3608.84749709,0.00000859
1623648857960000,0,14879.83595357,0.00000860
1623648886554000,0,580.60577701,0.00000861
1623649064203000,0,170.00000000,0.00000862
1623649152014000,0,3570.51383421,0.00000861
1623649273919000,0,1329.75669353,0.00000861
1623649294403000,0,766.99999999,0.00000861
1623649430928000,0,2874.67694001,0.00000861
1623649486000000,0,10014.50626163,0.00000861
1623649521761000,0,1143.68847677,0.00000861
1623649762251000,0,3567.63573063,0.00000859
1623649762251000,0,23195.68641881,0.00000859
1623649762251000,0,8911.03203517,0.00000859
1623649770835000,1,129.53000000,0.00000859
1623649808991000,0,3552.75365078,0.00000860
1623649808991000,0,3220.35881283,0.00000860
1623649809567000,0,5661.77319597,0.00000860
1623649809567000,0,7573.91020648,0.00000860
1623649940082000,0,1771.06638000,0.00000860
1623649940112000,0,0.00000101,0.00000860
1623649977013000,0,4526.59466900,0.00000862
1623650010768000,0,23044.11836966,0.00000863
1623650017563000,1,4396.79878535,0.00000863
1623650052393000,0,3082.40494417,0.00000864
1623650052393000,0,20032.98579229,0.00000864
1623650052393000,0,884.60926354,0.00000864
1623650052464000,0,6820.02956000,0.00000864
1623650052516000,0,0.00001152,0.00000864
1623650130429000,0,9000.00000000,0.00000864
1623650223423000,1,3539.10661000,0.00000865
1623650347663000,1,599.07000000,0.00000865
1623650347801000,1,19551.98933000,0.00000865
1623650348500000,1,2470.88798678,0.00000865
1623650348504000,1,427.77199840,0.00000865
1623650447148000,1,20151.62165449,0.00000866
1623651062405000,0,728.60000000,0.00000862
1623651229784000,0,19531.04865912,0.00000863
1623651229784000,0,3550.16270597,0.00000863
1623651229784000,0,8875.35687974,0.00000863
1623651257632000,1,728.60000000,0.00000863
1623651265876000,0,6747.74116919,0.00000863
1623651265876000,0,20814.03553080,0.00000863
1623651277983000,0,2581.30075038,0.00000863
1623651277983000,0,6453.25187595,0.00000863
1623651374528000,0,2377.78458359,0.00000864
1623651374528000,0,5937.58924920,0.00000864
1623651374528000,0,15437.73204792,0.00000864
1623651456147000,0,728.60000000,0.00000865
1623651610767000,1,728.60000000,0.00000864
1623651720173000,0,1893.03759198,0.00000863
1623651720173000,0,2516.89898022,0.00000863
1623651720209000,0,2215.69499974,0.00000863
1623651863437000,1,1236.67581271,0.00000863
1623651863438000,1,3179.04657589,0.00000863
1623651868767000,1,1644.31925943,0.00000863
1623651868778000,1,2771.40312917,0.00000863
1623651936710000,0,728.60000000,0.00000863
1623652060461000,1,4421.54952802,0.00000863
1623652060566000,0,4421.54952802,0.00000863
1623652235926000,1,728.60000000,0.00000863
1623652325351000,1,4367.79172413,0.00000863
1623652328302000,0,1247.26090485,0.00000863
1623652357384000,0,2763.17787208,0.00000863
1623652357384000,0,7924.57260467,0.00000863
1623652467014000,1,2446.02995257,0.00000863
1623652467022000,1,1981.42176508,0.00000863
1623652573364000,1,3572.89145611,0.00000862
1623653085959000,0,1125.62542705,0.00000860
1623653085959000,0,2814.06356763,0.00000860
1623653265589000,0,2630.26234049,0.00000859
1623653265589000,0,6838.68208527,0.00000859
1623653335601000,0,838.80566421,0.00000859
1623653335601000,0,2060.28328169,0.00000859
1623653336770000,0,36.73087883,0.00000859
1623653336770000,0,545.03334684,0.00000859
1623653544200000,1,4221.23306420,0.00000857
1623653544200000,1,23304.09520284,0.00000857
1623653556370000,0,2035.07387000,0.00000855
1623653582262000,0,1989.23116098,0.00000856
1623653582262000,0,1984.58613942,0.00000856
1623653582262000,0,12914.89740322,0.00000856
1623653583913000,0,3035.07387000,0.00000856
1623653595731000,0,10454.49023114,0.00000857
1623653595731000,0,1609.07915545,0.00000857
1623653595731000,0,4017.27802993,0.00000857
1623653613491000,0,3591.58135789,0.00000856
1623653615935000,0,5231.59118174,0.00000856
1623653649641000,0,2118.51160172,0.00000856
1623653663865000,0,1465.30656669,0.00000856
1623653742332000,0,16.52401805,0.00000857
1623653742332000,0,9310.19159812,0.00000857
1623653743982000,0,1223.91253907,0.00000857
1623653743982000,0,7955.43150394,0.00000857
1623653743982000,0,3059.78134767,0.00000857
1623653777777000,0,728.60000000,0.00000858
1623653820203000,0,1358.88765714,0.00000858
1623653823653000,0,1328.27704000,0.00000858
1623654225545000,0,5480.65938317,0.00000858
1623654243918000,0,4200.51378015,0.00000858
1623654265551000,1,728.60000000,0.00000858
1623654293055000,0,241.64102564,0.00000858
1623654355895000,1,8909.80768871,0.00000858
1623654355895000,1,3563.86617161,0.00000858
1623654458664000,1,257.59688832,0.00000858
1623654458836000,1,1528.95431863,0.00000858
1623654507201000,0,728.60000000,0.00000858
1623654507313000,0,2993.17516589,0.00000858
1623654525439000,1,479.28000000,0.00000858
1623654538404000,1,249.32000000,0.00000858
1623654558264000,0,728.60000000,0.00000858
1623654608094000,0,2089.71472433,0.00000858
1623654707609000,1,3570.78063033,0.00000857
1623654714936000,0,3570.83065364,0.00000857
1623654774161000,1,728.60000000,0.00000857
1623654921939000,1,3572.94605183,0.00000857
1623654921939000,1,8930.94171551,0.00000857
1623655053887000,1,3572.92421555,0.00000857
1623655108009000,0,671.86540199,0.00000856
1623655119246000,1,1969.14177181,0.00000856
1623655120754000,1,4811.96080741,0.00000856
1623655120947000,1,350.58720991,0.00000856
1623655120947000,1,1574.19711306,0.00000856
1623655132308000,1,583.77693783,0.00000856
1623655210340000,1,3576.99564091,0.00000856
1623655278253000,0,728.60000000,0.00000855
1623655278354000,0,3363.87162033,0.00000855
1623655278354000,0,1845.60859967,0.00000855
1623655371682000,1,728.60000000,0.00000855
1623655669253000,0,7652.21524000,0.00000854
1623655775148000,0,2093.41528331,0.00000854
1623655929956000,0,62.30093676,0.00000854
1623656294026000,1,8954.82224011,0.00000854
1623656300876000,1,3162.50436916,0.00000854
1623656460387000,1,3581.18084310,0.00000854
1623656460387000,1,8952.95210775,0.00000854
1623656462937000,1,23293.84701345,0.00000854
1623656498172000,1,3583.66877130,0.00000854
1623656498172000,1,861.61021121,0.00000854
1623656499344000,1,8097.56171704,0.00000854
1623656674316000,0,4443.28654353,0.00000853
1623656674426000,1,3247.09254695,0.00000853
1623656825422000,1,3583.93554000,0.00000854
1623657044024000,0,250.00000000,0.00000854
1623657103468000,1,3587.01703004,0.00000854
1623657624207000,1,8994.27401793,0.00000851
1623657624207000,1,5104.93810207,0.00000851
1623657679690000,0,1816.23953618,0.00000849
1623658202449000,1,9038.07788352,0.00000851
1623658202449000,1,23501.76263220,0.00000851
1623658203683000,1,3618.68333276,0.00000850
1623658203683000,1,9046.83012409,0.00000850
1623658206119000,0,3281.31180868,0.00000850
1623658233283000,0,2.68328067,0.00000848
1623658233283000,0,725.91671933,0.00000848
1623658233415000,0,8346.51285525,0.00000848
1623658233415000,0,23588.31688475,0.00000848
1623658243548000,0,2.34485796,0.00000848
1623658260204000,1,3625.98724796,0.00000848
1623658300537000,0,5463.16881330,0.00000849
1623658300537000,0,9072.42957458,0.00000849
1623658300537000,0,3624.33601437,0.00000849
1623658310942000,0,3623.33708077,0.00000849
1623658310942000,0,9058.34270192,0.00000849
1623658314340000,1,3623.33708077,0.00000849
1623658317197000,1,869.78157745,0.00000849
1623658317500000,0,3623.33708077,0.00000849
1623658318008000,0,9058.34270192,0.00000849
1623658318008000,0,23551.69102500,0.00000849
1623658323526000,1,2501.76460351,0.00000849
1623658331983000,0,2446.36628249,0.00000849
1623658331983000,0,6108.72051129,0.00000849
1623658332353000,1,4492.05078168,0.00000849
1623658385676000,0,9700.39975998,0.00000849
1623658393464000,1,9059.05006185,0.00000850
1623658393464000,1,23553.04605573,0.00000850
1623658437222000,1,728.60000000,0.00000849
1623658464241000,0,8689.85182633,0.00000850
1623658464241000,0,3475.94073053,0.00000850
1623658550625000,0,17438.28044407,0.00000850
1623658550625000,0,3244.12175619,0.00000850
1623658550625000,0,8116.01692974,0.00000850
1623658550886000,0,0.00001906,0.00000850
1623658651134000,0,853.21488021,0.00000850
1623658922352000,0,427.78019498,0.00000848
1623658922352000,0,17675.95089586,0.00000848
1623658934707000,1,2334.19730104,0.00000849
1623658934707000,1,3631.66768465,0.00000849
1623658965044000,1,4619.03390000,0.00000849
1623658970727000,1,3064.86382818,0.00000849
1623658992445000,1,3636.43667000,0.00000849
1623659003782000,1,3635.70404000,0.00000849
1623659459074000,1,140.00000000,0.00000847
1623659459074000,1,3641.11137323,0.00000847
1623659505791000,0,3644.71650197,0.00000846
1623659900677000,0,4520.71256927,0.00000845
1623659900801000,1,2362.81355803,0.00000845
1623659997794000,0,1828.12035641,0.00000845
1623660013104000,0,1633.12504980,0.00000845
1623660164226000,1,3646.27879544,0.00000845
1623660164226000,1,9115.84226522,0.00000845
1623660164226000,1,2593.84432934,0.00000845
1623660164424000,1,21107.60907906,0.00000845
1623660164601000,1,3072.39702931,0.00000844
1623660190177000,0,23775.55700342,0.00000845
1623660298406000,0,65.93498817,0.00000846
1623660443437000,0,220.03896103,0.00000847
1623660460493000,0,728.60000000,0.00000845
1623660514187000,1,3667.84610660,0.00000846
1623660514196000,1,876.37875728,0.00000846
1623660514304000,0,8293.23650921,0.00000846
1623660523961000,1,728.60000000,0.00000846
1623660576329000,0,20207.96988066,0.00000846
1623660613190000,0,728.60000000,0.00000846
1623660613787000,0,1113.75177156,0.00000846
1623660636693000,0,8955.70863765,0.00000846
1623660636693000,0,23284.84245790,0.00000846
1623660757087000,1,4547.05240656,0.00000846
1623660757210000,0,2391.31442568,0.00000846
1623660757418000,1,2155.73798088,0.00000846
1623660757418000,1,619.60875202,0.00000846
1623660757435000,1,6938.36683224,0.00000846
1623660806662000,0,14961.41589745,0.00000846
1623660808954000,0,11452.48603047,0.00000846
1623660810932000,0,1805.21675871,0.00000846
1623660810932000,0,4513.04189677,0.00000846
1623660810932000,0,11733.90893160,0.00000846
1623660862084000,0,2995.80682957,0.00000847
1623660862084000,0,1397.25150872,0.00000847
1623660862084000,0,3493.09664812,0.00000847
1623660862084000,0,9081.87740635,0.00000847
1623660863948000,0,123.61595644,0.00000847
1623660863948000,0,7044.79548179,0.00000847
1623660865683000,1,728.60000000,0.00000846
1623660906847000,1,2632.72204340,0.00000846
1623660907004000,1,938.74917130,0.00000846
1623660912024000,0,728.60000000,0.00000846
1623660983173000,0,5466.67789674,0.00000847
1623660983173000,0,3034.56187012,0.00000847
1623660983173000,0,841.28952943,0.00000847
1623660983173000,0,2103.22382357,0.00000847
1623661241152000,1,728.60000000,0.00000846
1623661241265000,1,23110.24744578,0.00000846
1623661241265000,1,9168.41556630,0.00000846
1623661274019000,0,728.60000000,0.00000845
1623661274152000,0,1086.37722537,0.00000845
1623661274152000,0,9073.68097463,0.00000845
1623661321073000,1,3664.60574987,0.00000846
1623661381338000,1,728.60000000,0.00000846
1623661392779000,1,3664.92317000,0.00000846
1623661392857000,1,0.00000524,0.00000846
1623661392857000,1,5499.99999476,0.00000846
1623661500247000,0,1454.36395230,0.00000845
1623661500247000,0,3635.90988076,0.00000845
1623661517470000,0,1456.08509308,0.00000845
1623661517470000,0,3635.90988076,0.00000845
1623661517470000,0,8708.91314189,0.00000845
1623661525302000,0,2576.32619898,0.00000845
1623661525302000,0,1030.53047959,0.00000845
1623661525344000,0,4542.62557239,0.00000845
1623661525808000,0,2155.82254495,0.00000845
1623661566858000,1,1603.84600467,0.00000845
1623661617800000,1,1500.00000000,0.00000845
1623661617955000,1,433.43600990,0.00000845
1623661618164000,1,1737.55293089,0.00000845
1623661618164000,1,854.16304544,0.00000845
1623661618265000,1,8323.36871876,0.00000845
1623661673357000,1,2165.68047338,0.00000845
1623661673361000,1,1503.73856702,0.00000845
1623661747572000,0,1134.34936516,0.00000846
1623661747572000,0,2835.87341291,0.00000846
1623661747572000,0,7364.56571314,0.00000846
1623661836406000,0,728.60000000,0.00000846
1623661836538000,0,3154.10486000,0.00000846
1623661840641000,0,75.00000000,0.00000847
1623661892570000,0,3077.33804577,0.00000846
1623662149194000,1,3664.71805731,0.00000845
1623662149194000,1,13000.00000000,0.00000845
1623662224890000,1,9169.31202116,0.00000845
1623662224945000,0,1420.82875752,0.00000844
1623662248841000,1,75.00000000,0.00000841
1623662286631000,1,7002.33160864,0.00000840
1623662286631000,1,19644.12412136,0.00000840
1623662557597000,1,1040.68422880,0.00000841
1623662557597000,1,9183.51118759,0.00000841
1623662639740000,1,3675.87707089,0.00000841
1623662652457000,1,3676.27938677,0.00000841
1623662867675000,1,3133.16948553,0.00000841
1623663002578000,1,728.60000000,0.00000841
1623663003369000,1,75.00000000,0.00000840
1623663003369000,1,1240.26765858,0.00000840
1623663003458000,1,8798.79047619,0.00000840
1623663003796000,1,2132.39571120,0.00000840
1623663003969000,1,488.09523809,0.00000840
1623663003973000,1,1051.59389130,0.00000840
1623663003973000,1,91.49186871,0.00000840
1623663120236000,0,728.60000000,0.00000841
1623663142985000,1,24.27600000,0.00000841
1623663154117000,1,0.00034363,0.00000841
1623663154117000,1,704.32365637,0.00000841
1623663165054000,0,728.60000000,0.00000841
1623663173657000,0,31.03759059,0.00000841
1623663190429000,0,2391.30534018,0.00000841
1623663190429000,0,5971.16327520,0.00000841
1623663190429000,0,15525.02451553,0.00000841
1623663275660000,1,728.60000000,0.00000841
1623663326495000,1,3678.17228948,0.00000841
1623663332917000,0,728.60000000,0.00000841
1623663347293000,1,728.60000000,0.00000840
1623663410105000,0,2015.26636507,0.00000840
1623663414322000,0,4924.67222876,0.00000840
1623663414322000,0,1969.86889150,0.00000840
1623663414322000,0,12804.14779477,0.00000840
1623663519219000,0,260.00000000,0.00000841
1623663519774000,0,728.60000000,0.00000841
1623663550278000,0,1503.84864086,0.00000841
1623663550358000,0,208.60000000,0.00000842
1623663773963000,0,3663.17666261,0.00000842
1623663773963000,0,884.34582633,0.00000842
1623663879894000,1,333.72400000,0.00000842
1623663883977000,1,394.87600000,0.00000842
1623663905682000,1,3676.31648618,0.00000842
1623663938702000,1,3679.76190701,0.00000841
1623663938702000,1,9199.54962467,0.00000841
1623664161983000,1,2567.49796612,0.00000839
1623664161984000,1,1752.19432295,0.00000839
1623664161998000,1,6680.30771093,0.00000839
1623664162142000,0,4708.95538825,0.00000839
1623664177991000,1,23987.83015297,0.00000839
1623664193237000,0,12586.48988697,0.00000839
1623664193237000,0,4840.95764884,0.00000839
1623664193237000,0,1936.38305953,0.00000839
1623664330970000,0,1384.08437463,0.00000839
1623664330970000,0,8985.83825840,0.00000839
1623664331146000,1,3460.21093658,0.00000839
1623664331757000,1,8996.54843511,0.00000839
1623664370936000,1,2367.92501000,0.00000840
1623664410660000,1,3216.69348000,0.00000840
1623664802475000,1,75.00000000,0.00000838
1623664802475000,1,6297.14088000,0.00000838
1623664802732000,1,17700.97170932,0.00000838
1623664802732000,1,9235.54206734,0.00000838
1623664802732000,1,3696.82043446,0.00000838
1623664825392000,0,3281.11834000,0.00000838
1623664832689000,0,12446.87663859,0.00000839
1623664832689000,0,1914.90409825,0.00000839
1623664832689000,0,4792.96613316,0.00000839
1623664833422000,0,0.00002455,0.00000839
1623664874476000,0,433.11758687,0.00000840
1623664874476000,0,1482.03337285,0.00000840
1623664877230000,1,9224.22407000,0.00000840
1623664897315000,1,2204.19879718,0.00000840
1623664897475000,0,3691.35105776,0.00000840
1623664899759000,0,3104.45014506,0.00000840
1623664913929000,0,7325.44066123,0.00000840
1623664914099000,0,3690.52471230,0.00000840
1623664918045000,0,2098.94907190,0.00000840
1623664918045000,0,5247.37267974,0.00000840
1623664918045000,0,13643.16896733,0.00000840
1623665341333000,1,6042.17258559,0.00000840
1623665341333000,1,9196.87147339,0.00000840
1623665341333000,1,3679.28800833,0.00000840
1623665367932000,0,728.60000000,0.00000840
1623665368036000,0,1377.58700226,0.00000840
1623665368036000,0,5265.46749774,0.00000840
1623665469457000,1,728.60000000,0.00000839
1623665641261000,1,1699.39230891,0.00000839
1623665655253000,0,435.55878835,0.00000840
1623665655253000,0,4421.91328328,0.00000840
1623665655253000,0,1768.60439701,0.00000840
1623665662910000,0,728.60000000,0.00000840
1623665703464000,1,728.60000000,0.00000840
1623665721310000,1,2038.12257000,0.00000840
1623666266749000,1,9785.13597846,0.00000840
1623666266930000,1,1214.86402154,0.00000840
1623666272098000,0,1370.40259174,0.00000840
1623666272098000,0,3426.00647934,0.00000840
1623666272098000,0,8907.61684628,0.00000840
1623666319057000,1,1061.69493647,0.00000840
1623666320342000,1,6901.01708707,0.00000840
1623666339955000,1,2205.80157253,0.00000840
1623666437553000,1,2081.57752415,0.00000840
1623666437746000,1,832.63100966,0.00000840
1623666438450000,1,2081.57752415,0.00000840
1623666438957000,1,5412.10156279,0.00000840
1623666680223000,1,3249.11365000,0.00000840
1623666811191000,0,660.62195337,0.00000840
1623666811191000,0,67.97804663,0.00000840
1623666913739000,1,728.60000000,0.00000840
1623667200687000,1,668.93379866,0.00000840
1623667235354000,1,935.14596679,0.00000840
1623667332447000,1,1581.99759378,0.00000840
1623667356298000,1,1492.90429179,0.00000840
1623667356299000,1,3881.55115866,0.00000840
1623667400669000,0,476.09251045,0.00000840
1623667400669000,0,1188.81601897,0.00000840
1623667400669000,0,3090.92164932,0.00000840
1623667596725000,0,284.89531667,0.00000838
1623667596725000,0,713.08821804,0.00000838
1623667596725000,0,154.58796339,0.00000838
1623667661038000,0,229.51685758,0.00000838
1623667661038000,0,499.08314242,0.00000838
1623668072718000,0,126.26479148,0.00000837
1623668072764000,1,819.74176377,0.00000837
1623668562230000,1,104.95391515,0.00000839
1623668562230000,1,682.20044846,0.00000839
1623668562233000,1,262.38478787,0.00000839
1623668764292000,0,73.00159610,0.00000840
1623668764292000,0,182.50399025,0.00000840
1623668764292000,0,474.51037464,0.00000840
1623668818119000,1,1797.67826521,0.00000840
1623668830759000,1,728.60000000,0.00000840
1623669038169000,0,1594.48156956,0.00000841
1623669291087000,1,63.47864077,0.00000840
1623669339662000,1,3154.12831425,0.00000841
1623669404418000,1,3663.28110000,0.00000841
1623669555045000,1,1221.58093739,0.00000840
1623669606584000,0,32.08257190,0.00000841
1623669620981000,0,358.49900000,0.00000840
1623669621074000,0,0.00037250,0.00000840
1623669628520000,1,1016.72548283,0.00000840
1623669628522000,1,406.69019313,0.00000840
1623669628527000,1,2643.48625535,0.00000840
1623669673187000,1,3673.41714294,0.00000840
1623669721741000,1,358.49900000,0.00000840
1623669769377000,0,79.37420033,0.00000841
1623669948262000,1,396.12303200,0.00000840
1623670080856000,1,3199.78418000,0.00000842
1623670305941000,0,448.53909102,0.00000842
1623670305941000,0,280.06090898,0.00000842
1623670543260000,1,1775.20364813,0.00000842
1623671044930000,0,137.39835551,0.00000844
1623671050253000,1,1478.53970120,0.00000844
1623671096349000,1,3666.49064813,0.00000844
1623671105956000,1,3666.13912477,0.00000844
1623671235903000,1,1725.87593639,0.00000844
1623671237829000,1,2333.96709971,0.00000844
1623671237982000,1,320.19364320,0.00000844
1623671237986000,1,146.85782773,0.00000844
1623671237986000,1,653.62628027,0.00000844
1623671276828000,1,904.01892328,0.00000844
1623671342684000,1,3654.98058600,0.00000845
1623671463541000,1,9000.00000000,0.00000844
1623671920198000,1,2109.74001033,0.00000844
1623671926473000,0,377.27484016,0.00000844
1623671926473000,0,943.18710041,0.00000844
1623671926473000,0,2452.28646106,0.00000844
1623672266172000,0,730.72267864,0.00000840
1623672266172000,0,1897.61989316,0.00000840
1623672273465000,0,233.08096156,0.00000840
1623672273465000,0,582.70240389,0.00000840
1623672273465000,0,1513.22479204,0.00000840
1623672279710000,0,180.61589387,0.00000840
1623672279710000,0,1174.00331014,0.00000840
1623672279710000,0,451.53973467,0.00000840
1623672294335000,0,139.92893849,0.00000840
1623672294335000,0,349.40638624,0.00000840
1623672294335000,0,908.45660422,0.00000840
1623672300192000,0,108.44117923,0.00000840
1623672300192000,0,271.10294808,0.00000840
1623672300192000,0,704.86766501,0.00000840
1623672330154000,1,728.60000000,0.00000840
1623672528813000,0,246.21615201,0.00000842
1623672738920000,0,148.61153336,0.00000844
1623672738920000,0,386.38998673,0.00000844
1623672738920000,0,59.44247991,0.00000844
1623672739061000,0,0.00213343,0.00000844
1623673185746000,1,594.44400000,0.00000844
1623673185877000,1,2742.31123392,0.00000844
1623673185877000,1,9170.57113608,0.00000844
1623673323234000,1,332.95197953,0.00000843
1623673602499000,1,3659.87385000,0.00000844
1623673681373000,1,3650.00872188,0.00000844
1623673773775000,1,3651.26096033,0.00000844
1623673790363000,1,3027.61193914,0.00000844
1623673827669000,0,431.98652907,0.00000844
1623673900300000,0,2042.79592000,0.00000843
1623674141424000,1,3658.45089273,0.00000842
1623674190975000,1,3659.30030499,0.00000842
1623674345651000,0,457.60260972,0.00000843
1623674363821000,0,728.60000000,0.00000842
1623674369459000,0,6159.81135000,0.00000842
1623674394464000,1,162.13197204,0.00000842
1623674394616000,1,808.90292649,0.00000842
1623674395163000,1,5257.86902220,0.00000842
1623674397016000,0,668.58613894,0.00000842
1623674397016000,0,1671.46534736,0.00000842
1623674397016000,0,4345.80990313,0.00000842
1623674422451000,0,1294.93899372,0.00000842
1623674432453000,0,941.68458371,0.00000842
1623674700574000,1,728.60000000,0.00000842
1623674700708000,1,2913.83319000,0.00000842
1623674798754000,1,1813.11208408,0.00000840
1623674856072000,1,7644.72427225,0.00000841
1623674856185000,0,4855.27572775,0.00000841
1623674856185000,0,9000.00000000,0.00000841
1623674907201000,0,728.60000000,0.00000841
1623675110716000,1,3651.24997533,0.00000841
1623675171778000,1,3648.53098320,0.00000841
1623675309775000,1,3651.04949428,0.00000841
1623675413351000,1,2881.43935357,0.00000840
1623675413529000,1,1637.81900847,0.00000840
1623675413633000,0,1958.40313276,0.00000840
1623675518703000,1,728.60000000,0.00000840
1623675518815000,1,2919.32281000,0.00000840
1623675694320000,1,3645.52537879,0.00000840
1623675741372000,1,4500.25034237,0.00000837
1623675741372000,1,23499.74965763,0.00000837
1623675836715000,1,4133.77953164,0.00000836
1623675840197000,1,75.00000000,0.00000835
1623675846743000,1,3637.61491515,0.00000834
1623675846743000,1,9095.60248586,0.00000834
1623675853184000,1,2898.76244000,0.00000833
1623675888831000,0,3098.23346075,0.00000834
1623675903550000,1,3619.46643329,0.00000833
1623676000421000,0,3502.67928563,0.00000834
1623676004795000,1,3608.26354855,0.00000834
1623676004795000,1,9020.87121883,0.00000834
1623676027583000,0,1675.16501748,0.00000833
1623676027583000,0,4187.91253252,0.00000833
1623676028107000,0,1875.30260493,0.00000833
1623676039754000,0,1512.85027939,0.00000834
1623676039754000,0,3782.12569847,0.00000834
1623676039754000,0,9833.34414850,0.00000834
1623676041249000,0,70.35209580,0.00000835
1623676122284000,1,54.12552940,0.00000836
1623676122901000,1,43.30042350,0.00000836
1623676165085000,1,529.71888049,0.00000837
1623676184271000,0,728.60000000,0.00000838
1623676205289000,1,728.60000000,0.00000838
1623676219089000,1,34.64033880,0.00000838
1623676226113000,0,3589.40497657,0.00000839
1623676226113000,0,8973.42452670,0.00000839
1623676303897000,0,23399.08668685,0.00000838
1623676313855000,0,23396.07499522,0.00000838
1623676460824000,1,1820.21761148,0.00000838
1623676490835000,0,3585.02432000,0.00000839
1623676490912000,0,0.00000806,0.00000839
1623676503990000,0,8928.50302093,0.00000840
1623676503990000,0,3571.61600519,0.00000840
1623676504894000,1,2499.88097000,0.00000840
1623676507508000,1,0.00000388,0.00000840
1623676647186000,0,728.60000000,0.00000839
1623676731785000,1,3577.27025375,0.00000840
1623676731785000,1,8943.17563438,0.00000840
1623676731785000,1,23252.25664939,0.00000840
1623676735132000,1,728.60000000,0.00000840
1623676736370000,1,2848.67025375,0.00000840
1623676736370000,1,8943.17563438,0.00000840
1623676736370000,1,23252.25664939,0.00000840
1623676752648000,0,3569.91648230,0.00000841
1623676752648000,0,8924.79120576,0.00000841
1623676752648000,0,23204.45712194,0.00000841
1623676752664000,0,0.00001303,0.00000841
1623676814962000,0,1.42325207,0.00000840
1623676923013000,0,728.60000000,0.00000841
1623676923117000,0,2838.90656938,0.00000841
1623676923145000,1,728.59999062,0.00000841
1623676923280000,0,8190.16643282,0.00000841
1623676923280000,0,7809.83356718,0.00000841
1623677013477000,0,7395.01709428,0.00000842
1623677026606000,0,12461.27452000,0.00000842
1623677045375000,1,62.17262550,0.00000842
1623677046035000,1,49.73810040,0.00000842
1623677047743000,1,728.60000000,0.00000842
1623677048670000,0,8863.07463000,0.00000842
1623677062449000,1,3545.22985000,0.00000842
1623677062523000,1,0.00000459,0.00000842
1623677062523000,1,8863.07462541,0.00000842
1623677071780000,1,3545.22985459,0.00000841
1623677076127000,0,3553.67087805,0.00000840
1623677076127000,0,8884.17719513,0.00000840
1623677076127000,0,23098.86068682,0.00000840
1623677076171000,0,0.00002051,0.00000840
1623677253413000,0,0.26714269,0.00000842
1623677303598000,0,728.60000000,0.00000842
1623677377616000,1,1585.51082116,0.00000841
1623677402689000,1,3554.57031082,0.00000841
1623677402689000,1,8886.42577704,0.00000841
1623677402689000,1,23104.70701214,0.00000841
1623677402780000,1,0.00000816,0.00000841
1623677404140000,1,3560.52077833,0.00000840
1623677404249000,1,4600.78644878,0.00000840
1623677404474000,1,2902.78018045,0.00000840
1623677409261000,0,3556.47338492,0.00000841
1623677412139000,1,728.60000000,0.00000841
1623677437093000,0,23089.62204000,0.00000842
1623677437095000,0,0.00000115,0.00000842
1623677437095000,0,728.59999885,0.00000842
1623677437189000,0,8152.02386313,0.00000842
1623677437189000,0,728.59999687,0.00000842
1623677437272000,0,2823.64954792,0.00000842
1623677545262000,0,3555.40645702,0.00000843
1623677545262000,0,8892.16432298,0.00000843
1623677553223000,0,3552.65143827,0.00000844
1623677553223000,0,8881.62858173,0.00000844
1623677556731000,0,22801.03263000,0.00000845
1623677556813000,0,3550.08141487,0.00000845
1623677556813000,0,39.79048030,0.00000845
1623677600942000,0,5327.29695319,0.00000843
1623677600942000,0,15172.70304681,0.00000843
1623677626615000,0,3550.04079609,0.00000844
1623677638446000,0,3549.42668950,0.00000844
1623677640812000,0,8860.82535540,0.00000844
1623677658191000,1,3547.20792000,0.00000844
1623677717090000,0,6000.00000000,0.00000844
1623677717090000,0,12000.00000000,0.00000844
1623677727819000,0,3537.37383138,0.00000845
1623677727819000,0,8843.43457846,0.00000845
1623677727819000,0,22992.92990398,0.00000845
1623677732187000,0,8842.24528624,0.00000845
1623677743479000,0,3537.37383138,0.00000845
1623677743479000,0,8843.43457846,0.00000845
1623677743479000,0,12626.56841016,0.00000845
1623677743689000,0,10366.36149382,0.00000845
1623677767398000,1,728.60000000,0.00000845
1623677843913000,1,3538.37347000,0.00000845
1623677900310000,0,3530.39100380,0.00000843
1623677900762000,1,3530.39100000,0.00000843
1623677916652000,1,3525.94906085,0.00000844
1623677916652000,1,8815.50322269,0.00000844
1623677934776000,0,3530.39100380,0.00000843
1623677948099000,1,3522.26480000,0.00000843
1623678147099000,0,3533.81413241,0.00000844
1623678147099000,0,8828.59345626,0.00000844
1623678147099000,0,3637.59241133,0.00000844
1623678196720000,1,312.92189350,0.00000846
1623678200137000,1,15628.30045000,0.00000846
1623678200252000,1,24000.00000000,0.00000846
1623678200321000,1,62500.00000000,0.00000846
1623678200393000,1,19000.00000000,0.00000846
1623678200481000,1,21000.00000000,0.00000846
1623678201783000,1,8500.00000000,0.00000846
1623678219856000,0,3530.49500000,0.00000844
1623678220186000,0,0.00000364,0.00000844
1623678220186000,0,8826.23749636,0.00000844
1623678220230000,0,0.00001275,0.00000844
1623678616557000,0,3531.98946879,0.00000844
1623678616557000,0,518.70365917,0.00000844
1623678673770000,0,3534.84151000,0.00000843
1623678845865000,0,728.60000000,0.00000844
1623678845960000,0,2802.41055644,0.00000844
1623678845960000,0,332.76864423,0.00000844
1623678845978000,0,2629.22661247,0.00000844
1623678864808000,0,8838.00923177,0.00000845
1623678864808000,0,3532.61701343,0.00000845
1623678900437000,1,728.60000000,0.00000845
1623678913670000,1,5000.00000000,0.00000844
1623678991330000,0,728.60000000,0.00000844
1623678994430000,0,10000.00000000,0.00000844
1623679006212000,1,10000.00000000,0.00000845
1623679105852000,1,728.60000000,0.00000843
1623679284026000,0,3561.22921097,0.00000840
1623679288243000,1,10500.00000000,0.00000840
1623679364250000,0,3563.17981017,0.00000840
1623679402332000,1,6000.00000000,0.00000839
1623679531214000,0,728.60000000,0.00000838
1623679531247000,0,2833.64758748,0.00000838
1623679559329000,0,5344.26615718,0.00000838
1623679559329000,0,23200.39017203,0.00000838
1623679572350000,0,3558.56508308,0.00000839
1623679573554000,0,8896.41270769,0.00000839
1623679648053000,0,8919.69502431,0.00000840
1623679688871000,0,3554.09524890,0.00000840
1623679688871000,0,8885.23812225,0.00000840
1623679839000000,1,728.60000000,0.00000839
1623679869374000,1,4392.64654984,0.00000839
1623679869483000,0,4392.64654984,0.00000839
1623679869491000,0,85.90477544,0.00000839
1623679869491000,0,3548.47915005,0.00000839
1623679941878000,1,359.02343000,0.00000838
1623680105546000,0,1784.73786629,0.00000838
1623680113807000,0,9000.00000000,0.00000838
1623680113967000,0,3554.01506536,0.00000838
1623680115945000,1,8885.03766339,0.00000838
1623680145066000,1,1786.21157000,0.00000838
1623680188385000,1,3550.56255000,0.00000838
1623680223837000,1,3554.30463545,0.00000837
1623680223837000,1,8874.72219607,0.00000837
1623680231645000,0,1.14724342,0.00000836
1623680231645000,0,371.17900658,0.00000836
1623680255346000,0,1.63302277,0.00000837
1623680255346000,0,23076.61715993,0.00000837
1623680270107000,0,1.74887084,0.00000837
1623680287275000,1,3504.17852000,0.00000837
1623680309581000,0,3542.47169926,0.00000836
1623680317862000,0,3538.73401728,0.00000837
1623680317862000,0,8845.79176461,0.00000837
1623680319976000,0,10610.92071434,0.00000837
1623680323964000,0,22998.55581100,0.00000837
1623680363292000,1,82.38086800,0.00000836
1623680468743000,0,728.60000000,0.00000838
1623680477028000,0,3531.54885865,0.00000838
1623680477028000,0,8828.87214662,0.00000838
1623680610046000,1,728.60000000,0.00000838
1623680630474000,0,728.60000000,0.00000838
1623680651018000,1,728.60000000,0.00000838
1623680658323000,0,3539.07943886,0.00000838
1623680711858000,0,728.60000000,0.00000838
1623680751763000,0,8848.24967252,0.00000839
1623680751763000,0,23005.44914855,0.00000839
1623680751763000,0,3536.30793306,0.00000839
1623680823610000,0,8839.33593308,0.00000838
1623680823610000,0,3535.73437323,0.00000838
1623680849646000,0,3535.73437323,0.00000838
1623680849646000,0,8839.33593308,0.00000838
1623680849646000,0,22982.27342600,0.00000838
1623680917535000,1,3535.00445000,0.00000837
1623680918889000,1,0.00000366,0.00000837
1623680918889000,1,728.59999634,0.00000837
1623680919637000,1,8108.91113000,0.00000837
1623681086433000,1,6735.37912261,0.00000838
1623681214909000,1,21000.00000000,0.00000839
1623681475444000,0,8849.61453557,0.00000838
1623681475444000,0,3539.84581423,0.00000838
1623681475444000,0,23008.99779248,0.00000838
1623681505834000,0,3408.85448560,0.00000838
1623681505834000,0,8522.13621400,0.00000838
1623681505834000,0,3592.99488040,0.00000838
1623681591358000,0,3059.14799659,0.00000838
1623681591358000,0,7638.75453262,0.00000838
1623681735510000,0,2817.83540873,0.00000837
1623681735510000,0,7044.44882267,0.00000837
1623681781706000,0,2637.26470485,0.00000837
1623681781706000,0,6593.16176213,0.00000837
1623681781706000,0,17121.76447106,0.00000837
1623681816657000,0,2121.68699344,0.00000838
1623681816657000,0,5304.19996491,0.00000838
1623681816657000,0,13790.38950737,0.00000838
1623681965650000,1,3542.29413832,0.00000838
1623682041651000,0,1722.31904948,0.00000839
1623682041651000,0,4305.76241155,0.00000839
1623682041651000,0,11194.81918897,0.00000839
1623682041966000,0,0.00001302,0.00000839
1623682084556000,0,1245.58880706,0.00000840
1623682084556000,0,3113.97201765,0.00000840
1623682084556000,0,8096.32724590,0.00000840
1623682100230000,1,2570.37407000,0.00000839
1623682160873000,0,1022.90140118,0.00000839
1623682160873000,0,2557.25350296,0.00000839
1623682160873000,0,6640.94378586,0.00000839
1623682160920000,0,0.00001338,0.00000839
1623682380042000,0,513.16816283,0.00000840
1623682380042000,0,1282.92040707,0.00000840
1623682380042000,0,3335.59141010,0.00000840
1623682563318000,0,184.73289147,0.00000842
1623682673618000,1,3543.02782640,0.00000840
1623682673618000,1,8853.73988174,0.00000840
1623682673618000,1,23019.82256982,0.00000840
1623682714360000,0,817.94705804,0.00000841
1623682714360000,0,8112.83119196,0.00000841
1623682714473000,0,0.00001725,0.00000841
1623682818554000,0,1093.42240417,0.00000841
1623682821915000,0,6280.32933484,0.00000841
1623682834457000,0,6022.15729840,0.00000842
1623682834457000,0,2318.28928422,0.00000842
1623682834457000,0,927.31571369,0.00000842
1623682884704000,0,702.36310958,0.00000843
1623682884704000,0,26.23689042,0.00000843
1623683087727000,0,1825.82671654,0.00000843
1623683087727000,0,730.33068662,0.00000843
1623683087727000,0,4747.13260684,0.00000843
1623683089528000,1,728.60000000,0.00000843
1623683089700000,1,2818.37869000,0.00000843
1623683091939000,0,566.40312036,0.00000843
1623683091939000,0,162.19687964,0.00000843
1623683131296000,0,1513.38454138,0.00000842
1623683135251000,1,728.60000000,0.00000842
1623683180699000,0,587.67519329,0.00000842
1623683180699000,0,140.92480671,0.00000842
1623683180860000,0,1328.26317651,0.00000842
1623683180860000,0,3815.35744349,0.00000842
1623683247659000,0,1001.82307840,0.00000843
1623683260343000,0,1005.44099126,0.00000844
1623683362739000,0,410.17507847,0.00000844
1623683502963000,1,728.60000000,0.00000843
1623683749794000,1,2796.67289000,0.00000841
1623683840579000,0,2633.08894000,0.00000841
1623683840593000,0,0.00000145,0.00000841
1623683985862000,1,717.72161000,0.00000841
1623684132465000,0,728.60000000,0.00000840
1623684273056000,1,2440.42555000,0.00000839
1623684273184000,1,0.00000478,0.00000839
1623684375388000,1,728.60000000,0.00000839
1623684375510000,1,8144.57240001,0.00000839
1623684375609000,0,3549.68040218,0.00000839
1623684401784000,0,2265.27191799,0.00000839
1623684401784000,0,906.10876720,0.00000839
1623684401784000,0,5889.70698678,0.00000839
1623684540243000,1,1008.47104000,0.00000839
1623684574873000,0,3866.61670414,0.00000839
1623684582709000,0,711.93812796,0.00000839
1623684712100000,0,6867.21225934,0.00000840
1623684712100000,0,2641.23548436,0.00000840
1623684712100000,0,1056.49419374,0.00000840
1623684737062000,0,728.60000000,0.00000840
1623684810813000,1,728.60000000,0.00000840
1623684951254000,1,1965.74167000,0.00000840
1623685337397000,0,4373.08398158,0.00000841
1623685351574000,0,694.39290459,0.00000841
1623685351574000,0,34.20709541,0.00000841
1623685684784000,0,510.03508164,0.00000840
1623685684784000,0,3315.22803063,0.00000840
1623685684784000,0,1275.08770409,0.00000840
1623685736764000,1,53.20493290,0.00000840
1623685744520000,0,377.93348197,0.00000841
1623685744520000,0,171.33476326,0.00000841
1623685748163000,0,118.16211259,0.00000841
1623685748163000,0,2383.92863466,0.00000841
1623685876458000,0,310.39470793,0.00000841
1623685876458000,0,775.98676983,0.00000841
1623685876458000,0,2017.56560156,0.00000841
1623685876458000,0,4391.08347068,0.00000841
1623685876950000,1,3551.64590374,0.00000840
1623685876950000,1,8879.11475936,0.00000840
1623685876950000,1,11569.23933690,0.00000840
1623685911187000,1,583.47619047,0.00000840
1623685911203000,1,544.23809523,0.00000840
1623685911215000,1,523.95238095,0.00000840
1623685921746000,0,2043.37330129,0.00000840
1623685955980000,1,114.83006708,0.00000840
1623686041973000,0,5019.89619904,0.00000841
1623686041973000,0,1937.19618811,0.00000841
1623686041973000,0,774.87847524,0.00000841
1623686094529000,0,600.70117517,0.00000841
1623686094529000,0,1501.75293792,0.00000841
1623686094529000,0,3899.92039673,0.00000841
1623686118104000,1,3092.22249726,0.00000841
1623686118159000,1,594.65817255,0.00000841
1623686118201000,1,2854.35922825,0.00000841
1623686118255000,1,1902.90615217,0.00000841
1623686118287000,1,416.55865728,0.00000841
1623686118287000,1,10406.22008319,0.00000841
1623686118330000,1,832.52144157,0.00000841
1623686118369000,1,11808.22256990,0.00000841
1623686154393000,1,728.60000000,0.00000841
1623686154459000,1,2818.08995181,0.00000841
1623686154459000,1,8866.21571407,0.00000841
1623686155489000,1,3071.20344143,0.00000840
1623686155603000,1,5953.83964309,0.00000840
1623686155670000,1,952.61434289,0.00000840
1623686268087000,1,3547.42604865,0.00000841
1623686319688000,1,3551.67229739,0.00000840
1623686355636000,0,728.60000000,0.00000840
1623686359414000,0,11329.78875000,0.00000840
1623686387188000,1,3550.34774829,0.00000840
1623686387188000,1,8875.56090140,0.00000840
1623686410292000,1,8868.90555465,0.00000840
1623686410292000,1,23060.55066535,0.00000840
1623686417808000,0,2168.35254184,0.00000841
1623686424291000,1,1621.39885000,0.00000841
1623686430116000,1,5255.25238566,0.00000841
1623686454067000,1,3540.53894608,0.00000841
1623686454067000,1,1959.46105392,0.00000841
1623686460349000,0,2834.99150590,0.00000841
1623686460349000,0,7087.47876474,0.00000841
1623686460349000,0,18405.55944936,0.00000841
1623686599022000,0,947.68182382,0.00000842
1623686599022000,0,1801.71009523,0.00000842
1623686599022000,0,11711.11560095,0.00000842
1623686693630000,0,1436.55800784,0.00000845
1623686694240000,0,3595.64519000,0.00000845
1623686716365000,0,1326.45819016,0.00000847
1623686734865000,1,728.60000000,0.00000848
1623686735178000,1,2793.27735596,0.00000848
1623686755958000,0,728.60000000,0.00000848
1623686756093000,0,171.16523694,0.00000848
1623686756093000,0,4407.95316276,0.00000848
1623686756093000,0,11460.67821030,0.00000848
1623686775157000,0,1349.36364276,0.00000849
1623686775157000,0,3369.44039029,0.00000849
1623686775157000,0,8760.54500695,0.00000849
1623686783930000,1,728.60000000,0.00000850
1623686785017000,1,8056.74766368,0.00000850
1623686786177000,0,728.60000000,0.00000850
1623686793953000,0,7760.84165749,0.00000851
1623686793953000,0,2988.37190251,0.00000851
1623686794584000,0,0.00000997,0.00000851
1623686794808000,0,2863.69494488,0.00000851
1623686795932000,0,786.28878755,0.00000851
1623686795932000,0,2852.97925789,0.00000851
1623686797286000,0,2927.62824000,0.00000851
1623686797305000,0,0.00000576,0.00000851
1623686799020000,0,2881.53173476,0.00000852
1623686799020000,0,2551.12998747,0.00000852
1623686799020000,0,6632.93796742,0.00000852
1623686799020000,0,1020.45197035,0.00000852
1623686799243000,0,0.00002464,0.00000852
1623686802763000,1,3504.31414000,0.00000852
1623686820335000,1,728.60000000,0.00000853
1623686820416000,1,8019.95253522,0.00000853
1623686820416000,1,728.59999478,0.00000853
1623686823792000,0,1061.40932563,0.00000853
1623686823792000,0,2653.52331408,0.00000853
1623686823792000,0,6899.12195599,0.00000853
1623686827624000,1,3497.41020000,0.00000854
1623686830506000,0,728.60000000,0.00000854
1623686833366000,0,4785.26444000,0.00000854
1623686833884000,0,0.00000117,0.00000854
1623686949950000,0,4325.88619000,0.00000857
1623687008084000,0,778.10225352,0.00000858
1623687008084000,0,1947.16457194,0.00000858
1623687008250000,1,777.05240426,0.00000858
1623687021841000,1,3485.42394230,0.00000859
1623687033915000,0,6223.73596422,0.00000859
1623687033915000,0,956.59364782,0.00000859
1623687033915000,0,2391.48409796,0.00000859
1623687059982000,1,3486.28049634,0.00000858
1623687059982000,1,9500.00000000,0.00000858
1623687070851000,1,728.60000000,0.00000858
1623687071005000,1,5869.85676553,0.00000858
1623687091119000,1,8720.14399845,0.00000858
1623687105179000,0,1618.44326085,0.00000858
1623687105179000,0,4045.99698511,0.00000858
1623687105179000,0,10519.26814881,0.00000858
1623687105179000,0,3316.29160523,0.00000858
1623687105265000,0,1008.63129000,0.00000858
1623687106615000,0,0.00001876,0.00000858
1623687153678000,1,3494.08380979,0.00000857
1623687157495000,0,1488.66892100,0.00000857
1623687172866000,1,3493.63964936,0.00000857
1623687172866000,1,5814.72459064,0.00000857
1623687172935000,1,2921.12568000,0.00000857
1623687188824000,0,3017.00131000,0.00000855
1623687201847000,0,728.60000000,0.00000856
1623687207680000,0,1792.13375787,0.00000857
1623687207680000,0,4480.33439467,0.00000857
1623687207680000,0,9727.53184746,0.00000857
1623687212382000,1,3512.50487000,0.00000857
1623687212474000,1,0.00000211,0.00000857
1623687226297000,0,1559.55248315,0.00000856
1623687226297000,0,1940.44751685,0.00000856
1623687267338000,1,3514.63027705,0.00000856
1623687271603000,0,1494.16918721,0.00000856
1623687354025000,0,1236.32438739,0.00000857
1623687356279000,0,468.53947427,0.00000857
1623687356279000,0,1222.75908023,0.00000857
1623687356313000,0,1008.96732788,0.00000857
1623687356377000,0,2030.43324603,0.00000857
1623687356377000,0,1206.25520204,0.00000857
1623687356528000,0,2916.11668611,0.00000857
1623687356813000,0,194.90307651,0.00000857
1623687356813000,0,4083.64788928,0.00000857
1623687357310000,0,4366.31971997,0.00000857
1623687357380000,0,950.94288543,0.00000857
1623687357957000,0,1821.98262253,0.00000857
1623687364336000,0,1398.09293461,0.00000857
1623687364336000,0,73.39481335,0.00000857
1623687364933000,0,303.30881019,0.00000857
1623687366515000,1,8718.58229194,0.00000857
1623687366515000,1,22659.78979617,0.00000857
1623687376496000,1,8718.91368359,0.00000857
1623687376496000,1,15864.45707641,0.00000857
1623687376588000,1,6795.80479000,0.00000857
1623687377258000,1,0.00000433,0.00000857
1623687385212000,1,102.60000000,0.00000856
1623687431920000,1,4722.62615891,0.00000857
1623687450859000,0,7564.49865772,0.00000857
1623687450902000,0,7229.07817969,0.00000857
1623687450958000,0,5134.34851439,0.00000857
1623687450958000,0,2105.72149727,0.00000857
1623687451154000,0,959.39326287,0.00000857
1623687451154000,0,7662.75937825,0.00000857
1623687481991000,0,3484.71216415,0.00000858
1623687489676000,1,3426.79332712,0.00000858
1623687498806000,1,8707.04665000,0.00000858
1623687503820000,1,8707.04665867,0.00000857
1623687503820000,1,3485.22013133,0.00000857
1623687503940000,1,0.00001369,0.00000857
1623687517685000,0,4897.72518390,0.00000857
1623687517685000,0,21780.39743361,0.00000857
1623687517685000,0,3350.72163624,0.00000857
1623687573879000,1,3483.47924000,0.00000858
1623687588991000,1,3477.49668000,0.00000859
1623687589746000,1,0.00000315,0.00000859
1623687589746000,1,8700.38803685,0.00000859
1623687616583000,0,20403.76510211,0.00000860
1623687616583000,0,3132.18862342,0.00000860
1623687616583000,0,3791.68421447,0.00000860
1623687632228000,1,8696.32481771,0.00000859
1623687632228000,1,22611.61080579,0.00000859
1623687632260000,0,3481.47733650,0.00000859
1623687639636000,1,728.60000000,0.00000859
1623687666919000,0,3487.01456644,0.00000859
1623687695293000,1,3485.88185733,0.00000859
1623687696452000,1,3485.98738335,0.00000858
1623687696452000,1,3485.88184665,0.00000858
1623687700953000,0,3489.51399996,0.00000858
1623687700953000,0,8723.78499990,0.00000858
1623687712833000,1,22654.27082000,0.00000859
1623687733865000,1,22656.26337414,0.00000858
1623687733865000,1,1843.73662586,0.00000858
1623687734326000,1,6871.93493221,0.00000858
1623687734326000,1,3486.92116115,0.00000858
1623687770228000,0,523.89651435,0.00000858
1623687884613000,1,4.13078460,0.00000859
1623687884770000,0,2670.15487760,0.00000860
1623687884863000,0,2888.92098801,0.00000860
1623687885222000,0,577.78419760,0.00000860
1623687902831000,0,2851.97144225,0.00000859
1623687903006000,0,648.82502220,0.00000859
1623687912357000,0,1.72352039,0.00000860
1623687912357000,0,22755.17700961,0.00000860
1623687912509000,0,0.00000934,0.00000860
1623687928881000,1,0.71622528,0.00000860
1623687928881000,1,19999.28377472,0.00000860
1623688009893000,0,518.77299185,0.00000859
1623688023358000,0,2977.47346381,0.00000859
1623688073841000,0,17501.15408568,0.00000859
1623688144877000,1,4334.46498661,0.00000859
1623688158475000,0,2831.46017996,0.00000859
1623688161496000,0,674.02731718,0.00000859
1623688161496000,0,6477.95987724,0.00000859
1623688162712000,0,499.98311314,0.00000859
1623688177309000,0,5255.62599285,0.00000859
1623688223953000,0,946.51432558,0.00000860
1623688224088000,0,495.76511627,0.00000860
1623688235107000,0,2086.95226835,0.00000860
1623688235107000,0,3166.10005724,0.00000860
1623688249063000,0,5314.66511628,0.00000860
1623688254908000,1,8753.11154805,0.00000859
1623688254908000,1,3501.68423166,0.00000859
1623688271911000,0,3504.71335264,0.00000859
1623688271911000,0,3708.56371371,0.00000859
1623688272635000,0,709.96158324,0.00000859
1623688355921000,0,429.30652680,0.00000858
1623688363834000,0,6575.53986000,0.00000858
1623688374202000,0,2958.65545455,0.00000858
1623688408582000,1,3506.02586275,0.00000858
1623688408592000,1,834.54316490,0.00000858
1623688429460000,0,1.21790357,0.00000859
1623688429460000,0,4338.34738193,0.00000859
1623688504334000,0,3513.73132117,0.00000858
1623688504334000,0,2816.60690472,0.00000858
1623688504626000,0,1160.13519813,0.00000858
1623688642512000,1,3515.76074012,0.00000857
1623688743230000,0,5290.90586848,0.00000857
1623688743230000,0,3527.67953710,0.00000857
1623688762099000,0,3527.67953710,0.00000857
1623688766967000,0,3527.67953710,0.00000857
1623688766967000,0,8819.19884274,0.00000857
1623688801256000,1,530.06892523,0.00000856
1623688902788000,1,43896.70622237,0.00000855
1623688904082000,1,93823.23000000,0.00000855
1623688904206000,1,43928.95184715,0.00000855
1623688904709000,1,27278.80520533,0.00000855
1623688934641000,1,3552.56871514,0.00000854
1623688965892000,0,23111.29616583,0.00000853
1623688965892000,0,4407.63651006,0.00000853
1623688997656000,0,3561.76306588,0.00000853
1623688997656000,0,8904.40766470,0.00000853
1623688997656000,0,23151.45992821,0.00000853
1623689012562000,1,23178.78274973,0.00000851
1623689013146000,1,12588.23529411,0.00000850
1623689013149000,1,4373.89692144,0.00000850
1623689013324000,1,3999.99999999,0.00000850
1623689014792000,1,2377.28266757,0.00000850
1623689028852000,0,728.60000000,0.00000850
1623689045367000,0,3571.67473635,0.00000851
1623689081730000,1,8939.69176658,0.00000850
1623689081733000,1,23243.19859311,0.00000850
1623689092924000,1,3561.15382000,0.00000851
1623689093192000,1,0.00000341,0.00000851
1623689093192000,1,5369.89565659,0.00000851
1623689093275000,1,3561.15382000,0.00000851
1623689107700000,1,2958.20890073,0.00000850
1623689107763000,1,2073.48178157,0.00000850
1623689108111000,1,3914.92326947,0.00000850
1623689108111000,1,1757.35182997,0.00000850
1623689139635000,1,4407.11074014,0.00000851
1623689175201000,0,3290.66935810,0.00000852
1623689175201000,0,8216.95872728,0.00000852
1623689175201000,0,21363.89914061,0.00000852
1623689282884000,1,8892.47501000,0.00000853
1623689300131000,1,728.60000000,0.00000853
1623689303681000,0,728.60000000,0.00000852
1623689303782000,0,4797.16240728,0.00000852
1623689303782000,0,6914.64510272,0.00000852
1623689405386000,1,8910.12616298,0.00000852
1623689405386000,1,3564.30724702,0.00000852
1623689405783000,1,0.00000820,0.00000852
1623689457641000,0,2789.17924858,0.00000852
1623689457641000,0,6972.94812144,0.00000852
1623689457641000,0,18129.66509998,0.00000852
1623689457885000,0,0.00001577,0.00000852
1623689570893000,1,728.60000000,0.00000852
1623689571000000,1,2833.43794000,0.00000852
1623689698096000,1,12588.96060000,0.00000851
1623689698422000,1,8906.64702000,0.00000851
1623689742915000,0,131.86635400,0.00000852
1623689757054000,1,3565.35089679,0.00000851
1623689757054000,1,8911.01495184,0.00000851
1623689775161000,0,20617.84276000,0.00000850
1623689979908000,0,728.60000000,0.00000850
1623689993280000,0,3025.84097110,0.00000850
1623690030853000,1,728.60000000,0.00000850
1623690038669000,1,439.69658422,0.00000849
1623690038947000,1,753.82803297,0.00000849
1623690052010000,0,3000.98229073,0.00000849
1623690052010000,0,7493.62930831,0.00000849
1623690052010000,0,19483.43620161,0.00000849
1623690095828000,1,1613.29803767,0.00000850
1623690122947000,0,728.60000000,0.00000850
1623690123839000,0,1630.64485366,0.00000850
1623690123839000,0,5898.11213414,0.00000850
1623690123839000,0,15335.09154877,0.00000850
1623690152929000,0,1830.56583777,0.00000851
1623690152929000,0,4576.41459444,0.00000851
1623690152929000,0,11898.67794554,0.00000851
1623690155799000,0,1418.20200443,0.00000851
1623690155799000,0,3545.50501107,0.00000851
1623690155799000,0,9218.31302879,0.00000851
1623690223405000,0,4356.83733725,0.00000851
1623690249211000,0,2943.93077795,0.00000852
1623690342234000,0,5750.34271000,0.00000852
1623690342456000,0,0.00000021,0.00000852
1623690590587000,1,1212.09085000,0.00000856
1623690612386000,1,8675.89096467,0.00000856
1623690612386000,1,18824.10903533,0.00000856
1623690612387000,1,728.60000000,0.00000856
1623690612458000,1,3378.65429386,0.00000856
1623690640008000,0,2613.22177968,0.00000855
1623690641449000,0,1767.42213424,0.00000855
1623690641576000,1,4380.64391392,0.00000855
1623690642570000,1,2684.39389015,0.00000855
1623690788882000,1,5767.76371344,0.00000855
1623690788903000,1,3094.73699228,0.00000855
1623690788903000,1,5035.54403468,0.00000855
1623690789158000,1,3545.85307957,0.00000854
1623690789158000,1,2697.70001383,0.00000854
1623690789464000,1,5919.31255571,0.00000854
1623690789493000,1,247.81253558,0.00000854
1623690789493000,1,2524.67178584,0.00000854
1623690789493000,1,1168.91143188,0.00000854
1623690789517000,1,3661.55102365,0.00000854
1623690799619000,0,4518.26397000,0.00000853
1623690856464000,1,1022.50688812,0.00000854
1623690933821000,1,4381.67440555,0.00000854
1623690933911000,0,9637.99901336,0.00000854
1623690933911000,0,5614.98872764,0.00000854
1623690935894000,1,2888.73492435,0.00000854
1623690993540000,1,3550.57831561,0.00000853
1623691004632000,1,3550.34929306,0.00000853
1623691029521000,0,728.60000000,0.00000853
1623691029856000,0,1786.78196474,0.00000853
1623691029856000,0,12326.35971349,0.00000853
1623691035773000,1,728.59999177,0.00000853
1623691040668000,1,3658.63504137,0.00000853
1623691063492000,1,728.60000000,0.00000853
1623691161785000,1,3550.78041923,0.00000853
1623691166313000,1,3550.44312889,0.00000853
1623691209227000,1,3554.09426587,0.00000852
1623691212237000,0,4402.22063360,0.00000852
1623691212500000,1,4483.88653376,0.00000852
1623691235183000,0,1974.68117040,0.00000852
1623691247074000,1,8884.82269002,0.00000851
1623691247074000,1,3554.89551862,0.00000851
1623691247758000,0,728.60000000,0.00000851
1623691476781000,1,1770.89346238,0.00000851
1623691476781000,1,8864.62172661,0.00000851
1623691482338000,0,3547.58204783,0.00000851
1623691573527000,1,728.60000000,0.00000850
1623691573635000,1,18592.95410232,0.00000850
1623691939644000,1,3554.76944533,0.00000849
1623691946846000,0,3554.66054979,0.00000849
1623691953493000,0,850.27838391,0.00000849
1623691967698000,1,3555.23442060,0.00000849
1623691982796000,0,3554.33648118,0.00000849
1623692021333000,1,10671.89894071,0.00000848
1623692027744000,1,23118.47085186,0.00000848
1623692073477000,0,511.21464845,0.00000848
1623692073611000,0,1568.08260989,0.00000848
1623692116464000,0,3558.77174886,0.00000848
1623692116464000,0,815.35342610,0.00000848
1623692193275000,1,3559.55114000,0.00000849
1623692206319000,1,3559.31631594,0.00000849
1623692222907000,0,3549.11717000,0.00000850
1623692222996000,0,0.00000761,0.00000850
1623692222996000,0,8872.66048951,0.00000850
1623692222996000,0,23068.23984288,0.00000850
1623692223152000,0,0.00002126,0.00000850
1623692419912000,1,3541.69840114,0.00000849
1623692456358000,0,728.60000000,0.00000849
1623692463700000,0,5981.26837186,0.00000849
1623692838765000,1,728.60000000,0.00000851
1623692882112000,1,3540.68326797,0.00000851
1623692892878000,0,728.60000000,0.00000851
1623693048916000,0,530.06892523,0.00000851
1623693048916000,0,3285.79921976,0.00000851
1623693048916000,0,8214.49804939,0.00000851
1623693120851000,0,3802.11081000,0.00000851
1623693428943000,1,5633.45779000,0.00000852
1623693481496000,1,4378.90500875,0.00000851
1623693533662000,1,728.60000000,0.00000851
1623693533824000,1,14155.91708000,0.00000851
1623693683759000,0,728.60000000,0.00000851
1623693869883000,0,3976.30892098,0.00000852
1623693953235000,0,2324.67130034,0.00000852
1623694316393000,1,728.60000000,0.00000851
1623694438683000,0,728.60000000,0.00000851
1623694498092000,1,728.60000000,0.00000851
1623694598179000,0,21846.35116825,0.00000852
1623694598179000,0,3355.44706273,0.00000852
1623694598179000,0,8398.85478902,0.00000852
1623694598256000,0,0.00001336,0.00000852
1623694598894000,0,3365.91634338,0.00000853
1623694598894000,0,8414.79085845,0.00000853
1623694598894000,0,21878.45623196,0.00000853
1623694609483000,1,3538.17019000,0.00000854
1623694783517000,0,4395.25624000,0.00000853
1623694784257000,0,0.00000252,0.00000853
1623694784257000,0,728.59999748,0.00000853
1623694795322000,0,1678.49306265,0.00000854
1623694795322000,0,4369.18615231,0.00000854
1623694803657000,1,2788.91954370,0.00000854
1623694803789000,1,6062.69936131,0.00000854
1623694803789000,1,23001.71987869,0.00000854
1623694877926000,0,844.21822212,0.00000855
1623695142693000,1,728.60000000,0.00000854
1623695292177000,1,710.03955253,0.00000854
1623695657140000,1,7840.05446010,0.00000852
1623695657240000,1,7211.88257062,0.00000852
1623695657240000,1,8894.54574060,0.00000852
1623695657240000,1,3559.07201878,0.00000852
1623695657453000,1,0.00000585,0.00000852
1623695692712000,1,6405.15846000,0.00000852
1623695736042000,0,1994.29403000,0.00000851
1623695857927000,1,336.23914740,0.00000850
1623695886591000,1,1539.94061165,0.00000850
1623695886614000,1,2872.19530495,0.00000850
1623695886620000,1,2963.76123110,0.00000850
1623695887571000,0,8233.09308306,0.00000850
1623695993129000,0,332.50176263,0.00000851
1623696022244000,0,290.70657276,0.00000852
1623696022542000,1,1657.96650103,0.00000852
1623696022563000,1,2756.83025897,0.00000852
1623696023741000,1,1351.48437957,0.00000853
1623696023742000,1,3378.71094893,0.00000853
1623696023749000,1,8784.64846722,0.00000853
1623696212750000,0,728.60000000,0.00000851
1623696239382000,1,387.61626734,0.00000851
1623696239382000,1,340.98373266,0.00000851
1623696239708000,1,22823.89444888,0.00000851
1623696262926000,1,1169.99369998,0.00000850
1623696264286000,1,8924.97937726,0.00000850
1623696264286000,1,3570.78244630,0.00000850
1623696274061000,1,290.70657276,0.00000849
1623696286744000,1,2507.72767000,0.00000851
1623696288124000,1,0.00000798,0.00000851
1623696288124000,1,23201.68752202,0.00000851
1623696454890000,1,3567.73112596,0.00000851
1623696482822000,1,909.28928387,0.00000850
1623696482855000,1,2471.08120931,0.00000850
1623696482872000,1,2630.26595643,0.00000850
1623696482872000,1,1723.54598242,0.00000850
1623696482965000,1,7190.70434708,0.00000850
1623696483030000,1,1764.70588237,0.00000850
1623696483070000,1,8836.87272563,0.00000850
1623696498973000,1,3576.41052000,0.00000850
1623696499077000,1,0.00000877,0.00000850
1623696509617000,1,3579.17795720,0.00000848
1623696509617000,1,8948.18247451,0.00000848
1623696509617000,1,23267.50540166,0.00000848
1623696511190000,1,780.43487764,0.00000847
1623696511449000,1,2798.74307956,0.00000847
1623696511449000,1,271.66679696,0.00000847
1623696511464000,1,826.64879263,0.00000847
1623696511502000,1,472.37073594,0.00000847
1623696512808000,1,7385.46107908,0.00000847
1623696520320000,0,8239.24017000,0.00000847
1623696521525000,0,0.00000557,0.00000847
1623696530029000,0,8179.28461399,0.00000848
1623696530119000,1,779.43753562,0.00000848
1623696531461000,1,3573.59911205,0.00000847
1623696531461000,1,531.20660795,0.00000847
1623696531565000,1,0.00000362,0.00000847
1623696565138000,0,83.76962190,0.00000846
1623696567639000,0,51.17493790,0.00000845
1623696569947000,0,728.60000000,0.00000846
1623696570213000,0,22537.99152000,0.00000846
1623696571055000,0,54.97284350,0.00000846
1623696571678000,0,7259.30424000,0.00000846
1623696619642000,0,23403.91134549,0.00000847
1623696619642000,0,3598.71486392,0.00000847
1623696619642000,0,8996.41976059,0.00000847
1623696639088000,1,2.03577378,0.00000847
1623696677677000,0,3602.53258040,0.00000845
1623696677677000,0,9006.33145101,0.00000845
1623696677677000,0,23416.46177263,0.00000845
1623696761834000,0,3595.46929162,0.00000847
1623696761834000,0,8988.49599181,0.00000847
1623696761834000,0,23369.74021077,0.00000847
1623696788674000,0,1320.76569000,0.00000846
1623696788691000,0,0.00000247,0.00000846
1623696788691000,0,4459.12737637,0.00000847
1623696789265000,0,531.20661156,0.00000848
1623696789265000,0,2982.01452185,0.00000848
1623696789265000,0,7455.03630461,0.00000848
1623696789265000,0,19383.09439199,0.00000848
1623696790019000,1,3206.99269534,0.00000848
1623696792111000,1,3587.59540539,0.00000849
1623696792111000,1,10000.00000000,0.00000849
1623696794835000,1,3589.61071000,0.00000849
1623696795539000,1,0.00000142,0.00000849
1623696795539000,1,8972.92285858,0.00000849
1623696795544000,1,0.00000641,0.00000849
1623696796632000,1,3223.57502000,0.00000849
1623696823531000,0,1271.75068000,0.00000848
1623697093248000,0,3107.75637300,0.00000848
1623697093248000,0,8080.16656980,0.00000848
1623697104558000,1,14441.91209000,0.00000848
1623697104562000,1,0.00000026,0.00000848
1623697111404000,0,582.40666196,0.00000848
1623697264008000,0,8481.32429035,0.00000849
1623697264008000,0,1303.28404027,0.00000849
1623697264008000,0,3258.21010068,0.00000849
1623697265552000,1,3585.10845000,0.00000849
1623697265659000,1,0.00000222,0.00000849
1623697268469000,0,1090.23311161,0.00000849
1623697268469000,0,2725.58277903,0.00000849
1623697268469000,0,7086.51522549,0.00000849
1623697319383000,1,332.50176263,0.00000849
1623697322165000,1,3253.54032000,0.00000849
1623697505828000,1,728.60000000,0.00000847
1623697570294000,1,3597.00088931,0.00000848
1623697593749000,1,4694.58760682,0.00000847
1623697593831000,1,11461.01247300,0.00000847
1623697613096000,0,3753.12500000,0.00000848
1623697625977000,1,3601.97953000,0.00000847
1623697626066000,1,0.00000796,0.00000847
1623697626066000,1,9004.69994182,0.00000847
1623697626066000,1,23414.16340089,0.00000847
1623697626768000,1,3601.77968547,0.00000846
1623697626768000,1,1995.98869315,0.00000846
1623697626774000,1,392.42575862,0.00000846
1623697626807000,1,3396.17471454,0.00000846
1623697626840000,1,787.38245311,0.00000846
1623697626842000,1,2007.48532233,0.00000846
1623697635543000,1,23442.74102766,0.00000845
1623697638980000,1,23476.64947274,0.00000844
1623697671540000,0,3619.80843304,0.00000843
1623697671540000,0,9050.08071638,0.00000843
1623697671540000,0,23529.14189058,0.00000843
1623697673857000,0,728.60000000,0.00000844
1623697673908000,0,15500.00000000,0.00000844
1623697675780000,1,3613.28380715,0.00000844
1623697675780000,1,9033.47270285,0.00000844
1623697680989000,0,2500.00000000,0.00000844
1623697720483000,0,3397.41339304,0.00000844
1623697777134000,0,8015.61773417,0.00000845
1623697777134000,0,21562.60442570,0.00000845
1623697871649000,1,4482.89533045,0.00000845
1623697893149000,0,16598.36277807,0.00000845
1623697927047000,1,3619.11215000,0.00000846
1623697939945000,1,9031.95684000,0.00000847
1623697963587000,0,2493.21445614,0.00000846
1623697969215000,1,2437.05082198,0.00000846
1623697969224000,1,2050.82569928,0.00000846
1623697975872000,1,728.60000000,0.00000847
1623697975987000,1,8307.15329000,0.00000847
1623698001817000,1,3628.72565000,0.00000847
1623698032623000,0,728.60000000,0.00000847
1623698032725000,0,1892.63818000,0.00000847
1623698033928000,0,0.00000547,0.00000847
1623698033928000,0,6545.36774453,0.00000847
1623698075519000,1,9057.53601000,0.00000848
1623698144775000,1,3620.28137000,0.00000848
1623698144790000,1,0.00000475,0.00000848
1623698182565000,1,728.60000000,0.00000848
1623698182780000,0,2377.42487000,0.00000848
1623698182851000,1,4288.85819000,0.00000848
1623698196392000,0,2940.60466000,0.00000847
1623698219960000,1,14500.00000000,0.00000847
1623698220153000,0,893.38713775,0.00000847
1623698245782000,0,15953.85866350,0.00000848
1623698245782000,0,6133.31420220,0.00000848
1623698245782000,0,2455.45468430,0.00000848
1623698254703000,0,1904.77102089,0.00000848
1623698259674000,1,23514.31073000,0.00000848
1623698307275000,1,3617.61632000,0.00000848
1623698353500000,0,6175.34621250,0.00000847
1623698383314000,1,23553.23917000,0.00000849
1623698473145000,1,3615.16118546,0.00000850
1623698483449000,0,3001.89938502,0.00000850
1623698526299000,1,3608.05871196,0.00000850
1623698542083000,0,3091.20626040,0.00000849
1623698542083000,0,7728.01565099,0.00000849
1623698824767000,1,2321.92125279,0.00000849
1623698824916000,1,2142.02810828,0.00000849
1623698825015000,0,418.19560336,0.00000849
1623698877821000,1,200.00000000,0.00000849
1623698877821000,1,3607.08552001,0.00000849
1623698928895000,1,3611.17873963,0.00000849
1623698969233000,0,4338.42320000,0.00000848
1623698988526000,1,1650.88418178,0.00000848
1623698992360000,0,2477.93360151,0.00000848
1623698992360000,0,6187.53737950,0.00000848
1623698992360000,0,16087.59718669,0.00000848
1623699028080000,1,4476.57831501,0.00000848
1623699028199000,0,4476.57831501,0.00000848
1623699143152000,0,40.62544169,0.00000849
1623699166709000,0,11171.49922000,0.00000847
1623699166895000,0,4296.62901000,0.00000847
1623699309168000,0,1370.20781978,0.00000848
1623699309168000,0,8906.35082859,0.00000848
1623699309168000,0,3425.51954946,0.00000848
1623699321198000,0,728.60000000,0.00000848
1623699321806000,0,224.97508514,0.00000848
1623699321806000,0,2383.93771286,0.00000848
1623699321806000,0,6190.93740200,0.00000848
1623699372709000,0,738.93213709,0.00000848
1623699372709000,0,1847.33034273,0.00000848
1623699394466000,1,728.60000000,0.00000848
1623699394670000,1,2877.56855629,0.00000848
1623699394670000,1,9012.88048776,0.00000848
1623699394670000,1,23433.48924595,0.00000848
1623699440919000,1,397.39273902,0.00000848
1623699452959000,0,3758.83011509,0.00000849
1623699452959000,0,9772.95829924,0.00000849
1623699452959000,0,1498.88253453,0.00000849
1623699459173000,0,1163.23706158,0.00000849
1623699459173000,0,2908.07524878,0.00000849
1623699459173000,0,7560.62232677,0.00000849
1623699474902000,0,901.14586950,0.00000849
1623699479384000,0,2250.21424473,0.00000849
1623699479384000,0,5850.55703629,0.00000849
1623699617438000,0,1313.00754146,0.00000848
1623699617438000,0,410.69768346,0.00000848
1623699952470000,1,3594.94145219,0.00000848
1623700098757000,1,3778.54787720,0.00000848
1623700105409000,1,50.01193397,0.00000847
1623700106495000,1,3596.27655699,0.00000848
1623700321589000,1,3599.71175336,0.00000848
1623700332449000,1,9001.49683000,0.00000848
1623700332463000,1,0.00000780,0.00000848
1623700354184000,1,9001.49683780,0.00000847
1623700354184000,1,3600.69261629,0.00000847
1623700378691000,1,5025.21999437,0.00000847
1623700438007000,0,753.84915408,0.00000847
1623700481439000,1,3929.60248000,0.00000848
1623700506276000,1,3601.12407403,0.00000848
1623700540099000,0,4820.44737097,0.00000848
1623700540099000,0,12518.40089930,0.00000848
1623700544055000,0,1537.79247468,0.00000848
1623700544055000,0,1460.34782533,0.00000848
1623700593540000,0,728.60000000,0.00000848
1623700625271000,1,728.60000000,0.00000848
1623700726831000,0,1463.18208000,0.00000849
1623700726903000,0,0.00000783,0.00000849
1623700757263000,1,1135.15071049,0.00000849
1623700757276000,1,3497.39458213,0.00000849
1623700757287000,1,6367.45470738,0.00000849
1623700758317000,0,728.60000000,0.00000849
1623700812827000,1,728.60000000,0.00000849
1623700813081000,1,22605.58927000,0.00000849
1623700875698000,1,3596.75089482,0.00000849
1623700875698000,1,8991.96045518,0.00000849
1623701003779000,1,3595.56664440,0.00000849
1623701003779000,1,8988.97901229,0.00000849
1623701015973000,1,2119.39500000,0.00000849
1623701063292000,1,7926.42217819,0.00000848
1623701182235000,0,2531.43083802,0.00000848
1623701297875000,1,3580.97976065,0.00000848
1623701297875000,1,8952.44940162,0.00000848
1623701297875000,1,23276.32538529,0.00000848
1623701560204000,1,8769.73559665,0.00000847
1623701573808000,1,3587.80241258,0.00000847
1623701666757000,0,1797.93405358,0.00000847
1623701705786000,1,8970.06539836,0.00000846
1623701705786000,1,3588.68451041,0.00000846
1623701705786000,1,23335.25329448,0.00000846
1623701768548000,1,755.76732710,0.00000847
1623701768897000,1,1524.84085594,0.00000847
1623701769015000,1,1306.37489212,0.00000847
1623701769015000,1,8967.45768790,0.00000847
1623701769015000,1,815.25243998,0.00000847
1623701769076000,1,1678.00118063,0.00000847
1623701775136000,1,8967.45768790,0.00000847
1623701793128000,1,23315.38998855,0.00000847
1623701960322000,0,728.60000000,0.00000847
1623702044156000,0,1806.45929480,0.00000848
1623702052256000,0,2639.61073212,0.00000848
1623702052340000,1,947.51957459,0.00000848
1623702057605000,0,3498.55045233,0.00000848
1623702060551000,1,3589.09765378,0.00000848
1623702077320000,1,3589.82172061,0.00000848
1623702095092000,1,3589.88948450,0.00000848
1623702095576000,0,4448.09897144,0.00000848
1623702103343000,1,3587.79845359,0.00000848
1623702167492000,1,3600.19620511,0.00000848
1623702177105000,1,3600.50626953,0.00000848
1623702181747000,0,3594.76512758,0.00000848
1623702184275000,1,728.60000000,0.00000848
1623702242952000,0,17000.00000000,0.00000847
1623702243243000,0,6375.28294735,0.00000847
1623702274763000,0,728.60000000,0.00000847
1623702598348000,1,728.60000000,0.00000847
1623702598481000,1,2874.08663000,0.00000847
1623702625062000,1,3088.00281211,0.00000847
1623702645093000,0,728.60000000,0.00000847
1623702668153000,1,728.60000000,0.00000847
1623702668237000,1,2871.12355203,0.00000847
1623702672806000,1,3599.72355000,0.00000846
1623702672828000,1,0.00000203,0.00000846
1623702709316000,1,8999.32753465,0.00000845
1623702709316000,1,2526.86228535,0.00000845
1623702709685000,1,20907.06255642,0.00000845
1623702710232000,1,23446.06481784,0.00000844
1623702710232000,1,9016.87418525,0.00000844
1623702710232000,1,3606.66155278,0.00000844
1623702714396000,0,3616.04400000,0.00000844
1623702714477000,0,0.00000685,0.00000844
1623702714477000,0,9029.39897315,0.00000844
1623702714488000,0,0.00001315,0.00000844
1623702755356000,1,4500.00000000,0.00000844
1623702755478000,0,2949.84815000,0.00000843
1623702756271000,1,897.63500555,0.00000843
1623702756322000,1,3274.69651205,0.00000843
1623702756335000,1,3291.32835364,0.00000843
1623702756401000,1,6881.86837579,0.00000843
1623702756418000,1,3695.59483000,0.00000843
1623702756432000,1,3615.64390220,0.00000843
1623702902982000,1,4484.10874868,0.00000843
1623702928166000,0,23546.17114826,0.00000844
1623702928166000,0,9055.28119347,0.00000844
1623702928166000,0,398.54765827,0.00000844
1623703042902000,0,9043.62402584,0.00000844
1623703042902000,0,3617.44961034,0.00000844
1623703123459000,0,10853.29650133,0.00000845
1623703123459000,0,9036.24587101,0.00000845
1623703123459000,0,3614.55477292,0.00000845
1623703123894000,1,23484.98440000,0.00000845
1623703126851000,1,4469.75197721,0.00000845
1623703237134000,0,728.60000000,0.00000845
1623703301755000,1,728.60000000,0.00000845
1623703301870000,1,8292.79048538,0.00000845
1623703301870000,1,1722.22511462,0.00000845
1623703323947000,0,728.60000000,0.00000845
1623703364499000,1,728.60000000,0.00000845
1623703394150000,1,3609.62895211,0.00000845
1623703394150000,1,9022.88387770,0.00000845
1623703674096000,0,14417.80178201,0.00000844
1623703679010000,0,728.60000000,0.00000844
1623703736600000,0,23415.69413484,0.00000844
1623703862186000,1,728.60000000,0.00000844
1623703874686000,1,3612.11533202,0.00000844
1623704460004000,0,728.60000000,0.00000844
1623704499697000,0,3595.86561180,0.00000844
1623704499697000,0,8989.66402950,0.00000844
1623704557970000,0,2.41480890,0.00000844
1623704620174000,0,1772.76768943,0.00000844
1623704643350000,1,500.00000000,0.00000843
1623704675912000,1,728.60000000,0.00000843
1623704676034000,0,3500.00000000,0.00000843
1623704689963000,0,728.60000000,0.00000843
1623704792488000,0,23175.61780997,0.00000843
1623704792488000,0,3565.69195581,0.00000843
1623704792488000,0,4761.10503422,0.00000843
1623704805706000,1,728.60000000,0.00000843
1623704899581000,1,8911.76079805,0.00000844
1623704899581000,1,23170.83414884,0.00000844
1623704917460000,1,3569.17524912,0.00000844
1623704917460000,1,5218.98435189,0.00000844
1623704946607000,1,61.60000000,0.00000845
1623704947074000,1,49.30000000,0.00000845
1623704947376000,1,3456.96402042,0.00000845
1623704947376000,1,6543.03597958,0.00000845
1623704947537000,1,39.50000000,0.00000845
1623704947990000,1,31.60000000,0.00000845
1623705195437000,0,1775.23140165,0.00000846
1623705195437000,0,3561.39521022,0.00000846
1623705338894000,1,3569.11074441,0.00000846
1623705348520000,0,3568.99678530,0.00000846
1623705356235000,1,3569.12340698,0.00000846
1623705365526000,1,3565.24114978,0.00000846
1623705372439000,0,846.07414612,0.00000846
1623705376680000,0,3565.23271749,0.00000846
1623705381481000,0,846.04671048,0.00000846
1623705381561000,1,2719.28719716,0.00000846
1623705404507000,1,3562.83113835,0.00000846
1623705404507000,1,8907.30438072,0.00000846
1623705404507000,1,23159.92063240,0.00000846
1623705405112000,1,378.81820696,0.00000845
1623705498313000,1,5352.69878221,0.00000845
1623705498313000,1,23211.13351275,0.00000845
1623705498313000,1,3569.21147309,0.00000845
1623705600246000,0,29.25728028,0.00000845
1623705664548000,0,2892.95100848,0.00000845
1623706885694000,0,30.94979881,0.00000845
1623706886124000,0,3581.25794000,0.00000844
1623706888153000,0,3581.25794780,0.00000844
1623706889855000,1,5371.88691220,0.00000844
1623706889855000,1,3581.25795729,0.00000844
1623706930457000,1,7158.89145048,0.00000844
1623706930611000,1,3580.30563236,0.00000844
1623706930784000,1,4260.80291716,0.00000844
1623707123794000,1,10727.09810000,0.00000844
1623707134432000,0,728.60000000,0.00000843
1623707261779000,1,3577.92868428,0.00000843
1623707261779000,1,8944.99402572,0.00000843
1623707261863000,1,0.00000519,0.00000843
1623707305223000,0,3575.31645410,0.00000843
1623707305230000,0,8926.20849590,0.00000843
1623707558572000,0,1790.16878682,0.00000845
1623707929119000,1,4413.39833294,0.00000844
1623707929273000,0,4413.39833294,0.00000844
1623708020837000,1,728.60000000,0.00000845
1623708031383000,0,728.60000000,0.00000846
1623708221056000,1,1545.23786377,0.00000845
1623708370131000,1,728.60000000,0.00000843
1623708447892000,1,6500.00000000,0.00000845
1623708596519000,0,3560.96908953,0.00000844
1623708628877000,1,2364.11499000,0.00000845
1623708741279000,0,728.60000000,0.00000845
1623708807133000,0,131.49822904,0.00000847
1623708831373000,1,728.60000000,0.00000846
1623708934510000,1,3558.81278560,0.00000846
1623708957031000,0,728.60000000,0.00000846
1623709067450000,0,790.24192398,0.00000847
1623709067603000,0,2765.63820599,0.00000847
1623709067603000,0,1129.68662515,0.00000847
1623709232813000,0,2925.54009633,0.00000847
1623709241233000,1,6000.00000000,0.00000846
1623709241464000,1,728.60000000,0.00000846
1623709442832000,1,3575.30953678,0.00000844
1623709444002000,0,849.84851338,0.00000844
1623709982905000,0,128.86462750,0.00000843
1623710331873000,0,1779.77156175,0.00000843
1623710365514000,1,167.44897681,0.00000842
1623710538875000,1,12457.06370000,0.00000845
1623710583002000,0,4424.85102212,0.00000845
1623710650491000,1,5364.10089290,0.00000845
1623710842062000,0,12472.97171334,0.00000845
1623710976249000,0,9.15997639,0.00000845
1623711003147000,1,3562.67072762,0.00000845
1623711097969000,0,728.60000000,0.00000845
1623711573672000,1,728.60000000,0.00000845
1623712023372000,0,728.60000000,0.00000845
1623712050735000,1,728.60000000,0.00000845
1623712071099000,1,3572.70083065,0.00000845
1623712077817000,0,3572.65430053,0.00000845
1623712127542000,1,3574.02943482,0.00000845
1623712347173000,0,728.60000000,0.00000844
1623712384714000,0,10690.71301474,0.00000845
1623712435166000,0,4404.18258982,0.00000845
1623712740528000,0,8906.79948885,0.00000843
1623712740528000,0,3562.71979554,0.00000843
1623712740528000,0,23157.67867101,0.00000843
1623712797659000,0,3554.54857880,0.00000844
1623712802451000,1,3552.04435497,0.00000844
1623712816203000,1,10657.42792000,0.00000844
1623712848813000,0,3552.04435497,0.00000844
1623712989288000,0,19489.31335012,0.00000846
1623713010304000,1,14000.00000000,0.00000846
1623713096448000,1,728.60000000,0.00000846
1623713097261000,1,2619.44764067,0.00000845
1623713097283000,1,923.60214590,0.00000845
1623713097283000,1,8858.22581035,0.00000845
1623713097283000,1,23031.72239291,0.00000845
1623713097848000,1,3075.45611141,0.00000844
1623713097903000,1,467.59367516,0.00000844
1623713097903000,1,16.54149711,0.00000844
1623713097941000,1,2859.57706023,0.00000844
1623713097972000,1,2935.94287124,0.00000844
1623713098005000,1,592.41873993,0.00000844
1623713098041000,1,1734.37000000,0.00000844
1623713112846000,0,3554.68233000,0.00000845
1623713147837000,1,4395.60914390,0.00000845
1623713163910000,1,3553.06013878,0.00000845
1623713163923000,1,842.54900512,0.00000845
1623713164022000,0,4395.60914390,0.00000845
1623713164105000,0,3644.49219792,0.00000845
1623713265312000,0,3554.44745261,0.00000845
1623713265312000,0,8886.11863153,0.00000845
1623713268508000,1,3554.44745261,0.00000845
1623713274643000,1,2476.11041061,0.00000845
1623713274643000,1,3555.83191261,0.00000845
1623713402560000,0,728.60000000,0.00000845
1623713402569000,0,22086.83758000,0.00000845
1623713402680000,0,233.07986140,0.00000845
1623713402680000,0,3547.41817557,0.00000845
1623713402680000,0,8868.54543893,0.00000845
1623713404337000,0,3542.42459055,0.00000846
1623713404337000,0,8856.06147637,0.00000846
1623713404337000,0,23025.75983856,0.00000846
1623713413776000,1,530.45454545,0.00000847
1623713416708000,1,13000.00000000,0.00000846
1623713462252000,1,728.60000000,0.00000846
1623713462370000,1,2806.73718086,0.00000846
1623713462370000,1,1342.30628914,0.00000846
1623713556160000,1,4370.47668912,0.00000847
1623713585133000,0,3531.07623927,0.00000848
1623713600300000,0,728.60000000,0.00000849
1623713600316000,0,1057.46326954,0.00000849
1623713600316000,0,3528.94139618,0.00000849
1623713600316000,0,8820.53219916,0.00000849
1623713769834000,1,3520.05314435,0.00000852
1623713913391000,1,4356.31610140,0.00000852
1623713913527000,0,927.66387461,0.00000852
1623713918243000,0,3521.63739799,0.00000852
1623713918243000,0,8804.09349497,0.00000852
1623713987563000,0,2925.77615347,0.00000852
1623714004230000,1,728.60000000,0.00000852
1623714430814000,1,4359.20297050,0.00000850
1623714666892000,0,11489.64823529,0.00000850
1623714722633000,0,3524.79568813,0.00000849
1623714722633000,0,8811.98922031,0.00000849
1623714751638000,0,530.45454546,0.00000850
1623714751638000,0,3825.90466802,0.00000850
1623714784806000,0,1759.80257978,0.00000850
1623714784806000,0,3522.00971893,0.00000850
1623714784806000,0,22880.86251699,0.00000850
1623714844096000,0,22904.59182835,0.00000849
1623714923899000,0,22919.40247200,0.00000849
1623714929813000,0,3526.06191877,0.00000849
1623714983703000,0,5295.20453370,0.00000848
1623714983703000,0,1465.51710237,0.00000848
1623714983760000,0,404.90773444,0.00000848
1623714983771000,0,1660.56681819,0.00000848
1623714983771000,0,19840.03388110,0.00000848
1623715003135000,0,3530.99165500,0.00000848
1623715003135000,0,8827.47913749,0.00000848
1623715003135000,0,22951.44575747,0.00000848
1623715054106000,1,8844.93865874,0.00000847
