timestamp ms,type,amount,price
1623715318757000,0,38.06108339,0.00000845
1623715394596000,0,3526.81181743,0.00000845
1623715566316000,0,8.62030859,0.00000845
1623715601468000,0,3563.12667715,0.00000845
1623715630002000,0,23146.39733091,0.00000846
1623715673296000,0,1775.68300322,0.00000846
1623715694577000,1,3554.47626000,0.00000847
1623715694652000,1,0.00000127,0.00000847
1623715694652000,1,2999.99999873,0.00000847
1623715766292000,0,5334.99621724,0.00000846
1623715972725000,1,4387.10602326,0.00000847
1623716142126000,1,3538.51511435,0.00000846
1623716142126000,1,15961.48488565,0.00000846
1623716218787000,0,3536.91392532,0.00000846
1623716232250000,0,3531.25038292,0.00000846
1623716232250000,0,8828.12595730,0.00000846
1623716232250000,0,22953.12746978,0.00000846
1623716338049000,0,3527.77435076,0.00000845
1623716338049000,0,8822.21546213,0.00000845
1623716338049000,0,22910.61492320,0.00000845
1623716339702000,0,3110.24816406,0.00000845
1623716339702000,0,7775.62041015,0.00000845
1623716339702000,0,20216.61306640,0.00000845
1623716341660000,1,3516.63002000,0.00000845
1623716413106000,0,728.60000000,0.00000846
1623716422399000,1,728.60000000,0.00000846
1623716422519000,1,2791.24614000,0.00000846
1623716435894000,1,8798.45039158,0.00000846
1623716435894000,1,3519.38015663,0.00000846
1623716513333000,0,2829.19246858,0.00000844
1623716564813000,0,2765.45634219,0.00000845
1623716565326000,0,17975.46622426,0.00000845
1623716565326000,0,6913.64085549,0.00000845
1623716582399000,0,2139.95980428,0.00000846
1623716582399000,0,5349.89951069,0.00000846
1623716582399000,0,13909.73871503,0.00000846
1623716582512000,0,0.00001276,0.00000846
1623716801690000,1,22848.89499861,0.00000846
1623716801690000,1,3000.85442139,0.00000846
1623716801811000,1,5787.18211654,0.00000846
1623716801811000,1,3512.31674627,0.00000846
1623717001266000,0,2972.45977537,0.00000847
1623717014473000,0,7263.74107134,0.00000848
1623717014473000,0,18863.48210866,0.00000848
1623717014671000,0,0.00000452,0.00000848
1623717015208000,0,1414.41292247,0.00000849
1623717015398000,0,2591.16396769,0.00000849
1623717015473000,0,3249.60853798,0.00000849
1623717015473000,0,1579.60229829,0.00000849
1623717015494000,0,1322.47187297,0.00000849
1623717015494000,0,914.97404906,0.00000849
1623717015509000,0,3180.21201413,0.00000849
1623717077688000,1,3511.94522000,0.00000849
1623717077694000,1,0.00000594,0.00000849
1623717231725000,1,20115.27796000,0.00000848
1623717253384000,0,13877.18784221,0.00000847
1623717312695000,0,4560.62519090,0.00000848
1623717312695000,0,15008.97183776,0.00000848
1623717329135000,0,2428.80249540,0.00000848
1623717441853000,0,728.60000000,0.00000848
1623717674183000,1,728.60000000,0.00000849
1623717734938000,1,2937.50467037,0.00000848
1623717759662000,1,2961.16356000,0.00000849
1623717800103000,1,2538.83644000,0.00000849
1623717971232000,1,3522.50822876,0.00000849
1623717971232000,1,3780.20084071,0.00000849
1623717997127000,1,898.16981132,0.00000848
1623717997978000,1,943.39622641,0.00000848
1623718012298000,0,2104.55075810,0.00000849
1623718012298000,0,5261.37689526,0.00000849
1623718012298000,0,13663.48630424,0.00000849
1623718012942000,0,2151.08429235,0.00000851
1623718012942000,0,13982.04790028,0.00000851
1623718015119000,0,29228.89210850,0.00000854
1623718025015000,0,2935.05793022,0.00000856
1623718123758000,1,3501.94663583,0.00000855
1623718126015000,1,1500.00000000,0.00000855
1623718126192000,1,7254.86658958,0.00000855
1623718151928000,1,3500.44436041,0.00000856
1623718151928000,1,550.30500087,0.00000856
1623718208644000,0,131.49800000,0.00000857
1623718209367000,0,0.00022904,0.00000857
1623718213351000,1,1500.00000000,0.00000858
1623718241317000,1,131.49800000,0.00000858
1623718306289000,1,3489.14977176,0.00000859
1623718306289000,1,7010.85022824,0.00000859
1623718336505000,1,22679.47351647,0.00000858
1623718336505000,1,3489.14977176,0.00000858
1623718336505000,1,8722.87442941,0.00000858
1623718336505000,1,8382.02709882,0.00000858
1623718337025000,1,6684.47655145,0.00000858
1623718340086000,1,325.86471780,0.00000857
1623718341226000,1,3091.81000000,0.00000857
1623718363759000,1,3497.92580583,0.00000857
1623718363759000,1,8741.16148820,0.00000857
1623718363759000,1,22727.01986931,0.00000857
1623718365407000,1,8381.03503000,0.00000856
1623718365407000,1,3496.46459528,0.00000856
1623718365407000,1,22727.01986931,0.00000856
1623718365407000,1,8741.16148820,0.00000856
1623718410684000,1,3499.47409728,0.00000857
1623718410684000,1,8748.68524321,0.00000857
1623718422756000,1,22746.58163234,0.00000856
1623718422756000,1,3499.47409728,0.00000856
1623718422756000,1,8748.68524321,0.00000856
1623718457561000,0,3509.34395289,0.00000855
1623718461605000,1,8773.35988222,0.00000855
1623718464958000,1,3509.34395289,0.00000855
1623718464958000,1,8773.35988222,0.00000855
1623718551270000,0,728.60000000,0.00000855
1623718585545000,1,728.60000000,0.00000854
1623718586983000,1,22844.22308079,0.00000853
1623718586983000,1,8786.10908834,0.00000853
1623718586983000,1,3514.42135897,0.00000853
1623718707265000,1,960.91559589,0.00000852
1623718707265000,1,3542.72300470,0.00000852
1623718707310000,1,4300.74606255,0.00000852
1623718707310000,1,863.57318627,0.00000852
1623718707342000,1,799.99999999,0.00000852
1623718707370000,1,10446.00938967,0.00000852
1623718707385000,1,352.18311267,0.00000852
1623718712434000,0,2958.72005290,0.00000852
1623718720277000,0,2320.70437179,0.00000852
1623718720277000,0,22890.29967821,0.00000852
1623718789035000,1,12323.35582000,0.00000852
1623718794595000,0,22877.01999439,0.00000852
1623718812464000,0,19380.39814416,0.00000853
1623718812464000,0,8806.57730992,0.00000853
1623719028881000,0,10554.53099607,0.00000854
1623719028881000,0,3510.37082651,0.00000854
1623719028881000,0,8775.76719013,0.00000854
1623719150930000,1,3514.46669282,0.00000854
1623719151972000,0,8783.90509809,0.00000854
1623719151972000,0,22837.89116191,0.00000854
1623719236296000,0,22888.80328183,0.00000854
1623719236296000,0,8803.68752074,0.00000854
1623719236296000,0,3521.33437318,0.00000854
1623719241977000,1,3521.31374000,0.00000854
1623719260122000,0,728.60000000,0.00000854
1623719314376000,1,3521.95177000,0.00000854
1623719367914000,1,728.60000000,0.00000853
1623719368055000,1,3482.98878000,0.00000853
1623719380603000,1,3526.98764000,0.00000853
1623719532757000,0,8852.58281372,0.00000851
1623719532757000,0,23020.87427692,0.00000851
1623719631088000,0,17192.15422009,0.00000851
1623719655167000,1,3117.74624000,0.00000851
1623719706399000,0,728.60000000,0.00000851
1623719722070000,0,2859.18632340,0.00000851
1623719727222000,0,2727.01982971,0.00000851
1623719727222000,0,6817.54957428,0.00000851
1623719733568000,1,6500.00000000,0.00000851
1623719761535000,1,3242.34962625,0.00000850
1623719761610000,0,3564.76929565,0.00000850
1623719761610000,0,2722.84756876,0.00000850
1623719818190000,1,728.60000000,0.00000850
1623719992203000,1,3543.29702994,0.00000850
1623720033163000,1,13500.00000000,0.00000849
1623720033418000,1,4500.00000000,0.00000849
1623720066904000,0,3115.04232687,0.00000849
1623720066904000,0,7787.60581717,0.00000849
1623720070611000,0,52.33530287,0.00000850
1623720116284000,0,3622.09378297,0.00000849
1623720116284000,0,2868.26487290,0.00000849
1623720265636000,1,3547.22572000,0.00000849
1623720265701000,1,0.00000363,0.00000849
1623720265701000,1,4999.99999637,0.00000849
1623720407219000,0,2914.59889245,0.00000849
1623720792485000,0,2873.36459293,0.00000849
1623720904414000,1,3555.06511000,0.00000850
1623720904607000,1,0.00000457,0.00000850
1623720904607000,1,8887.66278643,0.00000850
1623721186486000,1,3298.44062583,0.00000849
1623721589542000,0,5339.12112000,0.00000848
1623721589599000,0,0.00000291,0.00000848
1623721702223000,1,8660.27546000,0.00000848
1623721703257000,1,11265.40432803,0.00000848
1623721703257000,1,3557.94284982,0.00000848
1623721713519000,0,8913.11592962,0.00000847
1623721713519000,0,23178.49289038,0.00000847
1623721774111000,0,19651.97296114,0.00000847
1623721814834000,0,16772.20069506,0.00000849
1623721814834000,0,2579.21333522,0.00000849
1623721814834000,0,6447.93395662,0.00000849
1623722027361000,0,12196.65370000,0.00000849
1623722182719000,0,728.60000000,0.00000849
1623722261273000,1,728.60000000,0.00000849
1623722293713000,0,2308.15717326,0.00000848
1623722316788000,0,1628.59814527,0.00000848
1623722402941000,0,401.75230248,0.00000848
1623722402941000,0,326.84769752,0.00000848
1623722416603000,0,1525.03612466,0.00000848
1623722420610000,0,1523.24196452,0.00000848
1623722448047000,0,9550.15780786,0.00000849
1623722448047000,0,1469.25504736,0.00000849
1623722448047000,0,2192.32462478,0.00000849
1623722449201000,0,1480.81299363,0.00000849
1623722455353000,1,728.60000000,0.00000849
1623722455354000,1,2845.66261958,0.00000849
1623722455354000,1,8932.61154152,0.00000849
1623722464511000,0,1457.28322534,0.00000849
1623722464511000,0,9327.12127463,0.00000849
1623722535892000,0,1178.81670577,0.00000849
1623722535892000,0,2943.57057271,0.00000849
1623722535892000,0,7653.28348903,0.00000849
1623722696647000,0,6156.80969452,0.00000849
1623722696647000,0,947.20149146,0.00000849
1623722696791000,1,2368.00372866,0.00000849
1623722701354000,0,786.24688508,0.00000849
1623722701354000,0,1965.61721271,0.00000849
1623722701354000,0,5110.60475305,0.00000849
1623722767928000,0,1391.79053074,0.00000849
1623722841914000,0,525.36404045,0.00000849
1623722841914000,0,1311.86491276,0.00000849
1623722841914000,0,3410.84877318,0.00000849
1623722850122000,1,1000.00000000,0.00000850
1623722856040000,0,429.72877180,0.00000850
1623722856040000,0,1074.32192951,0.00000850
1623722856040000,0,2793.23320190,0.00000850
1623722860753000,0,599.91900000,0.00000850
1623722935129000,0,319.72768541,0.00000851
1623722935129000,0,799.31921353,0.00000851
1623722935129000,0,2078.22995517,0.00000851
1623722976870000,1,599.91900000,0.00000851
1623723040352000,1,3557.18673000,0.00000851
1623723040415000,1,0.00000949,0.00000851
1623723176079000,1,1219.00846839,0.00000850
1623723187890000,1,313.88242352,0.00000850
1623723213396000,0,306.08325579,0.00000851
1623723213396000,0,422.51674421,0.00000851
1623723213618000,0,342.69139527,0.00000851
1623723213618000,0,1989.54116264,0.00000851
1623723338247000,1,728.60000000,0.00000851
1623723373225000,0,253.90603502,0.00000851
1623723373225000,0,474.69396498,0.00000851
1623723543922000,0,237.49327121,0.00000851
1623723543922000,0,593.73317802,0.00000851
1623723543922000,0,1543.70626286,0.00000851
1623723681468000,1,2340.40483000,0.00000852
1623723681538000,1,0.00000890,0.00000852
1623723784589000,0,236.52759320,0.00000852
1623723784589000,0,591.78788766,0.00000852
1623723784729000,0,591.78788000,0.00000852
1623723823503000,1,457.15500000,0.00000853
1623723913157000,1,271.44500000,0.00000853
1623723913197000,1,323.20786769,0.00000853
1623723951305000,1,3526.11608000,0.00000853
1623723971966000,0,728.60000000,0.00000852
1623723972158000,0,10.77883791,0.00000852
1623723972158000,0,1846.28008209,0.00000852
1623723975498000,0,1579.85035658,0.00000852
1623724041907000,1,728.60000000,0.00000853
1623724058010000,0,728.60000000,0.00000853
1623724065739000,1,8803.51907505,0.00000853
1623724065739000,1,2204.89421495,0.00000853
1623724077409000,0,892.47738005,0.00000853
1623724077409000,0,2231.19345011,0.00000853
1623724077409000,0,5801.10297029,0.00000853
1623724090081000,0,692.48083703,0.00000853
1623724090081000,0,1729.17492384,0.00000853
1623724090081000,0,4501.12544067,0.00000853
1623724091923000,1,728.60000000,0.00000853
1623724174578000,1,6241.85482120,0.00000853
1623724174578000,1,22870.25797999,0.00000853
1623724294734000,1,2500.00000000,0.00000851
1623724302692000,0,8041.62156000,0.00000851
1623724366259000,0,1099.59290727,0.00000853
1623724366259000,0,2751.16983858,0.00000853
1623724366259000,0,7153.04158031,0.00000853
1623724497052000,1,2676.30166000,0.00000854
1623724511123000,1,5500.00000000,0.00000853
1623724511650000,1,2616.55885516,0.00000853
1623724546607000,0,2121.89861278,0.00000853
1623724612942000,0,6493.14995743,0.00000854
1623724612942000,0,1047.07508230,0.00000854
1623724612942000,0,2617.57118027,0.00000854
1623724684560000,0,5318.95454707,0.00000855
1623724684560000,0,2045.79357041,0.00000855
1623724684560000,0,819.09644252,0.00000855
1623724684605000,0,0.00001617,0.00000855
1623724699004000,0,728.60000000,0.00000855
1623724699004000,0,2096.51026356,0.00000855
1623724791754000,1,1620.49795432,0.00000855
1623724791924000,1,571.10414498,0.00000855
1623724953938000,1,728.60000000,0.00000854
1623725378071000,0,563.12309906,0.00000854
1623725378071000,0,1409.45623448,0.00000854
1623725378071000,0,3660.30014390,0.00000854
1623725617090000,0,436.89489735,0.00000853
1623725617090000,0,1092.23724338,0.00000853
1623725617090000,0,2836.49152033,0.00000853
1623725795173000,0,338.55321078,0.00000854
1623725795173000,0,2200.59587005,0.00000854
1623725795173000,0,846.38301917,0.00000854
1623725797875000,0,235.33792815,0.00000854
1623725797875000,0,493.26207185,0.00000854
1623725797978000,0,1036.43446110,0.00000854
1623725797978000,0,588.34481890,0.00000854
1623725928020000,1,728.60000000,0.00000853
1623726096829000,1,8823.09308381,0.00000852
1623726096829000,1,3530.07595531,0.00000852
1623726232895000,1,2305.17771000,0.00000851
1623726302412000,1,386.38930356,0.00000850
1623726314326000,1,1784.84996000,0.00000851
1623726327819000,1,6728.45154000,0.00000852
1623726410504000,0,1729.76566378,0.00000851
1623726411970000,0,2629.61198186,0.00000851
1623726447330000,1,3514.50353016,0.00000853
1623726447330000,1,8786.25881984,0.00000853
1623726638002000,1,3517.70301000,0.00000853
1623726668029000,1,465.90484290,0.00000852
1623726727046000,0,7549.57101000,0.00000852
1623726762167000,0,990.72284235,0.00000853
1623726762167000,0,2476.80710588,0.00000853
1623726762167000,0,6439.48527154,0.00000853
1623726982414000,1,1925.22097009,0.00000852
1623726982423000,1,5165.65486546,0.00000852
1623727021160000,1,1240.46332344,0.00000851
1623727037707000,0,607.04098431,0.00000852
1623727090748000,0,3856.88776571,0.00000851
1623727272456000,0,728.60000000,0.00000851
1623727299379000,1,1004.87397701,0.00000851
1623727299389000,1,3348.02414501,0.00000851
1623727332904000,0,906.81868089,0.00000851
1623727333151000,1,2267.04670222,0.00000851
1623727335231000,1,2086.32851320,0.00000851
1623727349643000,1,3513.27366000,0.00000852
1623727467837000,1,3513.96074472,0.00000852
1623727541828000,1,283.39500000,0.00000851
1623727547319000,1,445.20500000,0.00000851
1623727727052000,0,728.60000000,0.00000852
1623727727109000,0,234.43524910,0.00000852
1623727727109000,0,2407.58812275,0.00000852
1623727733437000,1,728.59998815,0.00000852
1623727754939000,0,870.69446936,0.00000852
1623727778946000,1,3767.44334000,0.00000853
1623727779145000,1,3511.86678000,0.00000853
1623727804399000,0,41.70974622,0.00000854
1623727804399000,0,6605.59091378,0.00000854
1623727804554000,0,0.00001591,0.00000854
1623727960424000,1,728.60000000,0.00000854
1623728075948000,1,978.07227738,0.00000853
1623728079782000,1,1060.69715170,0.00000853
1623728240314000,0,1035.89947199,0.00000852
1623728240314000,0,2589.74867998,0.00000852
1623728240314000,0,6733.08953803,0.00000852
1623728240413000,0,0.00001734,0.00000852
1623728316752000,1,3509.03915000,0.00000853
1623728344227000,1,3511.43851000,0.00000853
1623728610957000,1,4351.47850579,0.00000852
1623728611132000,1,2601.82999849,0.00000852
1623728636867000,1,1902.65996748,0.00000852
1623728636869000,1,884.09893195,0.00000852
1623728650111000,0,728.60000000,0.00000852
1623728666381000,1,4348.89862318,0.00000852
1623728971938000,0,691.03442804,0.00000851
1623728971938000,0,795.71534421,0.00000851
1623728978515000,0,891.83367401,0.00000851
1623729184206000,0,638.20159673,0.00000852
1623729184206000,0,4143.44717786,0.00000852
1623729184206000,0,1595.50397541,0.00000852
1623729424221000,1,3522.51113336,0.00000852
1623729424221000,1,8805.91377214,0.00000852
1623729474752000,1,797.61700841,0.00000852
1623729555577000,0,2921.90568716,0.00000851
1623729683369000,1,816.02732434,0.00000850
1623729684440000,1,3554.81611365,0.00000850
1623729737400000,1,3007.57681209,0.00000850
1623729756069000,0,4660.84973154,0.00000851
1623729756069000,0,649.10964624,0.00000851
1623729756069000,0,4218.95801575,0.00000851
1623729756069000,0,1622.67876789,0.00000851
1623729760930000,1,3530.20441000,0.00000851
1623729761502000,1,0.00000371,0.00000851
1623729761502000,1,728.59999629,0.00000851
1623729822083000,0,494.54728693,0.00000850
1623729838764000,1,448.96290002,0.00000850
1623729838937000,1,3142.14473308,0.00000850
1623729844047000,1,402.51190154,0.00000850
1623729844064000,1,2616.32735998,0.00000850
1623729844064000,1,1006.27975384,0.00000850
1623730143777000,0,728.60000000,0.00000851
1623730307018000,1,728.60000000,0.00000852
1623730376186000,1,210.07228275,0.00000851
1623730376204000,1,1875.62765552,0.00000851
1623730392228000,0,241.57470741,0.00000851
1623730773178000,1,46.50298300,0.00000853
1623730827990000,0,728.60000000,0.00000853
1623730962803000,0,506.01470854,0.00000856
1623730962803000,0,202.40588342,0.00000856
1623730962803000,0,1315.63824220,0.00000856
1623730987327000,1,728.60000000,0.00000855
1623730988234000,1,2777.81845000,0.00000855
1623731198413000,0,386.63600000,0.00000855
1623731285470000,1,1232.45138000,0.00000856
1623731371495000,1,386.63600000,0.00000855
1623731379571000,1,3507.76895503,0.00000855
1623731379571000,1,8763.48873752,0.00000855
1623731548177000,0,539.98679913,0.00000856
1623731548177000,0,1349.96699783,0.00000856
1623731548177000,0,3509.91419436,0.00000856
1623731566839000,0,418.34709660,0.00000857
1623731566839000,0,1045.86774150,0.00000857
1623731566839000,0,2719.25612790,0.00000857
1623731760524000,0,83.26400000,0.00000858
1623731760614000,0,0.00008810,0.00000858
1623731765024000,1,262.93048482,0.00000858
1623731765027000,1,1458.30922518,0.00000858
1623731778118000,1,2801.37438000,0.00000859
1623731780330000,0,287.28400000,0.00000859
1623731843703000,1,699.16462589,0.00000858
1623731852432000,0,295.56599420,0.00000859
1623731852432000,0,738.91498550,0.00000859
1623731852432000,0,1921.17895030,0.00000859
1623731852482000,0,0.00001200,0.00000859
1623731872849000,1,3490.62098000,0.00000859
1623731872890000,1,0.00000008,0.00000859
1623732060145000,1,3494.80124267,0.00000857
1623732114468000,1,370.54800000,0.00000857
1623732114601000,1,2757.29946000,0.00000857
1623732114664000,1,0.00000537,0.00000857
1623732339086000,1,3484.84789147,0.00000858
1623732361793000,1,8720.48423953,0.00000857
1623732361793000,1,13279.51576047,0.00000857
1623732362451000,1,9390.39741261,0.00000857
1623732362451000,1,3486.00599250,0.00000857
1623732376360000,1,3493.38389223,0.00000856
1623732401005000,0,1458.00378830,0.00000857
1623732405055000,1,2876.24855000,0.00000858
1623732417631000,0,1726.26320369,0.00000859
1623732417631000,0,9678.83966631,0.00000859
1623732476917000,0,1089.64710850,0.00000860
1623732476917000,0,2724.11618454,0.00000860
1623732476917000,0,7082.49274969,0.00000860
1623732497655000,1,22590.56803747,0.00000860
1623732497655000,1,8690.70135479,0.00000860
1623732497655000,1,3477.15606393,0.00000860
1623732630012000,1,3476.80710306,0.00000859
1623732630012000,1,8692.65364942,0.00000859
1623732633708000,0,728.60000000,0.00000859
1623732666206000,1,2858.38153620,0.00000859
1623732673667000,1,620.71954463,0.00000859
1623732703569000,1,728.60000000,0.00000859
1623732720180000,0,1825.40414606,0.00000860
1623732721024000,0,7096.92184792,0.00000860
1623732721048000,0,847.13362590,0.00000860
1623732721075000,0,851.62193483,0.00000860
1623732721090000,0,770.51508389,0.00000860
1623732721212000,0,2068.22469887,0.00000860
1623732731456000,0,728.60000000,0.00000860
1623732745075000,0,8443.14246331,0.00000860
1623732785287000,1,8676.77445942,0.00000861
1623732785287000,1,22558.40856497,0.00000861
1623732785287000,1,2001.48138561,0.00000861
1623732785357000,1,1943.82362000,0.00000861
1623732785512000,1,0.00001757,0.00000861
1623732834358000,1,2897.49525852,0.00000861
1623733080995000,0,4544.57353129,0.00000862
1623733080995000,0,14879.10334693,0.00000862
1623733107269000,0,1745.42428308,0.00000862
1623733107269000,0,4626.60616692,0.00000862
1623733107554000,0,0.00001304,0.00000862
1623733199381000,1,728.60000000,0.00000863
1623733265203000,1,70.35209580,0.00000862
1623733265329000,1,8603.32943824,0.00000862
1623733265329000,1,22529.50323176,0.00000862
1623733311364000,0,2426.41064534,0.00000860
1623733311364000,0,15771.66919472,0.00000860
1623733311364000,0,6066.02659994,0.00000860
1623733373056000,1,3474.70953513,0.00000860
1623733373056000,1,8686.77383783,0.00000860
1623733373056000,1,13397.99722704,0.00000860
1623733389708000,0,2455.59377000,0.00000859
1623733413706000,1,2500.00000000,0.00000859
1623733452874000,0,2400.27859491,0.00000859
1623733452874000,0,6134.34392509,0.00000859
1623733602600000,0,6239.31473855,0.00000859
1623733603188000,0,869.90310000,0.00000859
1623733650192000,0,1635.98574000,0.00000859
1623733650238000,0,0.00000069,0.00000859
1623733650349000,0,10000.00000000,0.00000859
1623733686491000,0,1922.79678929,0.00000860
1623733687028000,0,4801.40893957,0.00000860
1623733687028000,0,12483.66324288,0.00000860
1623733709999000,1,5979.20583000,0.00000860
1623733812908000,0,728.60000000,0.00000860
1623733813254000,0,1183.93693253,0.00000860
1623733813254000,0,4775.78907747,0.00000860
1623733870605000,1,728.60000000,0.00000860
1623733870756000,1,791.72064000,0.00000860
1623733871050000,1,0.00000063,0.00000860
1623733889046000,1,1073.12546160,0.00000859
1623733889537000,1,1800.88880319,0.00000859
1623733994304000,0,3000.00000000,0.00000860
1623733994785000,1,3487.53437082,0.00000860
1623734001321000,1,3488.21595856,0.00000860
1623734082995000,1,3486.17199542,0.00000860
1623734305411000,0,3070.82678535,0.00000862
1623734305411000,0,2346.55477777,0.00000862
1623734305411000,0,5866.36980652,0.00000862
1623734337517000,0,2096.75429045,0.00000862
1623734337517000,0,5241.88572611,0.00000862
1623734380207000,1,2500.00000000,0.00000863
1623734441874000,1,4180.68911450,0.00000863
1623734446581000,1,4316.84768327,0.00000863
1623734782673000,0,1793.49141425,0.00000864
1623734782673000,0,2524.99171575,0.00000864
1623734782826000,0,1958.72513457,0.00000864
1623734782826000,0,11657.49674986,0.00000864
1623734784238000,0,702.52006345,0.00000866
1623734784238000,0,1058.18903320,0.00000866
1623734784282000,0,698.11112542,0.00000866
1623734784282000,0,448.16935844,0.00000866
1623734799960000,0,1030.54488714,0.00000865
1623734825091000,0,27.89682427,0.00000865
1623734825091000,0,388.98217573,0.00000865
1623734825260000,0,0.00126465,0.00000865
1623734828953000,0,379.59227084,0.00000865
1623734828953000,0,2470.19889413,0.00000865
1623734831500000,0,789.40510713,0.00000865
1623734838687000,1,361.94700000,0.00000866
1623734864548000,0,306.12118231,0.00000867
1623734864548000,0,1989.78768499,0.00000867
1623734864548000,0,765.30294270,0.00000867
1623734864930000,0,0.00001307,0.00000867
1623734866405000,0,1651.54722324,0.00000868
1623734866405000,0,254.08418819,0.00000868
1623734866405000,0,635.21047048,0.00000868
1623734868296000,0,80.95211742,0.00000868
1623734868296000,0,202.38029356,0.00000868
1623734868296000,0,526.18876325,0.00000868
1623734874703000,0,157.02521626,0.00000869
1623734881960000,1,137.17500307,0.00000868
1623734881961000,1,891.63751996,0.00000868
1623734883839000,0,335.18325000,0.00000868
1623734893895000,0,106.33014334,0.00000870
1623734893895000,0,265.82535836,0.00000870
1623734893895000,0,690.35151112,0.00000870
1623734901458000,1,3443.50704000,0.00000872
1623734901917000,1,0.00000862,0.00000872
1623734901917000,1,1586.37397138,0.00000872
1623734906665000,1,3000.00000000,0.00000872
1623734913045000,0,288.16036248,0.00000871
1623734913045000,0,719.62833968,0.00000871
1623734913045000,0,1868.74636784,0.00000871
1623734917947000,1,3442.89885000,0.00000872
1623734924527000,0,264.91438340,0.00000871
1623734924527000,0,662.28595849,0.00000871
1623734924527000,0,1720.06357811,0.00000871
1623734980886000,1,8638.64399689,0.00000868
1623734980886000,1,3456.09820578,0.00000868
1623734981985000,1,3461.50611167,0.00000867
1623734981985000,1,8653.94330101,0.00000867
1623734985499000,0,750.57981115,0.00000867
1623734985499000,0,1876.44952787,0.00000867
1623734985499000,0,459.18653831,0.00000867
1623734985612000,0,4413.96153000,0.00000867
1623735005198000,1,7000.00000000,0.00000867
1623735005255000,1,54.93200000,0.00000867
1623735012170000,1,2529.22147000,0.00000867
1623735059341000,1,3464.46815315,0.00000866
1623735061395000,0,728.60000000,0.00000866
1623735061507000,0,338.71020828,0.00000866
1623735061507000,0,2668.27551172,0.00000866
1623735063729000,0,382.43540550,0.00000866
1623735063729000,0,3017.04443792,0.00000866
1623735162910000,1,3465.64015141,0.00000866
1623735177213000,1,3465.57209281,0.00000866
1623735190610000,1,2467.29896936,0.00000865
1623735192114000,1,6532.70103064,0.00000865
1623735290597000,1,3469.53194000,0.00000865
1623735486677000,0,3469.18805823,0.00000864
1623735486677000,0,22615.19498390,0.00000864
1623735488152000,1,728.60000000,0.00000864
1623735545277000,0,728.60000000,0.00000863
1623735547169000,0,18422.04494004,0.00000863
1623735578830000,0,3422.64535868,0.00000864
1623735578830000,0,8550.39140391,0.00000864
1623735578830000,0,22197.32328013,0.00000864
1623735583452000,0,6622.40252375,0.00000864
1623735590522000,0,16248.59921305,0.00000864
1623735592112000,0,2133.76787142,0.00000864
1623735592112000,0,5334.41967854,0.00000864
1623735592112000,0,13869.49116422,0.00000864
1623735593920000,0,1653.11443163,0.00000864
1623735593920000,0,2655.56346914,0.00000864
1623735594533000,0,1477.22260994,0.00000864
1623735598749000,0,4988.48826197,0.00000864
1623735600845000,0,2126.74993975,0.00000864
1623735600845000,0,5310.72817324,0.00000864
1623735600845000,0,13807.89325043,0.00000864
1623735603322000,1,1648.17581919,0.00000864
1623735606177000,1,2659.83275003,0.00000864
1623735606339000,1,4027.62235504,0.00000864
1623735662180000,0,1459.48900369,0.00000864
1623735662180000,0,3648.71937960,0.00000864
1623735662180000,0,9482.70564851,0.00000864
1623735741489000,1,1131.73302830,0.00000863
1623735741497000,1,2829.33257075,0.00000863
1623735742657000,1,2739.98514095,0.00000863
1623735743771000,0,4616.27954299,0.00000863
1623735750721000,0,1470.15025482,0.00000863
1623735769490000,1,4312.19293668,0.00000863
1623735769580000,0,1171.73566296,0.00000863
1623735769580000,0,843.68132302,0.00000863
1623735769653000,1,2109.20330755,0.00000863
1623735775063000,1,187.52286281,0.00000863
1623735924595000,1,1625.40134819,0.00000863
1623735925863000,1,2684.33471839,0.00000863
1623735928537000,1,558.60222349,0.00000863
1623735928679000,1,1380.81871085,0.00000863
1623736078364000,1,400.73681938,0.00000863
1623736080825000,1,1142.55705571,0.00000863
1623736080961000,1,457.02282228,0.00000863
1623736082033000,1,2310.18231558,0.00000863
1623736088595000,1,2400.95872329,0.00000863
1623736091050000,1,787.16767384,0.00000863
1623736091215000,1,1123.07537625,0.00000863
1623736097999000,1,702.15955934,0.00000863
1623736098677000,1,1825.61485428,0.00000863
1623736098679000,1,702.15955934,0.00000863
1623736110998000,1,208.10609901,0.00000863
1623736111002000,1,520.26524753,0.00000863
1623736111004000,1,353.75385502,0.00000863
1623736156996000,1,459.32517245,0.00000863
1623736157004000,1,183.73006898,0.00000863
1623736157025000,1,1194.24544838,0.00000863
1623736343428000,1,3485.69185556,0.00000863
1623736343428000,1,8712.51055404,0.00000863
1623736343428000,1,11405.42214040,0.00000863
1623736364121000,0,4376.76624356,0.00000863
1623736364121000,0,1683.17266772,0.00000863
1623736364121000,0,673.26906709,0.00000863
1623736479029000,1,1264.86314698,0.00000862
1623736482274000,1,3043.98775717,0.00000862
1623736482378000,0,16.38987455,0.00000862
1623736482524000,1,1178.43224610,0.00000862
1623736482533000,1,3063.92383986,0.00000862
1623736482694000,1,50.10494364,0.00000862
1623736482910000,0,1126.96337625,0.00000862
1623736482910000,0,470.82732796,0.00000862
1623736549985000,1,3476.97312179,0.00000864
1623736549985000,1,1023.02687821,0.00000864
1623736550061000,1,7667.06795652,0.00000864
1623736550899000,1,347.87039513,0.00000862
1623736550908000,1,2956.26097831,0.00000862
1623736550923000,1,171.81947142,0.00000862
1623736550923000,1,3215.12134605,0.00000862
1623736550929000,1,1205.52130791,0.00000862
1623736551271000,1,1083.81381645,0.00000862
1623736551384000,1,3031.65287192,0.00000862
1623736551385000,1,153.93407648,0.00000862
1623736662289000,1,2000.00000000,0.00000861
1623736710911000,0,5284.82139000,0.00000858
1623736770708000,0,1131.37923373,0.00000859
1623736770708000,0,2828.30174169,0.00000859
1623736811809000,0,150.17835389,0.00000860
1623736811809000,0,6767.17627953,0.00000860
1623736814966000,0,128.48322745,0.00000860
1623736840650000,1,728.60000000,0.00000860
1623736888096000,1,3496.07496641,0.00000860
1623736888596000,1,8739.18923728,0.00000860
1623736898064000,0,728.60000000,0.00000859
1623736977198000,0,1475.24243789,0.00000858
1623736977198000,0,9589.07584629,0.00000858
1623736977198000,0,3688.10609473,0.00000858
1623736989459000,1,3501.39163000,0.00000859
1623736989470000,1,0.00000020,0.00000859
1623737026640000,1,38.84672711,0.00000858
1623737026640000,1,1253.69791087,0.00000858
1623737175844000,1,7500.00000000,0.00000857
1623737218598000,0,1081.97009765,0.00000857
1623737218598000,0,2704.92524413,0.00000857
1623737218598000,0,7032.80563475,0.00000857
1623737255420000,0,2913.38947136,0.00000858
1623737358569000,0,1442.32211295,0.00000858
1623737554605000,1,728.60000000,0.00000859
1623737561147000,1,3493.99737000,0.00000859
1623737683569000,1,961.38117794,0.00000860
1623737893432000,1,8000.00000000,0.00000858
1623737897482000,1,5638.57955762,0.00000857
1623737897908000,1,962.12135356,0.00000857
1623738178940000,1,2273.01155912,0.00000857
1623738178947000,1,5106.89069088,0.00000857
1623738426650000,0,1276.11060534,0.00000857
1623738426650000,0,3190.27568511,0.00000857
1623738426650000,0,8294.63239955,0.00000857
1623738426874000,0,0.00001097,0.00000857
1623738515970000,0,1254.62980209,0.00000859
1623738639590000,0,4331.07636354,0.00000858
1623738810961000,0,3436.25544889,0.00000857
1623738815679000,0,1298.70006840,0.00000857
1623738815679000,0,3242.96607989,0.00000857
1623738951063000,0,3739.52347106,0.00000859
1623738951063000,0,9722.76102475,0.00000859
1623738951063000,0,1495.80938842,0.00000859
1623739165689000,1,4328.07598459,0.00000859
1623739165820000,0,3204.50392609,0.00000859
1623739174229000,0,728.60000000,0.00000859
1623739204988000,1,728.60000000,0.00000859
1623739287147000,1,3503.74867467,0.00000858
1623739308454000,1,3504.11637518,0.00000858
1623739491314000,1,3503.81683902,0.00000858
1623739569420000,1,8753.45033748,0.00000858
1623739926519000,0,728.60000000,0.00000857
1623739933127000,0,1759.69890648,0.00000857
1623739933127000,0,4399.24726621,0.00000857
1623739933127000,0,11424.71183983,0.00000857
1623739944739000,1,4341.23116062,0.00000857
1623739949417000,0,1265.81327581,0.00000857
1623739949417000,0,3160.84492241,0.00000857
1623739949417000,0,8218.19679826,0.00000857
1623740393349000,1,2452.43347819,0.00000856
1623740394365000,1,1892.29687721,0.00000856
1623740394548000,1,982.11805101,0.00000856
1623740395052000,1,3362.61230439,0.00000856
1623740401116000,1,4344.81551700,0.00000856
1623740401504000,0,785.23212240,0.00000856
1623740418200000,1,728.60000000,0.00000857
1623740468661000,1,3509.39019000,0.00000857
1623740566869000,1,3508.97713263,0.00000858
1623740710484000,0,842.17561508,0.00000857
1623740710484000,0,2105.43903771,0.00000857
1623740710484000,0,5467.76137974,0.00000857
1623740736375000,0,656.50900000,0.00000857
1623740736971000,0,1639.99607920,0.00000858
1623740736971000,0,4263.93097896,0.00000858
1623740736971000,0,655.98848861,0.00000858
1623740770003000,1,656.50900000,0.00000858
1623740770211000,1,2863.57654000,0.00000858
1623740780543000,1,17557.38660000,0.00000857
1623740781397000,1,735.43400000,0.00000857
1623740781404000,1,2784.65154563,0.00000857
1623740781404000,1,8804.35246714,0.00000857
1623741081116000,0,728.60000000,0.00000857
1623741105555000,1,4353.02024195,0.00000857
1623741105740000,0,1120.30616387,0.00000857
1623741106922000,1,2555.62230650,0.00000857
1623741106935000,1,3824.07152963,0.00000857
1623741125934000,1,853.30201478,0.00000857
1623741352352000,1,728.60000000,0.00000858
1623741382905000,0,850.49294000,0.00000857
1623741387046000,0,728.60000000,0.00000857
1623741387164000,0,3222.35979000,0.00000857
1623741480560000,1,3526.66717576,0.00000857
1623741480560000,1,8814.80532754,0.00000857
1623741480560000,1,22919.77168940,0.00000857
1623741535223000,1,3841.60012108,0.00000856
1623741535805000,1,519.31005915,0.00000856
1623741538899000,1,1438.40494265,0.00000856
1623741621089000,1,3515.00755725,0.00000856
1623741621120000,1,842.01280741,0.00000856
1623741621915000,0,1406.00302290,0.00000856
1623741621915000,0,3515.00755725,0.00000856
1623741623168000,1,4355.94921109,0.00000856
1623741625807000,1,2869.25413849,0.00000856
1623741626142000,1,1486.69507260,0.00000856
1623741626253000,0,4355.94921109,0.00000856
1623741627084000,0,969.06059203,0.00000856
1623741655702000,0,880.80405731,0.00000857
1623741655702000,0,2202.01014326,0.00000857
1623741655702000,0,5725.22637248,0.00000857
1623741662788000,1,728.60000000,0.00000857
1623741684475000,0,1747.00831118,0.00000857
1623741807044000,0,728.60000000,0.00000856
1623742041664000,1,667.84253609,0.00000857
1623742140901000,0,627.99315107,0.00000857
1623742140901000,0,1569.98287767,0.00000857
1623742140901000,0,4077.19795807,0.00000857
1623742352476000,1,133.25981870,0.00000859
1623742352632000,1,1126.45882032,0.00000859
1623742356091000,1,422.20686263,0.00000859
1623742356097000,1,1055.51715657,0.00000859
1623742361083000,1,2527.88601502,0.00000859
1623742363145000,1,331.97571692,0.00000859
1623742363150000,1,829.93929230,0.00000859
1623742363155000,1,1072.75631754,0.00000859
1623742394846000,1,728.60000000,0.00000859
1623742602157000,1,3497.66315000,0.00000860
1623742636947000,0,728.60000000,0.00000859
1623742761613000,1,728.60000000,0.00000859
1623742791618000,0,523.86739596,0.00000861
1623742791618000,0,1309.66848990,0.00000861
1623742791618000,0,3405.13807374,0.00000861
1623742793341000,1,3499.07543000,0.00000862
1623742864723000,0,368.80410559,0.00000862
1623742864723000,0,2397.22668633,0.00000862
1623742864723000,0,922.01026397,0.00000862
1623742892249000,1,3502.04355000,0.00000862
1623743061735000,0,312.43600306,0.00000862
1623743419298000,0,341.71714875,0.00000863
1623743419298000,0,854.10576076,0.00000863
1623743419298000,0,2220.67497798,0.00000863
1623743454679000,0,265.04500906,0.00000863
1623743454679000,0,1722.79255887,0.00000863
1623743454679000,0,662.61252264,0.00000863
1623743471019000,1,40.70000000,0.00000863
1623743502045000,1,42.70000000,0.00000862
1623743502518000,1,34.20000000,0.00000862
1623743895768000,1,27.30000000,0.00000862
1623743977241000,0,208.60500000,0.00000862
1623743978961000,0,0.00008781,0.00000862
1623743978961000,0,520.90841741,0.00000862
1623743978961000,0,1354.36188526,0.00000862
1623744099789000,1,3476.01954495,0.00000864
1623744103781000,0,415.79920101,0.00000863
1623744103781000,0,1039.49800252,0.00000863
1623744144601000,1,8709.52771430,0.00000861
1623744144601000,1,3483.78892540,0.00000861
1623744144601000,1,22645.23359025,0.00000861
1623744145112000,1,14930.48628012,0.00000861
1623744208387000,1,3493.22517625,0.00000861
1623744335378000,1,208.60500000,0.00000862
1623744383366000,1,3493.63338206,0.00000862
1623744473367000,0,5302.93938089,0.00000863
1623744473367000,0,2121.17575236,0.00000863
1623744473367000,0,13792.62882675,0.00000863
1623744572574000,0,728.60000000,0.00000863
1623744721411000,1,728.60000000,0.00000864
1623744803861000,0,728.60000000,0.00000865
1623744886918000,0,2656.26743000,0.00000865
1623745107464000,1,728.60000000,0.00000865
1623745168902000,0,728.60000000,0.00000865
1623745343493000,1,728.60000000,0.00000864
1623745379603000,0,728.60000000,0.00000864
1623745403893000,1,3476.68378534,0.00000864
1623745414006000,1,3477.13062674,0.00000864
1623745476185000,0,2256.26144995,0.00000865
1623745659655000,1,728.60000000,0.00000865
1623745659689000,1,314.98796100,0.00000865
1623745826183000,1,3477.77602972,0.00000865
1623745826183000,1,8694.65719284,0.00000865
1623745898309000,1,8708.37775000,0.00000864
1623745898376000,1,0.00000653,0.00000864
1623745898697000,1,3101.27223191,0.00000863
1623745898735000,1,347.62456546,0.00000863
1623745911612000,0,728.60000000,0.00000863
1623746143779000,1,728.60000000,0.00000864
1623746143785000,1,2194.00144000,0.00000864
1623746231497000,1,604.00472022,0.00000864
1623746288009000,0,728.60000000,0.00000863
1623746288140000,0,2776.53497717,0.00000863
1623746288140000,0,8762.83743283,0.00000863
1623746342834000,1,3507.34026000,0.00000863
1623746361748000,0,8777.25124000,0.00000862
1623746361843000,0,0.00000101,0.00000862
1623746494627000,1,728.60000000,0.00000862
1623746511420000,0,728.60000000,0.00000862
1623746539137000,1,728.60000000,0.00000862
1623746539238000,1,8037.43083080,0.00000862
1623746539238000,1,12462.56916920,0.00000862
1623746539468000,1,4210.08583312,0.00000862
1623746606125000,0,185.00000000,0.00000862
1623746614777000,0,14040.59486103,0.00000862
1623746614803000,0,148.10000000,0.00000864
1623746683068000,1,500.00000000,0.00000861
1623746696873000,0,3526.41862355,0.00000860
1623746696877000,1,7063.55707645,0.00000860
1623746696955000,0,1752.48948243,0.00000860
1623746870294000,1,12500.00000000,0.00000859
1623747053935000,1,3543.62106504,0.00000861
1623747058819000,1,3543.76518331,0.00000861
1623747066091000,0,728.60000000,0.00000860
1623747095798000,0,23076.39549353,0.00000860
1623747095798000,0,3546.69950749,0.00000860
1623747095798000,0,8875.81161898,0.00000860
1623747118866000,0,3359.39582129,0.00000860
1623747118866000,0,8398.48955323,0.00000860
1623747207774000,0,7829.81285730,0.00000860
1623747211939000,0,2917.64767338,0.00000860
1623747233658000,0,8932.36387569,0.00000860
1623747247278000,1,3550.95287000,0.00000860
1623747247294000,1,0.00000042,0.00000860
1623747251805000,1,728.60000000,0.00000860
1623747286715000,0,3308.13583345,0.00000859
1623747286715000,0,17691.86416655,0.00000859
1623747286736000,0,121.66448161,0.00000859
1623747287004000,0,461.52393352,0.00000860
1623747287251000,0,2223.54966690,0.00000860
1623747287251000,0,461.52393310,0.00000860
1623747287304000,0,6251.16006795,0.00000860
1623747287304000,0,17452.97840272,0.00000860
1623747287669000,0,2681.95504804,0.00000861
1623747294080000,1,3541.24095000,0.00000861
1623747299291000,1,3542.40527000,0.00000861
1623747371451000,0,539.08400000,0.00000860
1623747371683000,0,0.00045788,0.00000860
1623747371683000,0,3499.97922212,0.00000860
1623747371714000,0,0.00001079,0.00000860
1623747392279000,1,23020.67031046,0.00000859
1623747392279000,1,3542.03470469,0.00000859
1623747392279000,1,8858.40000693,0.00000859
1623747397405000,0,1805.25880233,0.00000858
1623747397405000,0,4512.87071237,0.00000858
1623747397405000,0,11733.26689530,0.00000858
1623747402156000,0,1400.14743616,0.00000858
1623747402156000,0,3500.36859039,0.00000858
1623747402156000,0,9100.95832345,0.00000858
1623747482101000,1,3548.41985391,0.00000857
1623747482101000,1,8871.24143047,0.00000857
1623747482101000,1,23066.78551562,0.00000857
1623747518910000,1,3550.49389924,0.00000858
1623747518910000,1,8876.27213203,0.00000858
1623747518910000,1,23080.23028873,0.00000858
1623747661467000,0,3132.72613000,0.00000858
1623747687746000,0,2861.33888000,0.00000857
1623747718655000,0,189.51600000,0.00000857
1623747726512000,0,2902.03068692,0.00000857
1623747735500000,0,2791.68425443,0.00000857
1623747735500000,0,6979.21063606,0.00000857
1623747812017000,1,9748.87543212,0.00000858
1623747818203000,0,6988.64331032,0.00000857
1623747818203000,0,2795.45731968,0.00000857
1623747877304000,0,2975.34352660,0.00000857
1623747931675000,1,23139.12719483,0.00000856
1623747931675000,1,8900.87567962,0.00000856
1623747931675000,1,1812.14250555,0.00000856
1623747931937000,1,1749.35179310,0.00000856
1623747932511000,1,3567.24090774,0.00000855
1623747932511000,1,23187.73976002,0.00000855
1623747932511000,1,8918.15600549,0.00000855
1623747932991000,1,3864.16861826,0.00000854
1623747932991000,1,4047.59314435,0.00000854
1623747933047000,1,1006.39424288,0.00000854
1623747933047000,1,1992.77165109,0.00000854
1623747933051000,1,350.95817146,0.00000854
1623747933115000,1,810.94628571,0.00000854
1623747933131000,1,412.56479948,0.00000854
1623747933131000,1,1057.59854946,0.00000854
1623747933132000,1,2538.51939978,0.00000854
1623747990136000,1,728.60000000,0.00000855
1623747991452000,1,2834.36358367,0.00000855
1623748006478000,1,23222.01659866,0.00000854
1623748028419000,0,728.60000000,0.00000854
1623748028743000,0,2843.91658135,0.00000854
1623748029443000,1,728.60000000,0.00000854
1623748029458000,1,11110.96418000,0.00000854
1623748029667000,1,11218.73270810,0.00000853
1623748029667000,1,781.26729190,0.00000853
1623748029834000,1,3833.61442874,0.00000853
1623748029835000,1,2430.24618991,0.00000853
1623748029841000,1,698.17072255,0.00000853
1623748029851000,1,495.15490060,0.00000853
1623748029866000,1,698.17072255,0.00000853
1623748030036000,1,1643.19248826,0.00000852
1623748030066000,1,1930.44137675,0.00000852
1623748030066000,1,2881.76519601,0.00000852
1623748030084000,1,2960.00000000,0.00000852
1623748030089000,1,12323.94366197,0.00000852
1623748030093000,1,2817.52573941,0.00000852
1623748030103000,1,499.99999999,0.00000852
1623748030106000,1,1738.48613536,0.00000852
1623748030106000,1,8933.39058828,0.00000852
1623748031353000,0,3585.11064686,0.00000852
1623748031924000,1,2275.10240634,0.00000852
1623748033321000,1,3582.34495868,0.00000851
1623748035448000,0,3585.11064000,0.00000851
1623748035528000,0,0.00000686,0.00000851
1623748035528000,0,8962.77660314,0.00000851
1623748035529000,0,0.00001400,0.00000851
1623748035529000,0,3038.30563819,0.00000851
1623748035616000,0,20264.91356638,0.00000851
1623748052588000,0,3580.90277051,0.00000852
1623748052588000,0,8952.25691949,0.00000852
1623748055741000,0,728.60000000,0.00000852
1623748055853000,0,2853.73452000,0.00000852
1623748064568000,1,5368.13690828,0.00000852
1623748064568000,1,19875.25192172,0.00000852
1623748064582000,1,728.60000000,0.00000852
1623748064670000,1,2667.78247612,0.00000852
1623748064670000,1,3579.62460124,0.00000852
1623748115516000,1,3586.94862558,0.00000853
1623748121477000,0,3590.42190000,0.00000852
1623748122002000,0,0.00000330,0.00000852
1623748122331000,0,8976.05475000,0.00000852
1623748122498000,0,0.00000824,0.00000852
1623748128586000,0,728.60000000,0.00000853
1623748129182000,0,8235.75005412,0.00000853
1623748129182000,0,23310.95175588,0.00000853
1623748150560000,0,8965.53183000,0.00000853
1623748156465000,0,5374.46342073,0.00000854
1623748156465000,0,3586.21273342,0.00000854
1623748156465000,0,12794.96924585,0.00000854
1623748216204000,0,19694.45003782,0.00000855
1623748277738000,0,8946.22142883,0.00000855
1623748277738000,0,2859.32854117,0.00000855
1623748318076000,0,5351.38274052,0.00000855
1623748318076000,0,23193.70295960,0.00000855
1623748494582000,0,2427.67047000,0.00000855
1623748494582000,0,1143.30500537,0.00000855
1623748513272000,0,3570.97547000,0.00000855
1623748513350000,0,4060.68334502,0.00000855
1623748513350000,0,3052.66352601,0.00000855
1623748555917000,0,18273.68357913,0.00000856
1623748555917000,0,2813.13478602,0.00000856
1623748555917000,0,7032.80032353,0.00000856
1623748566400000,1,3562.06126626,0.00000856
1623748566400000,1,8905.15316564,0.00000856
1623748566400000,1,2032.78556810,0.00000856
1623748566469000,1,728.60000000,0.00000856
1623748566485000,1,20392.01266257,0.00000856
1623748650679000,1,8904.54932126,0.00000855
1623748650679000,1,23149.10729238,0.00000855
1623748650679000,1,3559.16451636,0.00000855
1623748651536000,1,23153.32246355,0.00000854
1623748651536000,1,3561.52885186,0.00000854
1623748651536000,1,3785.14868459,0.00000854
1623748651571000,1,2834.63806283,0.00000854
1623748678319000,0,3567.97373217,0.00000854
1623748678319000,0,8919.76607783,0.00000854
1623748713891000,1,3569.12730000,0.00000854
1623748806505000,0,3566.57420000,0.00000853
1623749125662000,0,317.31534862,0.00000855
1623749170645000,0,728.60000000,0.00000854
1623749170760000,0,8029.94980000,0.00000854
1623749283885000,1,578.56893000,0.00000853
1623749385469000,1,3533.20416000,0.00000854
1623749385637000,1,5299.90397000,0.00000854
1623749385702000,1,128.71000000,0.00000854
1623749385714000,1,0.00008211,0.00000854
1623749413733000,1,3532.57524000,0.00000854
1623749413811000,1,0.00000585,0.00000854
1623749413811000,1,8831.51874415,0.00000854
1623749414112000,1,0.00000724,0.00000854
1623749414112000,1,17234.53158276,0.00000854
1623749420819000,1,599.89000000,0.00000854
1623749421057000,1,2933.37624204,0.00000854
1623749421057000,1,599.88999796,0.00000854
1623749421212000,1,7500.00000000,0.00000854
1623749464533000,0,3539.19310000,0.00000853
1623749464551000,0,0.00000765,0.00000853
1623749530503000,1,1005.92686000,0.00000852
1623749530678000,1,6042.78713769,0.00000852
1623749530678000,1,8851.66931756,0.00000852
1623749530678000,1,3544.17676367,0.00000852
1623749563055000,0,23083.62932199,0.00000852
1623749563055000,0,3548.94216506,0.00000852
1623749563055000,0,8872.18243295,0.00000852
1623749831158000,1,23027.87386708,0.00000854
1623749831158000,1,6976.88005292,0.00000854
1623749831247000,1,1882.90827790,0.00000854
1623749831247000,1,3543.29166210,0.00000854
1623749961093000,0,3.06897336,0.00000854
1623749991879000,1,3538.97503000,0.00000855
1623750093228000,0,728.60000000,0.00000853
1623750093451000,0,8126.65425608,0.00000853
1623750203968000,1,1756.76390000,0.00000855
1623750329647000,1,728.60000000,0.00000854
1623750379772000,0,2.30167301,0.00000852
1623750379772000,0,8887.20983699,0.00000852
1623750409036000,1,9294.22689000,0.00000852
1623750426513000,0,42.73862790,0.00000853
1623750436436000,0,7061.31829000,0.00000853
1623750444607000,0,728.60000000,0.00000853
1623750444617000,0,22362.80644428,0.00000853
1623750444757000,1,728.59999572,0.00000853
1623750455710000,1,728.60000000,0.00000853
1623750531139000,1,3558.28961549,0.00000853
1623750818993000,1,8000.00000000,0.00000851
1623750840038000,1,8897.84777000,0.00000851
1623750840594000,1,0.00000033,0.00000851
1623750843411000,1,3562.33495933,0.00000850
1623750843411000,1,2437.66504067,0.00000850
1623750844815000,1,6460.18272966,0.00000850
1623750901487000,0,1801.68176048,0.00000850
1623750916358000,0,5346.83705256,0.00000850
1623750916358000,0,23173.78213744,0.00000850
1623750916385000,0,0.00001113,0.00000850
1623751145763000,0,728.60000000,0.00000850
1623751145866000,0,426.96979265,0.00000850
1623751145947000,1,728.59999735,0.00000850
1623751145962000,0,8000.00000000,0.00000850
1623751170729000,1,728.60000000,0.00000850
1623751170905000,1,3556.18026000,0.00000850
1623751260145000,0,3552.15622099,0.00000851
1623751260145000,0,8880.39055247,0.00000851
1623751260145000,0,16192.56754654,0.00000851
1623751260229000,0,6896.44788000,0.00000851
1623751260234000,0,0.00000989,0.00000851
1623751261344000,0,3548.93712625,0.00000852
1623751261344000,0,920.74650099,0.00000852
1623751261512000,0,3519.31397243,0.00000852
1623751261599000,0,4432.16833280,0.00000852
1623751261599000,0,3779.56437904,0.00000852
1623751261639000,0,586.55233656,0.00000852
1623751261778000,0,586.16283424,0.00000852
1623751261825000,0,728.60000000,0.00000852
1623751262062000,0,17386.68460000,0.00000852
1623751265624000,1,3543.81782000,0.00000852
1623751499382000,1,728.60000000,0.00000853
1623751499405000,1,22296.41955509,0.00000853
1623751519608000,1,1779.97067000,0.00000853
1623751594930000,1,3553.28870308,0.00000853
1623751594930000,1,19946.71129692,0.00000853
1623751613508000,0,3555.79936000,0.00000852
1623751613527000,0,0.00000012,0.00000852
1623751613527000,0,728.59999988,0.00000852
1623751643564000,1,728.60000000,0.00000852
1623751646972000,1,8218.72380000,0.00000852
1623751741010000,1,1500.00000000,0.00000852
1623751776827000,1,1778.73888036,0.00000852
1623751776827000,1,2628.77802616,0.00000852
1623752167102000,0,49.28445249,0.00000851
1623752331617000,0,728.60000000,0.00000851
1623752376122000,1,3562.47747180,0.00000850
1623752397031000,1,728.60000000,0.00000850
1623752412951000,1,8900.07136581,0.00000850
1623752412951000,1,23136.02809924,0.00000850
1623752446478000,1,8915.37539270,0.00000849
1623752446478000,1,3567.52608013,0.00000849
1623752446850000,1,919.81138727,0.00000848
1623752449168000,0,3573.47055000,0.00000848
1623752450731000,0,0.00000460,0.00000848
1623752450731000,0,728.59999540,0.00000848
1623752450844000,0,8205.07639000,0.00000848
1623752493057000,0,20147.98251000,0.00000849
1623752515986000,1,728.60000000,0.00000849
1623752516072000,1,2845.89084396,0.00000849
1623752516072000,1,8936.26379139,0.00000849
1623752516072000,1,23234.56173465,0.00000849
1623752653864000,0,728.60000000,0.00000848
1623752792897000,1,4415.27839577,0.00000849
1623752793047000,0,944.19788916,0.00000849
1623752999534000,1,728.60000000,0.00000850
1623753145747000,0,4221.67882352,0.00000849
1623753147391000,0,4694.04520000,0.00000849
1623753313841000,1,4416.13412422,0.00000849
1623753315952000,1,4416.13412422,0.00000849
1623753316106000,0,4416.13412422,0.00000849
1623753520169000,1,23207.30989836,0.00000849
1623753584610000,0,728.60000000,0.00000849
1623753584781000,0,8186.28726000,0.00000849
1623753659007000,1,728.60000000,0.00000849
1623753829095000,0,728.60000000,0.00000849
1623753829100000,0,22464.50138398,0.00000849
1623753829701000,0,8920.42360922,0.00000850
1623753829701000,0,3568.16944369,0.00000850
1623753829701000,0,23193.10138398,0.00000850
1623753830184000,0,2821.49049527,0.00000851
1623753830184000,0,745.57815692,0.00000851
1623753830184000,0,2822.00287663,0.00000851
1623753830226000,0,3163.84788747,0.00000851
1623753830305000,0,2931.62275053,0.00000851
1623753830305000,0,800.93052692,0.00000851
1623753830308000,0,7201.87298097,0.00000851
1623753830351000,0,741.17803293,0.00000851
1623753830398000,0,1176.20006222,0.00000851
1623753830473000,0,769.97566705,0.00000851
1623753861333000,0,4402.19031204,0.00000851
1623753862920000,1,2630.60374000,0.00000851
1623753871219000,1,728.60000000,0.00000851
1623753911027000,0,728.60000000,0.00000851
1623753953440000,1,23126.46982000,0.00000851
1623753953483000,1,0.00000989,0.00000851
1623753976417000,0,23105.95554844,0.00000852
1623753976417000,0,3554.79534227,0.00000852
1623753976417000,0,8886.97735618,0.00000852
1623754124256000,0,8.90125077,0.00000853
1623754128096000,0,3555.29057068,0.00000853
1623754137907000,1,728.60000000,0.00000853
1623754164837000,1,3555.17799881,0.00000853
1623754219678000,1,3555.60503921,0.00000853
1623754219678000,1,8886.66111950,0.00000853
1623754219678000,1,23101.21210510,0.00000853
1623754220101000,1,2697.10277078,0.00000852
1623754220124000,1,855.91861656,0.00000852
1623754220124000,1,117.19149231,0.00000852
1623754220149000,1,597.64229091,0.00000852
1623754220163000,1,7000.22771259,0.00000852
1623754220164000,1,3517.75514502,0.00000852
1623754220294000,1,1992.74657462,0.00000851
1623754220592000,1,1471.13999999,0.00000851
1623754220617000,1,89.13481273,0.00000851
1623754220617000,1,4977.93825789,0.00000851
1623754220956000,1,3342.50000000,0.00000851
1623754220977000,1,562.20067823,0.00000851
1623754220977000,1,1371.04016599,0.00000851
1623754221090000,1,724.31999788,0.00000851
1623754228806000,0,1.13903517,0.00000852
1623754228806000,0,727.46096483,0.00000852
1623754253923000,1,728.60000000,0.00000852
1623754494048000,0,7127.43604000,0.00000851
1623754512400000,0,728.60000000,0.00000851
1623754570737000,0,23172.49924000,0.00000851
1623754601811000,0,8908.62015013,0.00000852
1623754601811000,0,3561.48442987,0.00000852
1623754602303000,1,3556.11517959,0.00000852
1623754602303000,1,8890.41032143,0.00000852
1623754602303000,1,23116.35561898,0.00000852
1623754624372000,1,728.60000000,0.00000852
1623754682964000,0,728.60000000,0.00000851
1623754698295000,1,728.60000000,0.00000850
1623754708683000,1,3567.85180000,0.00000850
1623754708683000,1,8919.62950000,0.00000850
1623754738958000,1,3567.85180000,0.00000850
1623754738958000,1,855.78413487,0.00000850
1623754742302000,1,8066.19936481,0.00000850
1623754742302000,1,23197.15709918,0.00000850
1623754743228000,0,728.60000000,0.00000850
1623754869855000,1,3560.53475000,0.00000852
1623754883504000,1,3560.53475000,0.00000852
1623755245185000,0,731.99999999,0.00000851
1623755550104000,1,8888.52692188,0.00000851
1623755550104000,1,3555.32909895,0.00000851
1623755593674000,0,3558.98673272,0.00000851
1623755593710000,0,847.44053937,0.00000851
1623755743157000,1,728.60000000,0.00000850
1623755765380000,0,4408.90584948,0.00000850
1623755784309000,0,3561.27870075,0.00000850
1623755784309000,0,842.54641657,0.00000850
1623755796117000,0,23149.05498435,0.00000850
1623755796117000,0,3561.39307452,0.00000850
1623755796117000,0,8903.48268629,0.00000850
1623755892324000,1,3557.90564130,0.00000850
1623755892324000,1,2061.25557870,0.00000850
1623755978750000,1,3561.33743000,0.00000850
1623756080245000,0,482.71000000,0.00000850
1623756250760000,1,4415.22093165,0.00000850
1623756396211000,1,808.99999999,0.00000849
1623756427933000,1,3563.16095634,0.00000849
1623756427933000,1,8907.90239084,0.00000849
1623756427933000,1,23160.54621618,0.00000849
1623756546097000,1,424.11309116,0.00000849
1623756596023000,1,3567.60744725,0.00000849
1623756605425000,1,3567.60744725,0.00000849
1623756605425000,1,856.74954971,0.00000849
1623756852315000,1,1500.00000000,0.00000848
1623756862315000,0,728.60000000,0.00000848
1623756921540000,0,3569.46472842,0.00000850
1623756921540000,0,8923.66182106,0.00000850
1623756921540000,0,23201.52073475,0.00000850
1623756931364000,1,728.60000000,0.00000849
1623757065901000,0,23293.70801286,0.00000850
1623757065901000,0,3584.08786218,0.00000850
1623757065901000,0,8960.09681911,0.00000850
1623757089762000,0,0.02107542,0.00000850
1623757089762000,0,8956.16120302,0.00000850
1623757210258000,1,3588.91082485,0.00000850
1623757491428000,0,4439.01713918,0.00000849
1623757491537000,1,4439.01713918,0.00000849
1623757491616000,1,94.26473077,0.00000849
1623757491616000,1,4344.75240841,0.00000849
1623757491626000,1,4000.00000000,0.00000849
1623757540856000,1,23325.38530389,0.00000849
1623757971585000,0,68.99750000,0.00000847
1623757978715000,0,12536.18150042,0.00000847
1623757978715000,0,3597.33724668,0.00000847
1623757978715000,0,8989.33851290,0.00000847
1623758119298000,0,728.60000000,0.00000847
1623758165261000,1,8967.63362000,0.00000848
1623758169572000,1,0.00000504,0.00000848
1623758169572000,1,8593.88620496,0.00000848
1623758256128000,1,4435.12829771,0.00000848
1623758325511000,1,728.60000000,0.00000848
1623758409031000,1,500.00000000,0.00000847
1623758467108000,0,1434.99745247,0.00000846
1623758467686000,0,2159.89531788,0.00000846
1623758467686000,0,1330.90728260,0.00000846
1623758467827000,0,730.16784869,0.00000846
1623758469173000,1,1000.00000000,0.00000846
1623758526698000,0,4442.19894027,0.00000846
1623758526900000,0,3583.42039537,0.00000846
1623758564688000,0,728.60000000,0.00000846
1623758571764000,1,728.60000000,0.00000846
1623758595338000,0,9862.43030653,0.00000846
1623758616337000,0,19704.65566000,0.00000847
1623758618396000,1,8914.40756607,0.00000847
1623758618396000,1,3565.70503576,0.00000847
1623758618396000,1,9224.54305817,0.00000847
1623758674000000,1,1000.00000000,0.00000847
1623758722377000,0,728.60000000,0.00000847
1623758808697000,0,8.82072419,0.00000848
1623758817380000,0,3562.68398310,0.00000848
1623758828908000,1,728.60000000,0.00000848
1623759389939000,0,23130.62407911,0.00000848
1623759389939000,0,3557.43772701,0.00000848
1623759389939000,0,8893.55925222,0.00000848
1623759389939000,0,4412.35406166,0.00000848
1623759390702000,0,0.00002702,0.00000848
1623759517565000,0,19542.66838000,0.00000849
1623759517611000,0,0.00000773,0.00000849
1623759584225000,0,3366.86485541,0.00000850
1623759584293000,0,728.60000000,0.00000850
1623759629572000,1,3550.35281605,0.00000850
1623759855657000,1,23087.26871000,0.00000850
1623759885446000,0,3555.26669000,0.00000849
1623759949376000,1,728.60000000,0.00000849
1623759949505000,1,7504.64148000,0.00000849
1623759961900000,0,728.60000000,0.00000849
1623760032278000,1,3559.92272218,0.00000849
1623760088555000,1,3558.82607116,0.00000849
1623760302195000,1,728.60000000,0.00000847
1623760658213000,0,1788.90849976,0.00000845
1623760716224000,0,10768.32326000,0.00000844
1623760716463000,0,3584.75772000,0.00000844
1623760917717000,1,3008.90813658,0.00000843
1623760924008000,1,2699.84146166,0.00000842
1623760988848000,0,2930.61019484,0.00000842
1623761193651000,1,3597.77268369,0.00000842
1623761193651000,1,867.08953267,0.00000842
1623761245742000,1,4465.45971030,0.00000842
1623761266489000,1,3661.88246626,0.00000842
1623761266489000,1,803.52581671,0.00000842
1623761287369000,1,8999.87311619,0.00000842
1623761287369000,1,3599.94924648,0.00000842
1623761301689000,1,8999.87311619,0.00000842
1623761301689000,1,3599.94924648,0.00000842
1623761301997000,0,728.60000000,0.00000842
1623761328252000,1,728.60000000,0.00000842
1623761342375000,1,3596.65707275,0.00000842
1623761401883000,1,3588.35040365,0.00000843
1623761401883000,1,8971.00131369,0.00000843
1623761401883000,1,23323.69659191,0.00000843
1623761412190000,1,3588.26101414,0.00000842
1623761433836000,0,728.60000000,0.00000841
1623761446495000,1,100.00000000,0.00000840
1623761459833000,0,3592.94585156,0.00000839
1623761459833000,0,8982.36462890,0.00000839
1623761459833000,0,23354.14801954,0.00000839
1623761476622000,0,3588.66853000,0.00000840
1623761476730000,0,0.00000507,0.00000840
1623761476730000,0,8971.67132493,0.00000840
1623761476811000,0,0.00001275,0.00000840
1623761476811000,0,5999.99998725,0.00000840
1623761504583000,1,728.60000000,0.00000840
1623761510137000,1,3572.94752584,0.00000840
1623761520759000,1,3573.32201000,0.00000840
1623761525623000,1,0.00000697,0.00000840
1623761594803000,0,728.60000000,0.00000840
1623761709600000,1,2952.79954734,0.00000840
1623761831479000,1,75.00000000,0.00000839
1623761938762000,1,107.72384779,0.00000838
1623761946647000,1,3576.76551000,0.00000838
1623761983308000,1,3565.94051243,0.00000839
1623761983308000,1,8937.22103757,0.00000839
1623761996490000,1,728.60000000,0.00000839
1623761996602000,0,8937.30792815,0.00000839
1623762283590000,1,3576.33618599,0.00000840
1623762288960000,1,3576.45544561,0.00000840
1623762314213000,1,3576.61305088,0.00000840
1623762431316000,1,4442.87793550,0.00000839
1623762521349000,0,1809.13028520,0.00000839
1623762538752000,1,3587.44826362,0.00000839
1623762553350000,1,3588.09842326,0.00000839
1623762560334000,0,3588.27811419,0.00000839
1623762561977000,0,851.87121221,0.00000839
1623762566281000,1,3588.08131077,0.00000839
1623762566281000,1,23315.42499028,0.00000839
1623762566787000,1,8968.44888560,0.00000839
1623762570079000,0,3588.24816445,0.00000839
1623762588567000,1,8966.43747684,0.00000839
1623762589044000,0,4445.83242140,0.00000839
1623762748495000,1,3588.08212202,0.00000839
1623762754563000,0,3586.26455286,0.00000839
1623762766645000,0,856.84465462,0.00000839
1623762766721000,1,2729.52253522,0.00000839
1623762837679000,1,3586.27332746,0.00000839
1623762837679000,1,8965.89299248,0.00000839
1623762872131000,1,3587.77438988,0.00000839
1623762887839000,0,857.08946060,0.00000839
1623763028210000,0,728.60000000,0.00000839
1623763028310000,0,2858.79819000,0.00000839
1623763077615000,0,3582.12408510,0.00000840
1623763616985000,1,3528.99646000,0.00000839
1623763617083000,1,728.60000000,0.00000839
1623763617565000,1,19064.54202472,0.00000839
1623763698025000,0,4441.16173745,0.00000840
1623764351021000,1,3590.66409897,0.00000839
1623764351021000,1,8976.84116103,0.00000839
1623764643773000,0,4427.07092504,0.00000842
1623764788413000,1,1755.02129000,0.00000842
1623764795404000,1,3571.92531000,0.00000842
1623764795481000,1,0.00000143,0.00000842
1623764828254000,1,8927.15385638,0.00000841
1623764828254000,1,3572.62563068,0.00000841
1623764828254000,1,23238.25943735,0.00000841
1623764996343000,1,1700.99727900,0.00000842
1623765116803000,1,1.40798386,0.00000842
1623765211233000,1,4436.36548864,0.00000841
1623765212639000,1,4523.71964737,0.00000841
1623765212639000,1,23284.92160506,0.00000841
1623765496699000,1,3593.74511000,0.00000840
1623765614558000,1,8940.48910054,0.00000840
1623765614558000,1,23245.27166141,0.00000840
1623765788081000,1,14359.28440000,0.00000840
1623765979806000,1,3598.08641371,0.00000839
1623765979806000,1,8995.28445031,0.00000839
1623766051915000,1,3604.79581597,0.00000839
1623766306334000,1,3602.55247714,0.00000838
1623766420805000,1,8982.85713000,0.00000839
1623766680801000,1,2000.00000000,0.00000838
1623766723572000,0,2.83609063,0.00000837
1623766723572000,0,725.76390937,0.00000837
1623766723678000,0,2883.36122000,0.00000837
1623766754267000,1,75.00000000,0.00000836
1623766754267000,1,653.60000000,0.00000836
1623766760626000,1,69.00000000,0.00000835
1623766760626000,1,3616.04617047,0.00000835
1623766764250000,0,728.60000000,0.00000835
1623766764332000,0,2889.16974697,0.00000835
1623766764332000,0,9044.42435303,0.00000835
1623766805279000,0,14478.46421000,0.00000835
1623766805385000,0,0.00000397,0.00000835
1623766821079000,1,3615.68478677,0.00000836
1623766821079000,1,9039.76076694,0.00000836
1623766821079000,1,20344.55444629,0.00000836
1623766821395000,1,728.60000000,0.00000836
1623766845502000,0,23528.71239404,0.00000835
1623766990553000,1,4482.56610001,0.00000834
1623766990721000,1,3624.91086888,0.00000834
1623766991320000,1,857.65523113,0.00000834
1623766991924000,0,9062.27717220,0.00000834
1623767037277000,1,4485.12482659,0.00000834
1623767040561000,1,3624.08914952,0.00000834
1623767041488000,1,861.03567707,0.00000834
1623767042404000,1,4485.12482659,0.00000834
1623767043200000,0,9060.22287380,0.00000834
1623767072049000,1,3622.82990315,0.00000834
1623767072059000,1,863.49216924,0.00000834
1623767078192000,1,3622.82990315,0.00000834
1623767078202000,1,863.27299712,0.00000834
1623767078292000,0,8193.80176076,0.00000834
1623767081296000,1,4486.10290027,0.00000834
1623767081475000,1,3622.82990315,0.00000834
1623767082029000,1,859.98644455,0.00000834
1623767085050000,1,4482.81634770,0.00000834
1623767125054000,0,4485.34614798,0.00000834
1623767161529000,1,4500.00000000,0.00000832
1623767184385000,1,3965.08103000,0.00000832
1623767193707000,0,3631.37581490,0.00000832
1623767193707000,0,23697.79659783,0.00000832
1623767206736000,0,3639.11385866,0.00000833
1623767206736000,0,23669.34786242,0.00000833
1623767207745000,1,9102.33150000,0.00000833
1623767214993000,0,3641.43813268,0.00000833
1623767216910000,0,3641.43813268,0.00000833
1623767217592000,0,9103.59533170,0.00000833
1623767285055000,0,11.32545893,0.00000832
1623767285055000,0,9104.48463897,0.00000832
1623767326017000,0,9104.48463897,0.00000832
1623767326017000,0,3641.79385559,0.00000832
1623767326017000,0,23671.66006133,0.00000832
1623767349109000,1,4506.73729381,0.00000832
1623767349199000,0,4145.24992225,0.00000832
1623767349199000,0,361.48737156,0.00000832
1623767355430000,0,3054.70102234,0.00000832
1623767355430000,0,7636.75255586,0.00000832
1623767356264000,1,4506.48227526,0.00000832
1623767381039000,1,2535.44387000,0.00000833
1623767396025000,0,728.60000000,0.00000833
1623767420332000,0,570.85851318,0.00000833
1623767457970000,1,728.60000000,0.00000832
1623767462635000,1,9104.45855000,0.00000832
1623767463167000,1,0.00000613,0.00000832
1623767463858000,1,75.00000000,0.00000831
1623767463858000,1,23670.35685954,0.00000831
1623767463858000,1,3644.21010925,0.00000831
1623767463858000,1,9104.45855613,0.00000831
1623767508308000,0,728.60000000,0.00000831
1623767508443000,0,8389.26208000,0.00000831
1623767530540000,1,14500.00000000,0.00000832
1623767544515000,1,728.60000000,0.00000832
1623767771171000,0,728.60000000,0.00000833
1623767777182000,0,3645.37463129,0.00000833
1623767824626000,0,3643.52695610,0.00000833
1623767824626000,0,9108.81739025,0.00000833
1623767824626000,0,23682.92521465,0.00000833
1623767842054000,1,728.60000000,0.00000834
1623767889842000,0,3639.32963708,0.00000833
1623767889842000,0,9098.32409271,0.00000833
1623768023813000,0,3640.99846694,0.00000833
1623768023813000,0,9102.31131197,0.00000833
1623768023813000,0,23659.44406931,0.00000833
1623768097709000,0,1839.24652545,0.00000833
1623768097709000,0,3637.26766271,0.00000833
1623768101404000,0,3631.46112218,0.00000833
1623768235661000,0,728.60000000,0.00000833
1623768281027000,1,728.60000000,0.00000834
1623768524570000,0,4488.92078586,0.00000834
1623768524660000,1,4568.35109000,0.00000834
1623768527806000,0,4491.83436574,0.00000834
1623768531895000,1,3627.90563557,0.00000834
1623768535131000,0,4490.74170849,0.00000834
1623768535232000,1,4490.74170849,0.00000834
1623768535276000,1,86.85709281,0.00000834
1623768540173000,0,4490.21403918,0.00000834
1623768540274000,1,4490.21403918,0.00000834
1623768549885000,0,4493.41404255,0.00000834
1623768549992000,1,4493.41404255,0.00000834
1623768575727000,1,3628.07971160,0.00000834
1623768579974000,1,4494.11756190,0.00000834
1623768580229000,1,4580.65995849,0.00000834
1623768902719000,1,9097.80774024,0.00000833
1623768985347000,0,3655.92526220,0.00000832
1623768985347000,0,23694.99349430,0.00000832
1623769057702000,0,3639.48568805,0.00000833
1623769204803000,1,3641.01057210,0.00000832
1623769204803000,1,9102.52643024,0.00000832
1623769240055000,1,3636.63961103,0.00000833
1623769335154000,1,327.00989303,0.00000832
1623769391639000,1,3315.46823229,0.00000832
1623769391639000,1,9106.19531329,0.00000832
1623769391639000,1,23676.10781456,0.00000832
1623769392281000,1,3648.12764081,0.00000831
1623769392281000,1,5169.44109490,0.00000831
1623769392363000,1,1804.71640253,0.00000831
1623769392392000,1,2146.16160459,0.00000831
1623769392392000,1,4350.81744452,0.00000831
1623769392393000,1,601.57213417,0.00000831
1623769392399000,1,18760.44008655,0.00000831
1623769424714000,1,14614.34901119,0.00000831
1623769435517000,1,3656.91764859,0.00000831
1623769461601000,0,728.60000000,0.00000831
1623769502834000,1,728.60000000,0.00000831
1623769510669000,0,0.02203460,0.00000831
1623769510669000,0,9151.13709654,0.00000831
1623769593789000,0,3657.58003452,0.00000831
1623769648322000,0,0.77306373,0.00000831
1623769648322000,0,4522.39398989,0.00000831
1623769648360000,0,19267.63950790,0.00000831
1623769665131000,0,3658.53015804,0.00000831
1623769665131000,0,23790.03349779,0.00000831
1623769677083000,0,4522.02608944,0.00000831
1623769677197000,0,956.86604816,0.00000831
1623769686707000,1,4521.46993035,0.00000831
1623769686881000,1,3655.83549360,0.00000831
1623769688997000,1,865.63443675,0.00000831
1623769689091000,0,22897.29627167,0.00000831
1623769695779000,0,9134.55910057,0.00000832
1623769695779000,0,23747.90610951,0.00000832
1623769695779000,0,3652.67950818,0.00000832
1623769953524000,0,728.60000000,0.00000833
1623769957788000,0,3641.99049844,0.00000833
1623770021637000,0,16387.57960000,0.00000834
1623770021836000,0,0.00000762,0.00000834
1623770075580000,1,728.60000000,0.00000833
1623770101048000,0,3638.80013724,0.00000833
1623770256333000,1,2500.00000000,0.00000834
1623770316061000,1,5324.81854000,0.00000833
1623770392386000,0,3650.83144327,0.00000832
1623770392386000,0,9127.07860818,0.00000832
1623770445680000,0,20096.39082794,0.00000832
1623770468571000,1,0.17173609,0.00000832
1623770481866000,0,3656.56254103,0.00000832
1623770481866000,0,9141.40635257,0.00000832
1623770481866000,0,23767.65651667,0.00000832
1623770496405000,0,3656.56254103,0.00000832
1623770496405000,0,23767.65651667,0.00000832
1623770496923000,0,9141.40635257,0.00000832
1623770496923000,0,23767.65651667,0.00000832
1623770747434000,0,728.60000000,0.00000835
1623770747522000,0,10195.02796398,0.00000835
1623770747522000,0,3636.91439992,0.00000835
1623770747522000,0,9092.04950483,0.00000835
1623770889972000,0,12.59242552,0.00000835
1623770914685000,1,728.60000000,0.00000835
1623770915000000,1,8344.36349495,0.00000835
1623770915000000,1,3631.50504355,0.00000835
1623770915379000,1,4187.96184652,0.00000834
1623770915379000,1,877.42954089,0.00000834
1623770915401000,1,1011.05689768,0.00000834
1623770915446000,1,2144.31281436,0.00000834
1623770915465000,1,447.04000000,0.00000834
1623770915466000,1,2245.69000000,0.00000834
1623770915468000,1,3448.23239808,0.00000834
1623771088127000,1,3.81944152,0.00000835
1623771239952000,0,3635.05409160,0.00000834
1623771635129000,0,728.60000000,0.00000834
1623771800149000,1,3633.88453426,0.00000835
1623771800149000,1,867.11099847,0.00000835
1623771800154000,1,8217.60033719,0.00000835
1623771800154000,1,23620.24947271,0.00000835
1623771821892000,1,728.60000000,0.00000835
1623771822054000,1,512.59242000,0.00000835
1623771852411000,1,1.23675922,0.00000835
1623772139272000,0,19970.87102277,0.00000836
1623772139272000,0,3629.50970297,0.00000836
1623772197629000,1,3628.32645970,0.00000836
1623772282630000,0,4482.64584707,0.00000836
1623772283797000,0,4481.95090695,0.00000836
1623772570592000,0,728.60000000,0.00000836
1623772570715000,0,8333.33843000,0.00000836
1623772570742000,0,0.00000621,0.00000836
1623772598037000,1,1585.85576495,0.00000836
1623772609208000,1,2038.15665955,0.00000836
1623772609208000,1,6295.18177045,0.00000836
1623772794929000,1,728.60000000,0.00000835
1623772795480000,1,471.51164277,0.00000835
1623772805564000,0,3626.74190328,0.00000834
1623772805564000,0,4494.50845257,0.00000834
1623772805564000,0,9067.06771647,0.00000834
1623772805564000,0,23573.99320768,0.00000834
1623772824571000,1,3628.51700513,0.00000834
1623772894939000,1,9061.38200744,0.00000835
1623772904248000,0,728.60000000,0.00000835
1623772904386000,0,2895.66209344,0.00000835
1623772904386000,0,9060.65523361,0.00000835
1623772904386000,0,23557.70359295,0.00000835
1623772904514000,0,0.00001442,0.00000835
1623772917107000,0,9034.88844580,0.00000836
1623772917107000,0,5465.11155420,0.00000836
1623772917181000,1,3525.59840000,0.00000836
1623772917194000,1,728.60000000,0.00000836
1623772936810000,1,3613.95537832,0.00000835
1623772936810000,1,9034.88844580,0.00000835
1623772936810000,1,937.22668339,0.00000835
1623772936927000,1,22553.48327569,0.00000835
1623773019084000,1,0.11274608,0.00000835
1623773019085000,1,7282.76887076,0.00000835
1623773027757000,1,4490.08105261,0.00000835
1623773028935000,1,2508.42583618,0.00000835
1623773056992000,0,728.60000000,0.00000835
1623773127578000,0,3620.39453684,0.00000835
1623773216453000,1,5423.96415000,0.00000836
1623773216522000,1,0.00000941,0.00000836
1623773216522000,1,23542.49123059,0.00000836
1623773347051000,1,728.60000000,0.00000835
1623773425209000,0,3619.08092192,0.00000835
1623773448529000,0,3621.08746903,0.00000835
1623773452281000,0,1259.83160905,0.00000835
1623773549211000,1,2738.08308992,0.00000834
1623774024348000,1,5424.12169185,0.00000835
1623774027849000,0,3616.71588529,0.00000835
1623774031163000,0,2459.16242286,0.00000835
1623774031163000,0,6579.85454390,0.00000835
1623774031431000,0,1920.14545610,0.00000835
1623774283658000,1,4472.05804904,0.00000835
1623774283658000,1,4566.35952795,0.00000835
1623774283662000,1,3433.64047205,0.00000835
1623774283773000,0,181.72655875,0.00000835
1623774378953000,0,1814.88764190,0.00000835
1623774378953000,0,7226.17375547,0.00000835
1623774420789000,0,728.60000000,0.00000835
1623774468420000,0,2527.36509564,0.00000835
1623774468548000,0,1088.34030652,0.00000835
1623774468548000,0,4688.51117073,0.00000835
1623774469028000,0,4011.70241475,0.00000835
1623774469212000,0,339.04991992,0.00000835
1623774469212000,0,744.10973206,0.00000835
1623774485058000,0,8545.51435115,0.00000835
1623774605124000,0,761.34418981,0.00000836
1623774605168000,0,2854.47925526,0.00000836
1623774605168000,0,1713.56817042,0.00000836
1623774613625000,1,1901.28442316,0.00000836
1623774613811000,1,1054.46911784,0.00000836
1623774614734000,0,1241.85045207,0.00000836
1623774614920000,0,1241.85045207,0.00000836
1623774635460000,0,2691.93637535,0.00000837
1623774635588000,0,920.57703948,0.00000837
1623774647605000,0,3603.18347228,0.00000837
1623774871095000,0,23526.24949612,0.00000836
1623774993010000,0,23515.85854328,0.00000835
1623774993010000,0,3614.90401875,0.00000835
1623774993010000,0,9036.90305683,0.00000835
1623775053322000,0,3610.77799177,0.00000835
1623775067257000,0,3610.77799177,0.00000835
1623775130512000,1,728.60000000,0.00000836
1623775130627000,1,1065.42474000,0.00000836
1623775416119000,1,3607.98116130,0.00000837
1623775462435000,0,728.60000000,0.00000837
1623775705961000,1,728.60000000,0.00000838
1623776049161000,1,3595.67146519,0.00000839
1623776058532000,1,3595.69459474,0.00000839
1623776065959000,1,3596.33772356,0.00000839
1623776091544000,1,3595.03855231,0.00000839
1623776120123000,0,855.28056353,0.00000839
1623776120292000,1,2739.68083274,0.00000839
1623776152837000,0,3594.36196803,0.00000839
1623776156160000,0,859.36660457,0.00000839
1623776161022000,1,3594.27625012,0.00000839
1623776161040000,0,856.49816559,0.00000839
1623776298423000,1,3595.67653031,0.00000838
1623776315405000,1,3595.72802407,0.00000838
1623776454852000,1,4116.30414339,0.00000838
1623776454852000,1,8987.06862342,0.00000838
1623776454852000,1,3594.81288831,0.00000838
1623776455494000,0,3597.39604070,0.00000838
1623776518478000,0,14.36620145,0.00000839
1623776527510000,0,4447.51570087,0.00000839
1623776528609000,0,4447.83688776,0.00000839
1623776528650000,0,14461.40056109,0.00000839
1623776600854000,1,1797.68167491,0.00000839
1623776644022000,0,7195.55136157,0.00000839
1623776652476000,0,2699.77238557,0.00000841
1623776652563000,0,892.82737626,0.00000841
1623776652563000,0,23351.89845186,0.00000841
1623776652563000,0,8981.49939188,0.00000841
1623776652632000,0,0.00001268,0.00000841
1623776673385000,0,3588.32794285,0.00000841
1623776673385000,0,8970.81985711,0.00000841
1623776676690000,0,2.20175948,0.00000842
1623776758585000,1,8955.56959000,0.00000839
1623776796054000,1,3585.08129870,0.00000838
1623776813569000,1,6.20398696,0.00000838
1623776863776000,1,3582.72849000,0.00000840
1623776863875000,1,0.00000711,0.00000840
1623777287316000,1,0.97998293,0.00000838
1623777287316000,1,23336.89317182,0.00000838
1623777488578000,0,1804.24212000,0.00000837
1623777488624000,0,0.00000658,0.00000837
1623777672285000,0,14.54075163,0.00000836
1623777678017000,0,3598.04933776,0.00000836
1623777681562000,0,3598.45838853,0.00000836
1623777683214000,0,2788.95152208,0.00000836
1623777683214000,0,6204.90136672,0.00000836
1623777686566000,0,4795.09863328,0.00000836
1623777719704000,1,3599.26279539,0.00000836
1623777724703000,1,3598.66416147,0.00000836
1623777746460000,1,3598.72444651,0.00000836
1623777774639000,0,728.60000000,0.00000836
1623777998251000,0,3599.15585111,0.00000836
1623778027339000,0,23419.81094923,0.00000836
1623778035928000,0,30.20000000,0.00000836
1623778277856000,1,3600.23900000,0.00000836
1623778545898000,1,7207.77427861,0.00000836
1623778546027000,1,3601.05200845,0.00000836
1623778546058000,1,191.17371294,0.00000836
1623778613159000,0,3594.60702115,0.00000837
1623778613159000,0,8986.51755288,0.00000837
1623778673138000,1,4446.00254743,0.00000837
1623778673248000,0,951.22630764,0.00000837
1623778716571000,0,3595.71049429,0.00000837
1623778716571000,0,1780.75361207,0.00000837
1623778716638000,0,790.99999999,0.00000837
1623778716706000,0,6417.52262366,0.00000837
1623778716706000,0,790.99999634,0.00000837
1623778716727000,0,22581.11821654,0.00000837
1623778777100000,0,3587.39794295,0.00000838
1623778777100000,0,23318.75239250,0.00000838
1623778832431000,1,728.60000000,0.00000837
1623779048010000,0,728.60000000,0.00000837
1623779198484000,1,8980.26879192,0.00000837
1623779198484000,1,12519.73120808,0.00000837
1623779198544000,1,7068.89661000,0.00000837
1623779198804000,1,728.60000000,0.00000837
1623779357625000,0,728.60000000,0.00000836
1623779524318000,0,19.33298726,0.00000837
1623779524554000,0,3590.48945883,0.00000837
1623779674998000,0,4437.73441146,0.00000836
1623779675069000,1,728.60000000,0.00000836
1623779916892000,0,728.60000000,0.00000833
1623779917430000,0,2845.97052956,0.00000833
1623779917430000,0,8936.42632390,0.00000833
1623779917430000,0,4217.60314654,0.00000833
1623779917570000,0,15442.19235479,0.00000833
1623779981082000,0,5375.90702827,0.00000833
1623779985384000,0,3579.52646854,0.00000833
1623779985399000,0,1544.56650319,0.00000833
1623780054851000,0,12476.59142548,0.00000831
1623780075016000,1,300.00000000,0.00000830
1623780079520000,1,3590.33850000,0.00000828
1623780093551000,1,728.60000000,0.00000830
1623780093754000,1,8220.65921308,0.00000830
1623780097420000,1,8950.52999557,0.00000830
1623780097420000,1,3580.08762176,0.00000830
1623780102568000,0,3585.82435323,0.00000829
1623780128051000,1,3139.38719593,0.00000828
1623780129001000,0,3303.31818225,0.00000828
1623780129234000,0,3563.88535000,0.00000828
1623780137892000,1,3563.80787000,0.00000828
1623780141403000,0,8.54920955,0.00000827
1623780175068000,0,3558.05815134,0.00000828
1623780179339000,1,3558.05815134,0.00000828
1623780180552000,1,3555.17259732,0.00000828
1623780183777000,1,14219.24853717,0.00000828
1623780240528000,0,728.60000000,0.00000827
1623780249521000,0,3550.93676215,0.00000827
1623780250086000,0,8877.34190538,0.00000827
1623780250678000,0,23081.08895399,0.00000827
1623780259521000,0,3550.93676215,0.00000827
1623780285867000,1,55.00643800,0.00000828
1623780295086000,1,3561.97864000,0.00000829
1623780313833000,1,44.00515040,0.00000830
1623780334069000,0,72.81708784,0.00000831
1623780384017000,1,728.60000000,0.00000831
1623780408066000,1,3546.97324189,0.00000831
1623780408066000,1,8864.91300417,0.00000831
1623780547361000,1,35.20000000,0.00000831
1623780551490000,1,28.10000000,0.00000831
1623780591207000,0,19534.06032000,0.00000830
1623780591600000,0,3548.81539000,0.00000830
1623780621465000,1,3548.34513000,0.00000830
1623780621536000,1,0.00000039,0.00000830
1623780621536000,1,8870.86281961,0.00000830
1623780668334000,1,3549.53622000,0.00000830
1623780668618000,1,0.00000993,0.00000830
1623780734854000,0,3548.88355353,0.00000829
1623780734854000,0,8872.20888382,0.00000829
1623780734854000,0,23067.74309794,0.00000829
1623780735536000,0,614.50697658,0.00000831
1623780735714000,0,1311.67676752,0.00000831
1623780736393000,0,1622.69980943,0.00000831
1623780736393000,0,5263.35488251,0.00000831
1623780736475000,0,1260.57546131,0.00000831
1623780736515000,0,1330.00000000,0.00000831
1623780891242000,0,4377.97604902,0.00000829
1623780891305000,0,947.95594885,0.00000829
1623780911647000,0,12.88257116,0.00000830
1623780911647000,0,23025.40478281,0.00000830
1623780918949000,0,8844.69510263,0.00000830
1623780918949000,0,22998.19502050,0.00000830
1623780989118000,1,3539.41581000,0.00000830
1623781015644000,1,4.25530219,0.00000830
1623781034764000,0,4379.32225823,0.00000831
1623781081643000,0,8848.83327676,0.00000831
1623781187464000,0,3535.85029490,0.00000832
1623781187464000,0,8839.49838208,0.00000832
1623781209304000,0,8837.98456850,0.00000832
1623781209304000,0,22983.28140950,0.00000832
1623781918189000,0,3540.25169000,0.00000834
1623782404091000,1,8856.34714260,0.00000834
1623782404091000,1,3536.35478766,0.00000834
1623782491928000,1,3541.78915000,0.00000834
1623782492271000,1,0.00000568,0.00000834
1623782496052000,1,3541.08419187,0.00000834
1623782650661000,0,41.72009560,0.00000835
1623782748684000,1,3550.03309151,0.00000834
1623782782081000,1,3540.67961303,0.00000837
1623782784452000,1,3542.43261337,0.00000836
1623782792675000,0,0.17472459,0.00000835
1623782792675000,0,23058.62720541,0.00000835
1623782820027000,0,3567.60700177,0.00000836
1623782851322000,0,3567.60700177,0.00000836
1623782865595000,0,19636.12048111,0.00000837
1623782918622000,0,0.00681327,0.00000836
1623782921037000,0,23204.21828170,0.00000837
1623782921037000,0,3567.87616247,0.00000837
1623782921037000,0,8919.57386763,0.00000837
1623783015028000,1,6.66227760,0.00000838
1623783017226000,1,16661.86325000,0.00000838
1623783048842000,1,4405.81026964,0.00000839
1623783048881000,1,8052.13109960,0.00000839
1623783048981000,0,5000.00000000,0.00000839
1623783049425000,1,3896.32844836,0.00000839
1623783054208000,1,3558.66931446,0.00000839
1623783054208000,1,8896.05671691,0.00000839
1623783074827000,1,3560.73260897,0.00000838
1623783199238000,0,728.60000000,0.00000837
1623783199331000,0,2837.47805000,0.00000837
1623783283851000,1,728.60000000,0.00000837
1623783286079000,1,2839.97285481,0.00000837
1623783439771000,1,3568.13499680,0.00000836
1623783439771000,1,8919.15158790,0.00000836
1623783459677000,0,728.60000000,0.00000835
1623783459919000,0,22491.66451775,0.00000835
1623783588518000,1,814.35620000,0.00000835
1623783625585000,1,3568.13352940,0.00000837
1623783625585000,1,8920.52448350,0.00000837
1623783630340000,1,2762.43283397,0.00000836
1623783678355000,1,728.60000000,0.00000836
1623783752236000,0,8942.85988295,0.00000834
1623783752236000,0,23251.43568705,0.00000834
1623783834339000,1,23227.78917792,0.00000833
1623783834690000,1,1023.43813000,0.00000833
1623783834754000,1,2550.54063784,0.00000833
1623783834754000,1,8935.13876999,0.00000833
1623783926389000,1,12533.91292000,0.00000833
1623783995444000,1,4500.00000000,0.00000833
1623784268808000,0,728.60000000,0.00000833
1623784359000000,1,3584.85084596,0.00000833
1623784503178000,1,728.60000000,0.00000833
1623784618895000,1,1100.00000000,0.00000834
1623784618915000,1,1467.35408076,0.00000834
1623784618957000,1,1021.86005580,0.00000834
1623784834400000,0,544.35751648,0.00000833
1623785031660000,1,7500.83242872,0.00000832
1623785031685000,1,4688.57765217,0.00000832
1623785031728000,1,11139.25372931,0.00000832
1623785031728000,1,1604.06184865,0.00000832
1623785031730000,1,1442.63949939,0.00000832
1623785031759000,1,3500.00000000,0.00000832
1623785044058000,0,3594.65455887,0.00000832
1623785044058000,0,8986.63679792,0.00000832
1623785044058000,0,23365.25461321,0.00000832
1623785069364000,1,8990.56281076,0.00000831
1623785069364000,1,3597.36988133,0.00000831
1623785069364000,1,3412.06730791,0.00000831
1623785083710000,1,3595.84741210,0.00000831
1623785095578000,0,5227.06587123,0.00000832
1623785099813000,0,3619.23238810,0.00000832
1623785099813000,0,5422.80778190,0.00000832
1623785100455000,0,728.60000000,0.00000832
1623785102796000,1,728.60000000,0.00000832
1623785135108000,1,8000.00000000,0.00000832
1623785170863000,0,10852.25974675,0.00000834
1623785170863000,0,3609.23554988,0.00000834
1623785170863000,0,9022.83179424,0.00000834
1623785175484000,1,2472.38121789,0.00000835
1623785201281000,0,87.98008441,0.00000836
1623785212082000,1,23549.18111755,0.00000835
1623785218310000,1,23604.24583261,0.00000834
1623785250737000,1,3633.14413558,0.00000833
1623785252754000,1,3640.32685359,0.00000832
1623785315314000,0,728.60000000,0.00000833
1623785316346000,0,2897.76605413,0.00000833
1623785316346000,0,9065.92057863,0.00000833
1623785358245000,0,19915.53841000,0.00000834
1623785391990000,1,9055.75959000,0.00000834
1623785546147000,0,39.39898888,0.00000834
1623785671671000,1,14474.37126000,0.00000835
1623785690214000,1,728.60000000,0.00000835
1623785690303000,1,2891.25356062,0.00000835
1623785897134000,0,728.60000000,0.00000835
1623785897795000,0,2891.40731829,0.00000835
1623785897795000,0,23547.08592171,0.00000835
1623786026380000,1,3620.90656000,0.00000835
1623786026390000,1,0.00000974,0.00000835
1623786027327000,0,10881.61102000,0.00000834
1623786038415000,0,9058.96336000,0.00000834
1623786114711000,0,1830.13893001,0.00000835
1623786114711000,0,9056.63693250,0.00000835
1623786272089000,1,728.60000000,0.00000834
1623786333828000,0,4485.58403818,0.00000834
1623786333855000,0,955.04603091,0.00000834
1623786333855000,0,23567.26896743,0.00000834
1623786348751000,0,4487.67993952,0.00000834
1623786348835000,0,15437.91547300,0.00000834
1623786353721000,0,4487.82504563,0.00000834
1623786354564000,0,4580.59318094,0.00000834
1623786354564000,0,3627.36729063,0.00000834
1623786354564000,0,23577.88738908,0.00000834
1623786359873000,1,14507.54690955,0.00000834
1623786359873000,1,3624.53807468,0.00000834
1623786431313000,1,3628.99432000,0.00000834
1623786431384000,1,0.00000877,0.00000834
1623786431437000,0,9072.68124890,0.00000834
1623786560303000,0,3627.57580101,0.00000834
1623786560543000,0,4485.36399861,0.00000834
1623786560732000,0,728.60000000,0.00000834
1623786560823000,0,3854.97550391,0.00000834
1623786566916000,0,4486.25455037,0.00000834
1623786568904000,0,10021.86244710,0.00000834
1623786573347000,0,23579.24270655,0.00000834
1623786616642000,1,728.60000000,0.00000834
1623786663090000,0,23595.94729659,0.00000835
1623786663090000,0,4904.05270341,0.00000835
1623786711511000,0,728.60000000,0.00000835
1623786711598000,0,2895.73111941,0.00000835
1623786711598000,0,9064.49564503,0.00000835
1623786711975000,1,728.59998556,0.00000835
1623786732073000,1,728.60000000,0.00000835
1623786741562000,0,728.60000000,0.00000835
1623786742114000,0,2911.53614109,0.00000835
1623786742114000,0,9100.34035273,0.00000835
1623786758126000,1,728.60000000,0.00000835
1623786859475000,0,20035.33426133,0.00000836
1623786859475000,0,9107.25406192,0.00000836
1623786882946000,1,4506.80658975,0.00000835
1623786883093000,0,970.53878196,0.00000835
1623786890102000,0,20056.46376694,0.00000835
1623786897631000,1,3642.11263464,0.00000835
1623786909268000,0,23682.55193269,0.00000835
1623787108483000,0,728.60000000,0.00000835
1623787108607000,0,1089.84592000,0.00000835
1623787207621000,1,1811.83426000,0.00000835
1623787208353000,1,0.00000895,0.00000835
1623787208353000,1,23618.17297105,0.00000835
1623787254480000,1,63.92338128,0.00000834
1623787334123000,0,16425.47797232,0.00000834
1623787345849000,1,23703.08232000,0.00000835
1623787353331000,1,9115.03920579,0.00000835
1623787353331000,1,3643.92588421,0.00000835
1623787353371000,1,0.00000845,0.00000835
1623787353687000,1,23696.91528529,0.00000835
1623787357290000,0,3651.00381648,0.00000834
1623787408489000,0,5504.19379091,0.00000833
1623787431416000,0,155.28673630,0.00000834
1623787522574000,0,9161.87907000,0.00000834
1623787673618000,0,3654.69939613,0.00000835
1623787673618000,0,9136.74849033,0.00000835
1623787673618000,0,23755.54607486,0.00000835
1623787683374000,1,728.60000000,0.00000835
1623787725187000,1,3665.67828000,0.00000835
1623787768709000,0,9133.06949844,0.00000835
1623787773578000,1,1866.93050156,0.00000835
1623787793636000,0,12787.47978827,0.00000835
1623787869129000,0,3653.46183776,0.00000835
1623787869129000,0,9133.65459441,0.00000835
1623787869129000,0,23747.50194547,0.00000835
1623787955776000,1,3653.23971746,0.00000834
1623787955782000,1,867.58868653,0.00000834
1623787955782000,1,8265.51060712,0.00000834
1623787955955000,1,1234.48939288,0.00000834
1623787956749000,0,22511.56877060,0.00000834
1623787959735000,1,4520.52994684,0.00000834
1623787959902000,1,3653.23971746,0.00000834
1623787961460000,1,867.29022938,0.00000834
1623787961570000,0,4520.52994684,0.00000834
1623787965081000,0,3745.27911743,0.00000834
1623787965081000,0,23746.05816348,0.00000834
1623788101218000,0,728.60000000,0.00000833
1623788101391000,0,2929.69412000,0.00000833
1623788272622000,1,3649.10378558,0.00000834
1623788272625000,1,862.39813091,0.00000834
1623788607778000,0,17091.52299015,0.00000836
1623788634584000,1,9064.75949000,0.00000837
1623788636110000,1,0.00000801,0.00000837
1623788636110000,1,21999.99999199,0.00000837
1623788665141000,1,728.60000000,0.00000837
1623788665248000,1,1500.00000000,0.00000837
1623788692229000,0,728.60000000,0.00000837
1623788701809000,0,3624.15672532,0.00000837
1623788701809000,0,9060.39181331,0.00000837
1623788701959000,1,4477.83664324,0.00000837
1623788702322000,0,19079.18207137,0.00000837
1623788800554000,1,728.60000000,0.00000837
1623788800623000,1,3500.00000000,0.00000837
1623788890322000,1,3615.03959390,0.00000838
1623788896120000,1,3614.94896003,0.00000838
1623788901209000,0,3615.04822593,0.00000838
1623788913943000,0,728.60000000,0.00000839
1623789204932000,1,728.60000000,0.00000836
1623789205083000,1,22754.88030104,0.00000836
1623789205083000,1,9034.16718546,0.00000836
1623789205083000,1,3614.25033003,0.00000836
1623789205911000,1,9039.64039862,0.00000835
1623789205911000,1,5812.39936775,0.00000835
1623789208632000,0,728.60000000,0.00000835
1623789208664000,0,2892.54986898,0.00000835
1623789208664000,0,6160.32480102,0.00000835
1623789208714000,0,2892.54987144,0.00000835
1623789231671000,1,5429.63746418,0.00000835
1623789231671000,1,3570.36253582,0.00000835
1623789231768000,1,48.41200000,0.00000835
1623789380223000,0,3619.42073000,0.00000835
1623789506744000,0,130.82125000,0.00000836
1623789579362000,1,680.18800000,0.00000835
1623789579444000,1,5009.68075000,0.00000835
1623789588370000,1,123.94147000,0.00000835
1623789699765000,0,728.60000000,0.00000834
1623789736148000,1,728.60000000,0.00000834
1623789746402000,1,3634.37351454,0.00000834
1623790174024000,0,8.80594346,0.00000834
1623790174024000,0,719.79405654,0.00000834
1623790174134000,0,22895.52875000,0.00000834
1623790253433000,1,80.13100000,0.00000835
1623790450656000,0,4.65938055,0.00000834
1623790461379000,0,9.82790629,0.00000834
1623790523192000,0,22104.47125000,0.00000835
1623790523253000,0,1574.65431019,0.00000835
1623790523253000,0,3634.18290527,0.00000835
1623790523253000,0,9085.35232454,0.00000835
1623790553085000,0,80.13100000,0.00000835
1623790594409000,1,3633.91761338,0.00000835
1623790597579000,1,858.13563041,0.00000835
1623790616811000,1,3634.87923000,0.00000835
1623790618797000,1,9087.59808000,0.00000835
1623790619012000,1,3634.99198000,0.00000835
1623790629647000,1,0.00000993,0.00000835
1623790629647000,1,728.59999007,0.00000835
1623790629754000,1,8358.93903000,0.00000835
1623790634169000,1,3635.00508000,0.00000835
1623790712871000,0,728.60000000,0.00000834
1623790826404000,1,728.60000000,0.00000834
1623790826735000,1,2000.00000000,0.00000834
1623790989914000,0,56.74100000,0.00000834
1623790990136000,0,0.00070514,0.00000834
1623791027412000,0,671.85900000,0.00000835
1623791169914000,1,3631.44423000,0.00000835
1623791172783000,1,0.00000358,0.00000835
1623791172783000,1,728.59999642,0.00000835
1623791172899000,1,2500.00000000,0.00000835
1623791253824000,1,4486.52993436,0.00000835
1623791253918000,0,4486.52993436,0.00000835
1623791342448000,0,135.37679425,0.00000836
1623791377420000,1,11.22303477,0.00000834
1623791494745000,1,2500.00000000,0.00000835
1623791508890000,0,20008.00207000,0.00000834
1623791549165000,1,3630.79412000,0.00000834
1623791597607000,1,14500.00000000,0.00000834
1623791708028000,0,728.60000000,0.00000833
1623791771671000,0,3635.25205560,0.00000833
1623791771671000,0,854.74120156,0.00000833
1623791771680000,0,8233.38893744,0.00000833
1623791799995000,0,1837.76703955,0.00000834
1623791799995000,0,3632.28253125,0.00000834
1623791799995000,0,9080.66062185,0.00000834
1623791910745000,1,2959.76600671,0.00000834
1623792036376000,1,728.60000000,0.00000834
1623792468911000,1,405.54659750,0.00000833
1623792648863000,0,4497.54249784,0.00000833
1623792667318000,0,3178.19160897,0.00000833
1623792667431000,0,1417.01554570,0.00000833
1623792667431000,0,801.72199264,0.00000833
1623792667472000,0,731.00000000,0.00000833
1623792677917000,0,4497.86332007,0.00000833
1623792679017000,0,4497.92547604,0.00000833
1623792683401000,0,4497.49260692,0.00000833
1623792733746000,0,9090.28004353,0.00000834
1623792733746000,0,14207.08206678,0.00000834
1623792907199000,0,2328.32113304,0.00000832
1623792907755000,0,1309.24038540,0.00000832
1623792907755000,0,9093.90379610,0.00000832
1623792907755000,0,23644.14984850,0.00000832
1623792926789000,0,841.34615384,0.00000832
1623792926979000,0,2467.57505107,0.00000832
1623792926979000,0,506.10930326,0.00000832
1623792926987000,0,7188.59295145,0.00000832
1623792986245000,1,4499.60288387,0.00000832
1623792992088000,0,2959.67935426,0.00000832
1623792992088000,0,7399.19838565,0.00000832
1623792992088000,0,155.12226009,0.00000832
1623793034502000,1,3016.30244451,0.00000831
1623793037731000,1,3029.23357505,0.00000831
1623793040247000,0,2651.69451282,0.00000831
1623793040247000,0,1851.35904777,0.00000831
1623793083404000,1,3049.75059161,0.00000831
1623793099906000,0,6155.02865841,0.00000832
1623793100089000,0,4413.60591603,0.00000832
1623793126940000,0,2178.41953553,0.00000832
1623793126940000,0,2327.46487146,0.00000832
1623793137141000,0,4505.80710826,0.00000832
1623793144633000,0,1975.41277084,0.00000832
1623793144633000,0,2530.61179808,0.00000832
1623793165641000,0,4506.40439039,0.00000832
1623793417666000,0,1421.50555733,0.00000831
1623793417666000,0,1537.49444267,0.00000831
1623793704331000,1,4517.19877290,0.00000830
1623793704446000,0,3646.27330074,0.00000830
1623793707174000,0,1162.77666906,0.00000830
1623793707174000,0,2906.94167265,0.00000830
1623793707174000,0,446.99348834,0.00000830
1623793707515000,0,7111.05486054,0.00000830
1623793709597000,0,900.83670798,0.00000830
1623793709597000,0,2252.09176994,0.00000830
1623793709597000,0,1363.87953436,0.00000830
1623793718373000,0,798.32142684,0.00000831
1623793718373000,0,1995.80356710,0.00000831
1623793718373000,0,1102.51030606,0.00000831
1623793718723000,0,189.93131099,0.00000831
1623793724328000,1,1840.02606138,0.00000831
1623793724472000,1,707.02653110,0.00000831
1623793726630000,1,1624.12221062,0.00000831
1623793726789000,1,339.33727654,0.00000831
1623793730976000,1,561.86138627,0.00000831
1623793731956000,0,1402.96720701,0.00000831
1623794056701000,0,527.54400000,0.00000832
1623794057701000,0,201.05600000,0.00000832
1623794070148000,0,1149.18352514,0.00000832
1623794225991000,1,728.60000000,0.00000832
1623794404987000,1,393.17839565,0.00000832
1623794405849000,1,3493.36664982,0.00000832
1623794407553000,1,449.88865464,0.00000832
1623794410659000,0,1123.37143056,0.00000832
1623794410775000,1,2854.96950371,0.00000832
1623794411596000,1,350.13373509,0.00000832
1623794411611000,1,178.04329197,0.00000832
1623794817574000,0,408.50197083,0.00000832
1623794817574000,0,320.09802917,0.00000832
1623794893240000,0,391.99400643,0.00000832
1623794893240000,0,978.80856346,0.00000832
1623794893240000,0,2544.90226501,0.00000832
1623794998636000,0,303.78519303,0.00000831
1623794998636000,0,759.46298259,0.00000831
1623794998636000,0,1974.60374438,0.00000831
1623795004842000,0,377.65577285,0.00000831
1623795079339000,1,567.10948075,0.00000831
1623795079526000,1,226.84379230,0.00000831
1623795079535000,1,1474.48464995,0.00000831
1623795079738000,1,567.10948075,0.00000831
1623795081639000,1,1391.44508122,0.00000831
1623795081946000,1,407.41800242,0.00000831
1623795081947000,1,162.96720097,0.00000831
1623795081953000,1,997.36519183,0.00000831
1623795171723000,0,96.32912328,0.00000832
1623795171723000,0,240.50190012,0.00000832
1623795171723000,0,625.30494030,0.00000832
1623795204589000,0,74.63212864,0.00000832
1623795269393000,0,182.37430331,0.00000833
1623795269393000,0,72.94972132,0.00000833
1623795269393000,0,474.74242413,0.00000833
1623795271295000,0,141.30583166,0.00000833
1623795271295000,0,367.39516231,0.00000833
1623795271295000,0,56.52233266,0.00000833
1623795367226000,0,43.77067251,0.00000832
1623795367226000,0,284.16782344,0.00000832
1623795367795000,0,109.29531671,0.00000832
1623795367795000,0,284.16782344,0.00000832
1623796133143000,1,3621.27377978,0.00000834
1623796944162000,0,34.87736841,0.00000836
1623797140277000,1,23476.80773840,0.00000835
1623797140277000,1,9029.54143784,0.00000835
1623797140277000,1,3611.81657514,0.00000835
1623797140277000,1,4469.10961633,0.00000835
1623797140386000,0,4469.10961633,0.00000835
1623797140671000,1,1500.00000000,0.00000834
1623797206068000,1,4177.94449000,0.00000835
1623797227349000,1,2423.06610000,0.00000835
1623797251245000,0,1130.88872097,0.00000836
1623797251245000,0,2827.22180242,0.00000836
1623797251245000,0,7350.77668629,0.00000836
1623797254214000,0,876.13439277,0.00000836
1623797254214000,0,2190.33598191,0.00000836
1623797254214000,0,1396.70023528,0.00000836
1623797327587000,0,9.87668986,0.00000837
1623797448115000,0,722.19338535,0.00000837
1623797448115000,0,1805.48346337,0.00000837
1623797448115000,0,4694.25700477,0.00000837
1623797935208000,0,559.50733484,0.00000835
1623797935208000,0,1397.09516924,0.00000835
1623797935208000,0,2520.88154121,0.00000835
1623797935779000,0,1111.56589882,0.00000835
1623797942956000,0,1084.00776990,0.00000835
1623797942956000,0,433.60310796,0.00000835
1623797944115000,0,39.01700000,0.00000836
1623797964331000,0,398.57426773,0.00000835
1623797964331000,0,995.23541656,0.00000835
1623797964331000,0,2587.61208306,0.00000835
1623797982087000,0,308.88142459,0.00000835
1623797982087000,0,772.32566697,0.00000835
1623797982087000,0,2005.64476435,0.00000835
1623797994921000,0,239.34280676,0.00000835
1623797994921000,0,598.35701691,0.00000835
1623797994921000,0,1555.72824396,0.00000835
1623798034673000,1,728.60000000,0.00000835
1623798043725000,1,3176.41565567,0.00000835
1623798043725000,1,9044.50633339,0.00000835
1623798043725000,1,3779.07801094,0.00000835
1623798075771000,1,3617.69819913,0.00000835
1623798104310000,1,3617.83690309,0.00000835
1623798641296000,0,42.01232490,0.00000835
1623799600569000,0,504.28800000,0.00000830
1623799610384000,0,492.33548138,0.00000830
1623799610384000,0,3200.18062896,0.00000830
1623799610384000,0,1230.83870345,0.00000830
1623800137642000,0,362.57953014,0.00000832
1623800137642000,0,906.44882535,0.00000832
1623800137642000,0,2356.76694590,0.00000832
1623800146865000,0,280.90055871,0.00000832
1623800146865000,0,702.25139677,0.00000832
1623800151101000,0,1825.85363161,0.00000832
1623800152861000,0,544.05492076,0.00000832
1623800152861000,0,217.62196831,0.00000832
1623800152861000,0,1414.54279399,0.00000832
1623800208419000,0,168.59817334,0.00000832
1623800208419000,0,420.98943644,0.00000832
1623800208419000,0,1095.88812672,0.00000832
