timestamp ms,type,amount,price
1626393674991000,1,6231.48373687,0.00000755
1626393700020000,0,2391.43084804,0.00000756
1626393700020000,0,120.63844067,0.00000756
1626393701862000,0,365.20000000,0.00000756
1626393741999000,0,2326.52079617,0.00000756
1626393741999000,0,5816.30199042,0.00000756
1626394049122000,1,10660.98441000,0.00000765
1626394121390000,1,5049.71662217,0.00000764
1626394126390000,1,4980.05730660,0.00000764
1626394126390000,1,1970.22607123,0.00000764
1626394176080000,0,993.44282171,0.00000765
1626394187628000,1,10695.66085000,0.00000766
1626394189202000,0,1813.04586842,0.00000767
1626394189202000,0,4532.61466158,0.00000767
1626394190487000,0,1808.85740738,0.00000768
1626394190487000,0,4522.14175262,0.00000768
1626394204580000,0,569.00000000,0.00000769
1626394219288000,0,50.00000000,0.00000770
1626394219288000,0,4109.55867756,0.00000770
1626394219288000,0,1593.82346244,0.00000770
1626394219554000,0,50.00000858,0.00000770
1626394219785000,0,10769.42020000,0.00000771
1626394220269000,0,1658.77464000,0.00000772
1626394224668000,0,2091.05998412,0.00000774
1626394224668000,0,836.42399365,0.00000774
1626394224668000,0,5436.66851223,0.00000774
1626394225252000,0,836.21228252,0.00000775
1626394225252000,0,2090.53069748,0.00000775
1626394255103000,0,75.00000000,0.00000780
1626394285236000,1,9449.43604000,0.00000781
1626394532394000,0,461.71074821,0.00000777
1626394532399000,0,2967.84737354,0.00000777
1626394532399000,0,527.25139752,0.00000777
1626394532399000,0,1318.12849381,0.00000777
1626394536913000,1,4115.51606167,0.00000781
1626394561727000,0,1044.41889696,0.00000785
1626394561727000,0,2102.36051304,0.00000785
1626394584858000,1,1411.35386000,0.00000786
1626394584920000,1,0.00000357,0.00000786
1626394584920000,1,11831.80596643,0.00000786
1626394590315000,0,1248.09186012,0.00000786
1626394590315000,0,3120.22964988,0.00000786
1626394590597000,0,0.00000043,0.00000786
1626394604760000,1,6701.89286920,0.00000787
1626394604760000,1,4726.70875080,0.00000787
1626394619550000,1,4732.50563000,0.00000786
1626394620464000,1,11831.33917789,0.00000785
1626394620464000,1,4732.50562211,0.00000785
1626394624431000,0,3025.87430000,0.00000785
1626394629045000,0,7927.22575000,0.00000785
1626394717408000,1,182.43083003,0.00000784
1626394722410000,1,3855.35182000,0.00000784
1626394722856000,1,30843.55422580,0.00000783
1626394722856000,1,4750.59075338,0.00000783
1626394722856000,1,11876.73611082,0.00000783
1626394739277000,1,365.20000000,0.00000783
1626394784381000,0,4790.01833000,0.00000777
1626394810717000,0,4796.19104000,0.00000776
1626394811447000,1,3613.28614000,0.00000776
1626394811503000,1,1181.22435151,0.00000776
1626394811503000,1,3818.77564849,0.00000776
1626394811553000,1,6000.00000000,0.00000776
1626394829012000,1,4811.10907409,0.00000774
1626394829012000,1,1188.89092591,0.00000774
1626394829268000,1,3995.22059537,0.00000774
1626394873300000,0,59788.16240000,0.00000769
1626395090845000,0,4835.29159000,0.00000770
1626395091259000,0,0.00000419,0.00000770
1626395091259000,0,2999.99999581,0.00000770
1626395091304000,0,365.20000000,0.00000770
1626395091487000,0,1010.17023828,0.00000770
1626395217249000,1,365.20000000,0.00000772
1626395217358000,1,4462.52588000,0.00000772
1626395252949000,1,4835.83703135,0.00000771
1626395252960000,1,1303.12774957,0.00000771
1626395253049000,0,6138.96478092,0.00000771
1626395253105000,0,4649.14019260,0.00000771
1626395307481000,0,4840.26081442,0.00000771
1626395307481000,0,11659.73918558,0.00000771
1626395363426000,0,15.10217521,0.00000770
1626395363426000,0,12108.78688479,0.00000770
1626395540142000,1,35.84606060,0.00000767
1626395543752000,0,13715.18283000,0.00000769
1626395543814000,0,17797.66434375,0.00000769
1626395543814000,0,12139.27938758,0.00000769
1626395543814000,0,4855.90022568,0.00000769
1626395544227000,0,12138.11705176,0.00000770
1626395544227000,0,4855.26219824,0.00000770
1626395544836000,0,0.00000418,0.00000770
1626395545134000,0,20500.00000000,0.00000771
1626395545192000,0,11005.75859000,0.00000771
1626395545258000,0,0.00000832,0.00000771
1626395545258000,0,12111.62163659,0.00000771
1626395545258000,0,2096.39656509,0.00000771
1626395546097000,0,12105.06859814,0.00000772
1626395546097000,0,1394.93140186,0.00000772
1626395546157000,0,3447.19079000,0.00000772
1626395546272000,0,0.00000865,0.00000772
1626395546502000,0,365.20000000,0.00000772
1626395546541000,0,10236.36571975,0.00000772
1626395589662000,1,4841.37474715,0.00000770
1626395589662000,1,12115.50739285,0.00000770
1626395589698000,1,0.00001431,0.00000770
1626395601190000,0,11723.37247769,0.00000770
1626395601190000,0,4682.39372231,0.00000770
1626395606976000,1,4847.79917255,0.00000770
1626395606976000,1,12117.73513908,0.00000770
1626395606976000,1,31494.09808475,0.00000770
1626395606976000,1,6153.00334362,0.00000770
1626395607757000,1,0.00002020,0.00000770
1626395630697000,0,11601.69335816,0.00000770
1626395633647000,1,4846.29473169,0.00000770
1626395633647000,1,12115.19488915,0.00000770
1626395633647000,1,16058.31519916,0.00000770
1626395738091000,1,365.20000000,0.00000769
1626395738182000,1,4492.11868000,0.00000769
1626395752429000,0,365.20000000,0.00000769
1626395761923000,1,12149.67612730,0.00000768
1626395761923000,1,4860.53576270,0.00000768
1626395776187000,1,365.20000000,0.00000767
1626395836059000,0,365.20000000,0.00000766
1626395836060000,0,1002.33057000,0.00000766
1626395836284000,0,5392.27595747,0.00000766
1626395836724000,0,432.99999999,0.00000767
1626395836760000,0,1474.80000000,0.00000767
1626395836782000,0,1320.77947922,0.00000767
1626395836825000,0,1650.79326542,0.00000767
1626395836825000,0,1349.78155434,0.00000767
1626395836826000,0,6063.88969773,0.00000767
1626395836839000,0,830.99999999,0.00000767
1626395836842000,0,1517.19003458,0.00000767
1626395836890000,0,2436.48886440,0.00000767
1626395840075000,1,4868.25475680,0.00000767
1626395840075000,1,12170.73686320,0.00000767
1626395867559000,0,1402.07002254,0.00000767
1626395875586000,0,4354.89428000,0.00000766
1626395931974000,1,4871.68925357,0.00000767
1626395931974000,1,12175.35586643,0.00000767
1626395938836000,1,1093.25117000,0.00000767
1626395953897000,1,4871.68925357,0.00000767
1626395953897000,1,2628.31074643,0.00000767
1626395953956000,1,365.20000000,0.00000767
1626396029028000,0,19.54311362,0.00000766
1626396029028000,0,345.65688638,0.00000766
1626396029098000,0,11847.66271591,0.00000766
1626396029848000,0,31711.10732257,0.00000767
1626396029848000,0,4876.95922174,0.00000767
1626396029848000,0,12192.20511569,0.00000767
1626396029916000,0,0.00000469,0.00000767
1626396038943000,1,3862.10440000,0.00000766
1626396052423000,1,3490.98857000,0.00000766
1626396155747000,1,365.20000000,0.00000765
1626396239413000,0,29819.72746767,0.00000766
1626396239413000,0,4495.13556610,0.00000766
1626396239413000,0,7685.13696623,0.00000766
1626396239477000,0,365.20000000,0.00000766
1626396239586000,0,657.74473178,0.00000766
1626396239692000,0,2022.84261308,0.00000766
1626396239694000,0,506.80360856,0.00000766
1626396239736000,0,6195.74564361,0.00000767
1626396240005000,0,2564.80530850,0.00000767
1626396240319000,0,4095.47549999,0.00000767
1626396240346000,0,395.20742714,0.00000767
1626396240346000,0,3835.31311449,0.00000767
1626396240416000,0,2737.18729958,0.00000767
1626396240439000,0,782.05351416,0.00000767
1626396240487000,0,3089.96974999,0.00000767
1626396240491000,0,782.05351416,0.00000767
1626396240597000,0,5297.13505025,0.00000768
1626396240598000,0,789.76959019,0.00000768
1626396240617000,0,6761.55300507,0.00000768
1626396255998000,1,31662.54961708,0.00000766
1626396255998000,1,12176.68174095,0.00000766
1626396255998000,1,4870.89633197,0.00000766
1626396257421000,0,2175.28675372,0.00000766
1626396257421000,0,5438.21691628,0.00000766
1626396267363000,1,8675.65220374,0.00000766
1626396267363000,1,3178.17154626,0.00000766
1626396290289000,0,4697.27501000,0.00000765
1626396290610000,0,0.00000911,0.00000765
1626396290742000,0,2528.29786340,0.00000766
1626396290829000,0,13500.00000000,0.00000766
1626396290884000,0,7538.47138982,0.00000766
1626396290884000,0,3630.02613223,0.00000766
1626396290884000,0,9075.06173795,0.00000766
1626396291623000,0,0.00001274,0.00000766
1626396300283000,0,3310.48459000,0.00000767
1626396323192000,0,2609.96598267,0.00000768
1626396323192000,0,6524.89330733,0.00000768
1626396375970000,1,4866.49150000,0.00000768
1626396413339000,0,16175.35915769,0.00000769
1626396413339000,0,2491.18676463,0.00000769
1626396413339000,0,6227.96689768,0.00000769
1626396448259000,1,2076.61933013,0.00000769
1626396448267000,1,4090.77775617,0.00000769
1626396500472000,1,474.99962386,0.00000771
1626396500564000,1,1791.33512661,0.00000771
1626396500604000,1,2578.24212590,0.00000771
1626396500604000,1,2022.67545662,0.00000771
1626396500611000,1,1499.99942671,0.00000771
1626396598111000,0,5605.12792402,0.00000770
1626396598111000,0,2241.25501598,0.00000770
1626396601128000,0,1836.47605975,0.00000771
1626396601128000,0,4591.18826025,0.00000771
1626396606085000,0,1836.47605975,0.00000772
1626396606085000,0,4591.18826025,0.00000772
1626396607318000,1,4843.36801174,0.00000772
1626396607318000,1,12108.73008826,0.00000772
1626396615345000,0,4577.29816198,0.00000773
1626396615345000,0,1830.94587802,0.00000773
1626396617035000,0,4320.69891229,0.00000774
1626396617035000,0,1728.28838771,0.00000774
1626396621498000,0,3879.95234196,0.00000774
1626396621498000,0,10087.87608911,0.00000775
1626396634626000,1,31352.38316017,0.00000774
1626396634626000,1,4647.61683983,0.00000774
1626396661135000,1,4792.35408503,0.00000780
1626396661135000,1,11980.88503497,0.00000780
1626396673302000,0,2026.54305604,0.00000780
1626396673302000,0,2030.62070396,0.00000780
1626396686541000,1,365.20000000,0.00000779
1626396686607000,1,30767.77891550,0.00000779
1626396686607000,1,4790.62876418,0.00000779
1626396686607000,1,11974.22265981,0.00000779
1626396687056000,1,5109.34301525,0.00000778
1626396687440000,1,1796.28424471,0.00000778
1626396689702000,0,3368.51420000,0.00000778
1626396705149000,1,4798.06106535,0.00000778
1626396705149000,1,11789.65098465,0.00000778
1626396711463000,1,31213.01703466,0.00000777
1626396711463000,1,4804.08283519,0.00000777
1626396711463000,1,12010.31041032,0.00000777
1626396746429000,0,12034.84087000,0.00000776
1626396746709000,0,0.00000463,0.00000776
1626396748229000,0,12034.47440533,0.00000777
1626396748229000,0,4809.89690467,0.00000777
1626396753682000,0,12015.08617368,0.00000778
1626396753682000,0,4806.08546899,0.00000778
1626396753682000,0,40.67400733,0.00000778
1626396754206000,0,0.00001517,0.00000778
1626396754833000,0,31217.44606940,0.00000779
1626396762592000,0,2257.76965729,0.00000780
1626396762592000,0,5637.19695271,0.00000780
1626396762743000,0,0.00001490,0.00000780
1626396766527000,1,4783.73501000,0.00000781
1626396808181000,1,4019.31607793,0.00000784
1626396808253000,1,7719.97060926,0.00000784
1626396920663000,0,5728.81364789,0.00000786
1626396920663000,0,2288.62166211,0.00000786
1626396920862000,0,0.00001718,0.00000786
1626396920862000,0,365.19998282,0.00000786
1626396923855000,1,4750.55607760,0.00000786
1626396923855000,1,11874.49564240,0.00000786
1626396938324000,1,3574.45974996,0.00000785
1626396938324000,1,4750.55606004,0.00000785
1626396938330000,1,0.00001756,0.00000785
1626396975980000,1,4758.36065902,0.00000784
1626396975980000,1,11896.02339098,0.00000784
1626397008994000,1,365.20000000,0.00000784
1626397045948000,1,11934.84452121,0.00000781
1626397045948000,1,4775.37307879,0.00000781
1626397053288000,1,4114.09694318,0.00000780
1626397060345000,1,2272.50162000,0.00000778
1626397060462000,1,2000.00000000,0.00000778
1626397061871000,0,3223.06915000,0.00000778
1626397074756000,0,3162.63086722,0.00000778
1626397074756000,0,7896.42750278,0.00000778
1626397074961000,0,0.00001552,0.00000778
1626397075127000,0,21560.25066000,0.00000779
1626397075188000,0,0.00000046,0.00000779
1626397075273000,0,871.11507210,0.00000779
1626397075307000,0,365.20000000,0.00000779
1626397075344000,0,1925.34860238,0.00000779
1626397075344000,0,7904.10310106,0.00000779
1626397075573000,0,3161.66367000,0.00000780
1626397075657000,0,0.00000448,0.00000780
1626397075657000,0,7904.10309552,0.00000780
1626397075697000,0,0.00000554,0.00000780
1626397075763000,0,3272.11630899,0.00000781
1626397075868000,0,1561.00000000,0.00000781
1626397080598000,1,11946.59451000,0.00000781
1626397080634000,1,0.00000166,0.00000781
1626397100756000,1,365.20000000,0.00000781
1626397155354000,0,365.20000000,0.00000781
1626397155355000,0,723.03350876,0.00000781
1626397155355000,0,2720.58377190,0.00000781
1626397155651000,0,1300.00000000,0.00000782
1626397155756000,0,3986.00000000,0.00000782
1626397155798000,0,1574.56514076,0.00000782
1626397156709000,0,1059.93650895,0.00000785
1626397156709000,0,2649.84127237,0.00000785
1626397158148000,1,4757.05336000,0.00000785
1626397159759000,0,4149.67812658,0.00000785
1626397161006000,0,588.22237209,0.00000787
1626397161162000,0,1037.18148043,0.00000787
1626397162451000,1,4749.24982000,0.00000786
1626397162582000,1,0.00000452,0.00000786
1626397162582000,1,26119.56127548,0.00000786
1626397162812000,1,4749.24982000,0.00000786
1626397162910000,1,365.20000000,0.00000786
1626397163287000,1,11872.86375000,0.00000785
1626397163393000,1,6.09163329,0.00000785
1626397163393000,1,4749.24982452,0.00000785
1626397181479000,1,6000.36911973,0.00000785
1626397181479000,1,4757.63512421,0.00000785
1626397181479000,1,19973.29569606,0.00000785
1626397194502000,1,2437.96373392,0.00000785
1626397194502000,1,62.03626608,0.00000785
1626397201871000,0,5943.42431000,0.00000785
1626397203940000,0,2375.35920740,0.00000786
1626397203940000,0,5938.38528260,0.00000786
1626397210546000,0,5139.41170000,0.00000786
1626397210795000,0,0.00000638,0.00000786
1626397210810000,0,35.98617305,0.00000787
1626397210810000,0,13362.47042695,0.00000787
1626397214030000,1,4737.20272367,0.00000787
1626397214030000,1,11844.98137633,0.00000787
1626397221851000,1,4729.22332897,0.00000789
1626397221851000,1,11823.05831103,0.00000789
1626397227106000,0,2504.75599000,0.00000787
1626397233010000,0,365.20000000,0.00000789
1626397233157000,0,2078.26218518,0.00000789
1626397235511000,1,4727.27609864,0.00000789
1626397235511000,1,11817.99233160,0.00000789
1626397235511000,1,14454.73156976,0.00000789
1626397245475000,0,50.00000000,0.00000790
1626397245587000,0,2480.84465950,0.00000791
1626397245587000,0,6201.82578224,0.00000791
1626397439556000,0,5998.77313590,0.00000790
1626397439579000,0,4877.14673507,0.00000790
1626397439579000,0,1001.07042015,0.00000790
1626397496493000,1,30705.07776581,0.00000788
1626397496493000,1,4724.85106242,0.00000788
1626397496493000,1,3070.07117177,0.00000788
1626397496532000,1,365.20000000,0.00000788
1626397496542000,1,8376.85648427,0.00000788
1626397497835000,1,9397.80036000,0.00000787
1626397499860000,0,3633.99380000,0.00000787
1626397517912000,0,457.03887029,0.00000787
1626397517934000,0,2703.82687816,0.00000787
1626397517934000,0,2196.17312183,0.00000787
1626397517940000,0,5705.98352198,0.00000787
1626397518657000,0,4968.37398618,0.00000788
1626397518888000,0,7988.64663295,0.00000788
1626397518888000,0,406.24222241,0.00000788
1626397523646000,1,4732.28142303,0.00000787
1626397523646000,1,8767.71857697,0.00000787
1626397531088000,0,7543.28470749,0.00000787
1626397531088000,0,3021.14781251,0.00000787
1626397534651000,0,365.20000000,0.00000788
1626397534887000,0,2779.79053394,0.00000788
1626397534887000,0,6949.21726698,0.00000788
1626397535603000,0,4142.09099189,0.00000789
1626397535701000,0,760.44987336,0.00000789
1626397535743000,0,7553.24040772,0.00000789
1626397535783000,0,5611.76336935,0.00000789
1626397535783000,0,1203.68516571,0.00000789
1626397535803000,0,633.50125204,0.00000789
1626397535916000,0,882.07521644,0.00000789
1626397535916000,0,2538.83161352,0.00000789
1626397556879000,1,11773.00083403,0.00000791
1626397556879000,1,4709.20032597,0.00000791
1626397563569000,0,2119.63652069,0.00000791
1626397563569000,0,5292.40051931,0.00000791
1626397565973000,1,365.20000000,0.00000791
1626397566018000,1,4344.00032305,0.00000791
1626397566018000,1,5655.99967695,0.00000791
1626397575147000,0,365.20000000,0.00000791
1626397575560000,0,5367.57826584,0.00000791
1626397575560000,0,2289.56171734,0.00000791
1626397575698000,0,3739.58467788,0.00000792
1626397577230000,0,2289.28673837,0.00000793
1626397577230000,0,1641.71336183,0.00000793
1626397577266000,0,305.10173272,0.00000793
1626397577293000,0,3154.27370861,0.00000793
1626397577296000,0,504.26751956,0.00000793
1626397577322000,0,117.86052322,0.00000793
1626397586239000,0,1614.43811980,0.00000793
1626397586239000,0,4031.01205605,0.00000793
1626397586389000,0,5798.62151303,0.00000794
1626397586476000,0,755.41444245,0.00000794
1626397589160000,1,365.20000000,0.00000794
1626397593277000,0,3387.28302355,0.00000795
1626397593277000,0,1354.91319645,0.00000795
1626397593694000,0,0.00001297,0.00000795
1626397601944000,1,11705.59227944,0.00000795
1626397601944000,1,251.46059056,0.00000795
1626397602184000,1,4430.69602427,0.00000795
1626397606941000,0,2146.85831026,0.00000795
1626397606941000,0,5362.45589974,0.00000795
1626397606975000,0,0.00000306,0.00000795
1626397610418000,1,4683.72871524,0.00000795
1626397610418000,1,2825.58549476,0.00000795
1626397610788000,1,8884.78723034,0.00000795
1626397634080000,0,2939.53596785,0.00000794
1626397634080000,0,7339.59608215,0.00000794
1626397646670000,1,6779.13205000,0.00000794
1626397653960000,0,2861.78479297,0.00000793
1626397653960000,0,7145.47836743,0.00000793
1626397653960000,0,18575.82922960,0.00000793
1626397665087000,1,7036.83531844,0.00000794
1626397666489000,0,1561.56598000,0.00000794
1626397706804000,0,3017.95259929,0.00000792
1626397706804000,0,7544.88149822,0.00000792
1626397706804000,0,19616.69187249,0.00000792
1626397716994000,1,21000.00000000,0.00000793
1626397735393000,0,18424.60638555,0.00000793
1626397735393000,0,2840.04288587,0.00000793
1626397735393000,0,7100.10719858,0.00000793
1626397739175000,1,4152.10550000,0.00000792
1626397750076000,1,4704.93161601,0.00000790
1626397750076000,1,11762.39864027,0.00000790
1626397750076000,1,2032.66974372,0.00000790
1626397759579000,0,4451.23454599,0.00000791
1626397759579000,0,11140.26225401,0.00000791
1626397767268000,1,2622.02911000,0.00000791
1626397783215000,1,3000.00000000,0.00000791
1626397838346000,0,365.20000000,0.00000786
1626397857366000,0,8655.13267000,0.00000786
1626397878244000,0,3635.94495306,0.00000786
1626397878244000,0,9078.31235694,0.00000786
1626397893919000,1,365.20000000,0.00000786
1626397894036000,1,4373.72759000,0.00000786
1626397912985000,1,1635.02454063,0.00000784
1626397913181000,1,2386.00000000,0.00000784
1626397921340000,0,8539.67837000,0.00000783
1626397938111000,0,10472.84662187,0.00000784
1626397938111000,0,4005.09370813,0.00000784
1626397938118000,0,0.00001102,0.00000784
1626398057513000,0,1034.86431000,0.00000783
1626398072494000,1,3897.72028490,0.00000783
1626398072516000,1,2125.40639201,0.00000783
1626398072616000,0,6023.12667691,0.00000783
1626398202441000,0,2199.45874200,0.00000783
1626398302834000,1,11840.71182949,0.00000785
1626398302834000,1,4736.28472051,0.00000785
1626398438808000,0,365.20000000,0.00000783
1626398438989000,0,3024.55518000,0.00000783
1626398473424000,1,365.20000000,0.00000783
1626398563045000,1,4749.98654804,0.00000782
1626398563045000,1,11874.96637010,0.00000782
1626398566713000,0,3917.94935000,0.00000781
1626398632436000,1,6010.01356969,0.00000781
1626398645660000,1,5489.98643031,0.00000781
1626398704568000,1,6030.71955151,0.00000781
1626398704671000,0,1956.00932537,0.00000781
1626398985720000,1,2000.00000000,0.00000780
1626398986018000,1,1057.98569852,0.00000780
1626398986050000,1,3220.22235813,0.00000780
1626398986269000,1,1343.15450419,0.00000780
1626398986282000,1,6038.64704820,0.00000780
1626398986294000,1,7574.28103872,0.00000780
1626398986689000,1,5002.02814044,0.00000779
1626398986702000,1,780.17250000,0.00000779
1626398986799000,1,969.76877624,0.00000779
1626398987070000,1,414.54726129,0.00000779
1626398987087000,1,403.12528812,0.00000779
1626398987114000,1,3714.37444541,0.00000779
1626398987237000,1,806.25057625,0.00000779
1626398987237000,1,403.12528858,0.00000779
1626398987239000,1,1016.06400396,0.00000779
1626398987288000,1,1209.37586516,0.00000779
1626398987340000,1,403.12528871,0.00000779
1626399001749000,0,4229.73697599,0.00000779
1626399001749000,0,10574.28594401,0.00000779
1626399001749000,0,0.00001402,0.00000779
1626399002311000,0,2927.69507691,0.00000780
1626399002530000,0,2563.51269043,0.00000780
1626399002577000,0,1281.80332199,0.00000780
1626399002601000,0,1098.75460805,0.00000780
1626399002630000,0,696.26284614,0.00000780
1626399002752000,0,822.90400000,0.00000780
1626399002764000,0,480.91386947,0.00000780
1626399002790000,0,702.43954504,0.00000780
1626399002790000,0,2389.78825555,0.00000780
1626399003051000,0,799.17828219,0.00000780
1626399003053000,0,1039.76976181,0.00000780
1626399070735000,0,2359.30216704,0.00000779
1626399070735000,0,5313.63116746,0.00000779
1626399077971000,0,2010.99542062,0.00000779
1626399077971000,0,5027.48854938,0.00000779
1626399078114000,0,0.00000216,0.00000779
1626399413698000,1,2027.87036507,0.00000779
1626399479622000,1,1982.18471050,0.00000779
1626399479627000,1,4056.20677628,0.00000779
1626399570643000,1,1846.14649408,0.00000779
1626399699614000,0,365.20000000,0.00000780
1626399714325000,0,4490.81093674,0.00000780
1626399714325000,0,1796.32437469,0.00000780
1626399714325000,0,6036.37328648,0.00000781
1626399714325000,0,2676.49140209,0.00000781
1626399904781000,0,1654.67975775,0.00000781
1626399904781000,0,4136.69938225,0.00000781
1626399931195000,1,11263.00625140,0.00000783
1626399977196000,0,1884.76410140,0.00000782
1626399977196000,0,2194.70386541,0.00000782
1626399977236000,0,2517.20638809,0.00000782
1626400070602000,0,1736.15196546,0.00000781
1626400075996000,1,365.20000000,0.00000781
1626400316043000,1,10539.34157443,0.00000781
1626400316043000,1,6027.57729557,0.00000781
1626400481193000,0,1976.86178155,0.00000781
1626400481193000,0,4942.15444845,0.00000781
1626400504992000,0,1977.48243789,0.00000782
1626400504992000,0,4943.70112211,0.00000782
1626400519082000,1,10738.40345000,0.00000783
1626400604391000,1,18591.65433000,0.00000783
1626400649271000,0,15791.73992534,0.00000785
1626400649271000,0,6009.75210101,0.00000785
1626400649271000,0,2430.71364340,0.00000785
1626400649271000,0,6075.33885025,0.00000785
1626400649307000,0,0.00001323,0.00000785
1626400652632000,1,4708.97477000,0.00000787
1626400757298000,0,1223.52897502,0.00000789
1626400757298000,0,3058.82242498,0.00000789
1626400763598000,1,7801.79333599,0.00000789
1626400763598000,1,4699.83128401,0.00000789
1626400920171000,0,3068.77952097,0.00000791
1626400920206000,0,288.80460860,0.00000791
1626400920206000,0,1343.03365183,0.00000791
1626400927716000,1,3000.00000000,0.00000791
1626400946499000,0,1304.72340000,0.00000789
1626400946549000,0,0.00000700,0.00000789
1626401088349000,1,2894.40198876,0.00000790
1626401251675000,0,564.92933064,0.00000788
1626401646210000,0,1313.09917069,0.00000782
1626401646210000,0,3282.74791931,0.00000782
1626401646522000,0,0.00000740,0.00000782
1626401648481000,0,1311.78477436,0.00000783
1626401648481000,0,3279.46192564,0.00000783
1626401696287000,1,4721.57460000,0.00000782
1626401881602000,0,1276.20628338,0.00000781
1626401881602000,0,3190.51569662,0.00000781
1626402019050000,0,365.20000000,0.00000782
1626402087064000,0,3079.56664000,0.00000781
1626402087187000,0,1230.25344405,0.00000781
1626402111280000,0,1133.15832961,0.00000782
1626402111280000,0,2832.89581039,0.00000782
1626402164284000,0,988.08653238,0.00000784
1626402164284000,0,1202.04844318,0.00000784
1626402164353000,0,1268.16788776,0.00000784
1626402298860000,1,5000.00000000,0.00000785
1626402298891000,1,365.20000000,0.00000785
1626402344818000,0,1187.46806046,0.00000781
1626402344818000,0,2968.67014954,0.00000781
1626402414058000,1,4739.76100651,0.00000781
1626402414058000,1,1346.42696349,0.00000781
1626402476050000,0,7673.57076928,0.00000781
1626402476050000,0,1181.71107084,0.00000781
1626402476050000,0,2954.27767709,0.00000781
1626402731619000,0,560.91131105,0.00000778
1626402737991000,0,1618.34429000,0.00000777
1626402889933000,0,560.91131105,0.00000779
1626402889933000,0,1580.73208087,0.00000779
1626402889933000,0,1826.24420214,0.00000779
1626403691985000,0,365.20000000,0.00000778
1626403691997000,0,1139.92657645,0.00000778
1626403691997000,0,3757.98612477,0.00000778
1626403692780000,0,1505.12409618,0.00000779
1626403692780000,0,910.98184919,0.00000779
1626403699642000,0,3929.02857327,0.00000780
1626403729260000,0,924.16457000,0.00000779
1626403729416000,0,0.00000707,0.00000779
1626403799090000,0,903.34418127,0.00000779
1626403799090000,0,2255.46510873,0.00000779
1626403814491000,0,901.80865409,0.00000780
1626403814491000,0,2254.52163523,0.00000780
1626403887074000,1,4866.11317502,0.00000779
1626403887302000,1,6992.54500000,0.00000779
1626403887484000,1,1205.61150421,0.00000779
1626403887496000,1,3215.10146417,0.00000779
1626403887528000,1,316.95658334,0.00000779
1626403887528000,1,84.93273661,0.00000779
1626403887556000,1,11759.24114268,0.00000779
1626403914085000,0,4682.96649118,0.00000779
1626403914085000,0,1873.18658882,0.00000779
1626403914319000,0,0.00000765,0.00000779
1626404005466000,0,1372.24527529,0.00000779
1626404005466000,0,3889.73767471,0.00000779
1626404033443000,0,1253.69867610,0.00000780
1626404033443000,0,3134.24668390,0.00000780
1626404087011000,0,1251.41752989,0.00000781
1626404087011000,0,3128.54381011,0.00000781
1626404404445000,0,2510.50032380,0.00000784
1626404404445000,0,1004.20011620,0.00000784
1626404515148000,1,4711.49779316,0.00000785
1626404515148000,1,11778.74447684,0.00000785
1626404551346000,1,4710.74861168,0.00000785
1626404551346000,1,11776.87151832,0.00000785
1626404551377000,1,0.00001087,0.00000785
1626404612410000,0,1661.39002558,0.00000787
1626404612410000,0,4303.43375950,0.00000787
1626404612410000,0,1720.26402492,0.00000787
1626404688867000,0,4012.02092785,0.00000788
1626404688867000,0,1603.67836215,0.00000788
1626404743734000,0,1352.33834673,0.00000790
1626404743734000,0,3380.84585327,0.00000790
1626404744770000,0,1351.98526267,0.00000791
1626404744770000,0,2513.43174464,0.00000791
1626404744770000,0,866.53141202,0.00000791
1626404785660000,1,11445.92720000,0.00000791
1626404799654000,1,365.20000000,0.00000790
1626404831106000,0,6831.05549000,0.00000789
1626404832649000,0,1261.73950320,0.00000789
1626404832649000,0,2257.82305676,0.00000789
1626404833705000,0,365.20000000,0.00000789
1626404860810000,1,8501.25223895,0.00000789
1626404860810000,1,4681.24042105,0.00000789
1626404886348000,0,1211.79596851,0.00000789
1626404886348000,0,3029.48991149,0.00000789
1626405339104000,1,4713.73443631,0.00000782
1626405339104000,1,9786.26556369,0.00000782
1626405339192000,1,365.20000000,0.00000782
1626405341790000,0,365.20000000,0.00000781
1626405356960000,0,2878.40883296,0.00000781
1626405356960000,0,7186.81999704,0.00000781
1626405393134000,0,2651.65556016,0.00000781
1626405393134000,0,6629.13889984,0.00000781
1626405476648000,1,2442.56596512,0.00000781
1626405519689000,1,6013.02540168,0.00000781
1626405519792000,0,1154.99413618,0.00000781
1626405519792000,0,2867.20781514,0.00000781
1626405526656000,1,1990.82345036,0.00000781
1626405531816000,1,2596.27521094,0.00000781
1626405640961000,0,2537.78422203,0.00000781
1626405640961000,0,3467.93357731,0.00000781
1626406223373000,0,6272.59524996,0.00000781
1626406223373000,0,2509.03808004,0.00000781
1626406384391000,1,993.98109814,0.00000780
1626406384556000,1,5011.49766242,0.00000780
1626406385249000,0,464.77348842,0.00000780
1626406414440000,0,2188.96495940,0.00000781
1626406414440000,0,5472.35059060,0.00000781
1626406415694000,0,44797.61743728,0.00000782
1626406415694000,0,5104.42068744,0.00000782
1626406415694000,0,2043.05832528,0.00000782
1626406681256000,0,3978.00983116,0.00000782
1626407057615000,0,2616.11800000,0.00000783
1626407175002000,1,365.20000000,0.00000782
1626407231755000,1,4725.93140000,0.00000782
1626407231909000,1,0.00000588,0.00000782
1626407231909000,1,7084.10991412,0.00000782
1626407231958000,1,4725.93140000,0.00000782
1626407258620000,0,2375.83162000,0.00000779
1626407259307000,0,0.00000315,0.00000779
1626407259307000,0,5931.96420685,0.00000779
1626407336372000,1,918.75208493,0.00000780
1626407336785000,1,5103.36871388,0.00000780
1626407337648000,0,368.28794604,0.00000780
1626407416002000,1,3849.82757921,0.00000780
1626407549584000,0,2072.99550948,0.00000779
1626407549584000,0,5182.48876052,0.00000779
1626407549796000,0,0.00001317,0.00000779
1626407549964000,0,4033.31685283,0.00000780
1626407603448000,0,1862.88201290,0.00000780
1626407603448000,0,4657.20502710,0.00000780
1626407603643000,0,0.00000514,0.00000780
1626407604799000,0,2277.47993166,0.00000781
1626407604840000,0,2381.52738939,0.00000781
1626407604840000,0,1863.60845486,0.00000781
1626407625787000,0,738.50192531,0.00000781
1626407838437000,0,1827.64302352,0.00000780
1626407850848000,1,1786.46833502,0.00000780
1626407850861000,1,2409.14101262,0.00000780
1626407850961000,0,2057.02982492,0.00000780
1626407868771000,1,1645.60358904,0.00000780
1626407868771000,1,2320.61895720,0.00000780
1626407868875000,0,1793.39001541,0.00000780
1626408054733000,0,3704.16737685,0.00000781
1626408054733000,0,1480.53528315,0.00000781
1626408089128000,0,1365.81404981,0.00000783
1626408089128000,0,3414.53511019,0.00000783
1626408089253000,0,0.00001434,0.00000783
1626408089865000,0,8862.68428000,0.00000784
1626408141776000,0,7564.82491465,0.00000785
1626408141982000,0,1165.61466106,0.00000785
1626408141982000,0,2914.03665265,0.00000785
1626408163723000,0,365.20000000,0.00000786
1626408163766000,0,318.85632048,0.00000786
1626408163766000,0,1710.14080121,0.00000786
1626408166560000,0,4452.02303000,0.00000787
1626408166855000,0,0.00000744,0.00000787
1626408188808000,0,271.88213126,0.00000789
1626408188808000,0,679.70531874,0.00000789
1626408231054000,0,272.75655048,0.00000789
1626408231054000,0,681.89136952,0.00000789
1626408234434000,1,365.20000000,0.00000789
1626408476398000,1,795.26413570,0.00000786
1626408476418000,1,4773.02079337,0.00000786
1626408476418000,1,795.34683289,0.00000786
1626408479480000,0,613.82981264,0.00000786
1626408479480000,0,1534.57452736,0.00000786
1626408479537000,0,0.00000424,0.00000786
1626408479537000,0,3989.86727576,0.00000786
1626408531968000,0,4195.56026473,0.00000787
1626408532187000,0,377.65473348,0.00000787
1626408532193000,0,268.34335962,0.00000787
1626408532193000,0,109.31137386,0.00000787
1626408532224000,0,365.20000000,0.00000787
1626408532421000,0,1132.34526652,0.00000787
1626408532446000,0,8.13859236,0.00000787
1626408533104000,0,4198.98760000,0.00000788
1626408543708000,0,1013.99619752,0.00000788
1626408543708000,0,2639.73578628,0.00000788
1626408543708000,0,406.12761620,0.00000788
1626408615046000,0,419.71767289,0.00000789
1626408615046000,0,1049.29418222,0.00000789
1626408615046000,0,2726.77772489,0.00000789
1626408621911000,0,325.33612388,0.00000790
1626408621911000,0,813.34029612,0.00000790
1626408622872000,0,0.00001358,0.00000790
1626408626618000,0,685.06875000,0.00000791
1626408626898000,0,274.02750267,0.00000791
1626408626898000,0,685.93374247,0.00000791
1626408630879000,0,591.67083364,0.00000792
1626408630879000,0,236.66833345,0.00000792
1626408633096000,0,1678.99289242,0.00000793
1626408633096000,0,236.66833345,0.00000793
1626408633096000,0,591.67082413,0.00000793
1626408687295000,0,1311.06885844,0.00000794
1626408687295000,0,524.47906156,0.00000794
1626408700915000,0,483.42070366,0.00000795
1626408700915000,0,1208.55174634,0.00000795
1626408701168000,0,0.00001280,0.00000795
1626408701586000,0,26.42007926,0.00000796
1626408707358000,0,434.79642488,0.00000799
1626408707358000,0,1442.68378512,0.00000799
1626408707538000,0,0.00001409,0.00000799
1626408707538000,0,576.27299591,0.00000799
1626408707713000,0,0.00001335,0.00000799
1626408711489000,1,4610.11348000,0.00000799
1626408712352000,1,2621.88405437,0.00000797
1626408712387000,1,1988.22942818,0.00000797
1626408712387000,1,1388.30987574,0.00000797
1626408716141000,1,4621.66765000,0.00000798
1626408726418000,1,365.20000000,0.00000799
1626408727236000,0,8232.26092000,0.00000799
1626408727449000,0,1264.91907000,0.00000799
1626408731305000,1,4615.88333000,0.00000799
1626408757424000,1,3957.19967306,0.00000799
1626408757445000,1,664.10157630,0.00000799
1626408763344000,0,365.20000000,0.00000799
1626408763781000,0,1382.31419851,0.00000799
1626408763781000,0,4368.78264149,0.00000799
1626408774254000,0,75.00000000,0.00000800
1626408774254000,0,1572.14800361,0.00000800
1626408774254000,0,2202.62993434,0.00000800
1626408774340000,0,1722.83324000,0.00000800
1626408777622000,0,10197.62551564,0.00000801
1626408777622000,0,1447.12676801,0.00000801
1626408777622000,0,3617.81690635,0.00000801
1626408946205000,1,2500.00000000,0.00000800
1626408949341000,0,2679.69108428,0.00000800
1626408949341000,0,1071.87642572,0.00000800
1626408980963000,1,3545.22688000,0.00000801
1626408981027000,1,365.20000000,0.00000801
1626408983782000,1,1628.04347401,0.00000799
1626408983881000,1,5481.88834641,0.00000799
1626408983900000,1,3552.93764394,0.00000799
1626408983932000,1,870.55743852,0.00000799
1626408983932000,1,3025.44256148,0.00000799
1626408983945000,1,1566.45330053,0.00000799
1626408983949000,1,19.43504588,0.00000799
1626408983949000,1,6812.98495412,0.00000799
1626408993161000,0,365.20000000,0.00000798
1626408993240000,0,6068.39031000,0.00000798
1626408997130000,0,2198.21467000,0.00000798
1626408998625000,1,4628.30134365,0.00000798
1626408998625000,1,9371.69865635,0.00000798
1626409226834000,1,365.20000000,0.00000797
1626409288834000,0,6536.28132000,0.00000796
1626409587908000,0,365.20000000,0.00000797
1626409627097000,1,365.20000000,0.00000797
1626409629604000,1,30135.46902430,0.00000796
1626409629604000,1,11594.92320031,0.00000796
1626409629604000,1,4638.62174684,0.00000796
1626409630049000,1,1507.88450187,0.00000795
1626409630057000,1,3130.73724497,0.00000795
1626409630057000,1,513.31696790,0.00000795
1626409630099000,1,2136.16971099,0.00000795
1626409630102000,1,5780.22392386,0.00000795
1626409630185000,1,3165.21259756,0.00000795
1626409661580000,1,4657.18668058,0.00000794
1626409661580000,1,933.81337878,0.00000794
1626409661664000,1,2000.00000000,0.00000794
1626409668704000,1,3963.00069072,0.00000792
1626409668886000,1,2617.91635101,0.00000792
1626409668965000,1,1602.01893939,0.00000792
1626409669512000,1,987.01149129,0.00000792
1626409671602000,0,4666.42342300,0.00000793
1626409671602000,0,11661.69070700,0.00000793
1626409671623000,0,0.00000525,0.00000793
1626409725254000,1,4025.16880449,0.00000791
1626409938198000,1,28.85658025,0.00000788
1626410164787000,0,4685.75387945,0.00000790
1626410164787000,0,11714.00062914,0.00000790
1626410164787000,0,30452.82041435,0.00000790
1626410165321000,0,4685.23772272,0.00000791
1626410165321000,0,11713.05094183,0.00000791
1626410165947000,0,738.00000000,0.00000792
1626410165947000,0,471.41750867,0.00000792
1626410166685000,0,11221.61101692,0.00000792
1626410166685000,0,4674.19435308,0.00000792
1626410171124000,1,4672.22317349,0.00000792
1626410171124000,1,11680.55792651,0.00000792
1626410193305000,0,365.20000000,0.00000794
1626410298897000,0,10000.58385310,0.00000793
1626410298897000,0,4000.23353690,0.00000793
1626410352182000,1,4666.33134099,0.00000792
1626410352182000,1,11665.82834901,0.00000792
1626410352236000,1,0.00000345,0.00000792
1626410352236000,1,365.19999655,0.00000792
1626410352465000,1,14027.40108000,0.00000792
1626410352568000,1,11909.32868250,0.00000792
1626410522736000,0,4675.78918083,0.00000791
1626410522736000,0,11689.35869917,0.00000791
1626410736493000,0,845.57075310,0.00000792
1626410737149000,0,3823.83234728,0.00000792
1626410737149000,0,11673.36521272,0.00000792
1626410737369000,0,0.00001201,0.00000792
1626410737561000,0,3899.92000000,0.00000793
1626410737615000,0,2745.90177399,0.00000793
1626410737692000,0,4660.27838192,0.00000793
1626410737692000,0,14.79170013,0.00000793
1626410737777000,0,3931.34222715,0.00000793
1626410737946000,0,2049.01913597,0.00000793
1626410738024000,0,3051.00000000,0.00000793
1626410777663000,0,365.20000000,0.00000795
1626410791334000,1,4646.63113000,0.00000795
1626410791599000,1,29000.00000000,0.00000794
1626410791652000,1,1193.53525262,0.00000794
1626410791652000,1,4647.62496842,0.00000794
1626410791652000,1,4646.63113667,0.00000794
1626410795986000,0,11631.20829235,0.00000794
1626410795986000,0,4652.48330765,0.00000794
1626410825111000,0,11631.20829235,0.00000794
1626410825111000,0,30248.46503765,0.00000794
1626410924771000,1,17636.82694000,0.00000795
1626410924867000,1,12551.72414000,0.00000795
1626410924905000,1,0.00000422,0.00000795
1626410947840000,1,4647.27465000,0.00000795
1626410947843000,1,0.00000074,0.00000795
1626411142596000,1,4659.88229743,0.00000793
1626411142596000,1,7840.11770257,0.00000793
1626411142633000,1,365.20000000,0.00000793
1626411142649000,1,3444.38804101,0.00000793
1626411189848000,0,11679.16138000,0.00000791
1626411248693000,1,4675.95382795,0.00000790
1626411248700000,1,1261.71991523,0.00000790
1626411248797000,0,5937.67374318,0.00000790
1626411351576000,0,4685.63656745,0.00000789
1626411351576000,0,11713.84945255,0.00000789
1626411530557000,1,4509.38092331,0.00000788
1626411530560000,1,1443.82080462,0.00000788
1626411594429000,0,365.20000000,0.00000788
1626411613236000,0,1240.91252520,0.00000789
1626411613725000,0,541.00000000,0.00000789
1626411614005000,0,611.00000000,0.00000789
1626411614043000,0,830.47300000,0.00000789
1626411618973000,0,7685.18122267,0.00000789
1626411618973000,0,4363.45377733,0.00000789
1626411765023000,0,4457.61699560,0.00000788
1626411765023000,0,11129.91821440,0.00000788
1626411813621000,0,8241.63747000,0.00000788
1626411838244000,1,5949.74773000,0.00000788
1626411838562000,1,0.00000214,0.00000788
1626411838562000,1,4687.18460786,0.00000788
1626411838563000,1,0.00000865,0.00000788
1626412054591000,0,952.00086486,0.00000785
1626412097422000,1,365.20000000,0.00000785
1626412097429000,1,240.06397630,0.00000785
1626412154550000,0,365.20000000,0.00000785
1626412245822000,0,4374.12828517,0.00000787
1626412245822000,0,10912.25266483,0.00000787
1626412280258000,1,365.20000000,0.00000788
1626412280283000,1,4332.02244606,0.00000788
1626412519378000,0,365.20000000,0.00000788
1626412539041000,1,365.20000000,0.00000788
1626412539292000,1,4330.01520000,0.00000788
1626412723765000,1,9060.41525000,0.00000783
1626412723820000,1,4000.00000000,0.00000783
1626412723875000,1,6000.00000000,0.00000783
1626412746768000,0,4732.27587037,0.00000784
1626412746768000,0,11829.78792773,0.00000784
1626412747573000,0,4952.97210487,0.00000785
1626412747635000,0,3286.52799716,0.00000785
1626412747647000,0,1566.95493708,0.00000785
1626412747722000,0,884.15437931,0.00000785
1626412747745000,0,2732.95659339,0.00000785
1626412747812000,0,1106.81897673,0.00000785
1626412747812000,0,11775.19060861,0.00000785
1626412747885000,0,34.53177320,0.00000785
1626412756022000,0,4141.61886531,0.00000785
1626412756022000,0,10354.04715469,0.00000785
1626412780795000,1,638.89440444,0.00000785
1626412780797000,1,5356.66356664,0.00000785
1626412783359000,1,5995.55797000,0.00000785
1626412784335000,1,0.00000108,0.00000785
1626412846878000,0,9860.82259316,0.00000786
1626412846878000,0,3944.38903684,0.00000786
1626412911633000,1,38.74104500,0.00000785
1626412927772000,1,3810.84974302,0.00000786
1626412927772000,1,28689.15025698,0.00000786
1626412927826000,1,1367.38347000,0.00000786
1626412980505000,0,11364.56829000,0.00000785
1626413020436000,0,4341.75133717,0.00000785
1626413020436000,0,10854.35956283,0.00000785
1626413022445000,1,4725.72496606,0.00000785
1626413022445000,1,11334.95422394,0.00000785
1626413052158000,0,4364.99474000,0.00000784
1626413102667000,0,10643.29443849,0.00000785
1626413102667000,0,4257.46941818,0.00000785
1626413118777000,0,3839.84226738,0.00000786
1626413118777000,0,9599.60566846,0.00000786
1626413122609000,0,3831.87099943,0.00000787
1626413122609000,0,9579.51626057,0.00000787
1626413166694000,1,4714.17028581,0.00000787
1626413166694000,1,11785.42571451,0.00000787
1626413166694000,1,5500.40399968,0.00000787
1626413168915000,1,487.03549000,0.00000787
1626413220553000,1,3601.75777588,0.00000786
1626413220951000,1,2392.51238113,0.00000786
1626413221033000,0,5994.27015701,0.00000786
1626413228201000,1,3331.67243541,0.00000786
1626413228964000,1,2663.16869211,0.00000786
1626413229096000,0,5676.59585395,0.00000786
1626413234362000,1,318.21901514,0.00000786
1626413234453000,0,2750.51198216,0.00000786
1626413234453000,0,3245.85527377,0.00000786
1626413234598000,0,4425.97221000,0.00000786
1626413238060000,1,5996.23573498,0.00000786
1626413238193000,1,2826.76097274,0.00000786
1626413238331000,1,3169.47476224,0.00000786
1626413272594000,0,365.20000000,0.00000786
1626413272617000,0,4674.05724281,0.00000786
1626413273758000,0,2556.58294100,0.00000787
1626413369829000,1,4716.63285379,0.00000786
1626413369829000,1,3783.36714621,0.00000786
1626413369888000,1,365.20000000,0.00000786
1626413370586000,0,1318.33366000,0.00000786
1626413370646000,0,0.00000623,0.00000786
1626413370646000,0,3291.65162377,0.00000786
1626413370699000,0,0.00001114,0.00000786
1626413385259000,1,4721.27147618,0.00000786
1626413385259000,1,7178.85363382,0.00000786
1626413415003000,0,1864.33080880,0.00000787
1626413415003000,0,4651.01353120,0.00000787
1626413417109000,1,4722.03283000,0.00000787
1626413434532000,0,11828.44695000,0.00000788
1626413434532000,0,1821.56112153,0.00000788
1626413434532000,0,1823.87273847,0.00000788
1626413434803000,0,0.00000885,0.00000788
1626413434803000,0,365.19999115,0.00000788
1626413434891000,0,4184.52709369,0.00000788
1626413435443000,0,1823.86688025,0.00000789
1626413435443000,0,4549.72707975,0.00000789
1626413435562000,0,0.00000509,0.00000789
1626413437934000,1,4705.00433000,0.00000789
1626413449290000,1,10011.91926000,0.00000789
1626413449479000,1,0.00000310,0.00000789
1626413450107000,1,365.20000000,0.00000789
1626413450109000,1,30239.19493898,0.00000789
1626413703215000,0,2741.16431960,0.00000785
1626413703215000,0,6852.91078040,0.00000785
1626414217356000,1,4728.40085000,0.00000784
1626414253080000,1,8550.34201000,0.00000783
1626414329221000,1,686.34144003,0.00000781
1626414329221000,1,613.40671339,0.00000781
1626414329222000,1,952.96761418,0.00000781
1626414329287000,1,813.58941452,0.00000781
1626414329295000,1,765.05759982,0.00000781
1626414329326000,1,1225.00000000,0.00000781
1626414329328000,1,1225.00000000,0.00000781
1626414329387000,1,2772.32700000,0.00000781
1626414329407000,1,1348.65004308,0.00000781
1626414361513000,0,22818.86708242,0.00000782
1626414361513000,0,8847.08993530,0.00000782
1626414361513000,0,3538.87593329,0.00000782
1626414376065000,0,6831.62161981,0.00000782
1626414376065000,0,2778.09198019,0.00000782
1626414376137000,0,0.00001097,0.00000782
1626414376482000,0,1277.33679110,0.00000783
1626414376501000,0,16583.69442737,0.00000783
1626414376636000,1,2778.08745986,0.00000783
1626414376681000,1,4522.53984277,0.00000783
1626414376984000,0,2422.67880688,0.00000783
1626414377438000,0,2104.43167245,0.00000784
1626414377516000,0,670.76008924,0.00000784
1626414377516000,0,4816.82527593,0.00000784
1626414675740000,0,12917.10344000,0.00000783
1626414678323000,0,365.20000000,0.00000783
1626414733305000,1,365.20000000,0.00000783
1626414733331000,1,6015.71489625,0.00000783
1626414805187000,0,2173.17634239,0.00000784
1626414805187000,0,5432.93749761,0.00000784
1626414807538000,1,4739.03102812,0.00000784
1626414807538000,1,11847.57758188,0.00000784
1626414966000000,0,2375.29008000,0.00000784
1626415009311000,1,8264.26698000,0.00000785
1626415086952000,1,2721.40525792,0.00000784
1626415086955000,1,3287.62840697,0.00000784
1626415222981000,1,2325.20756003,0.00000784
1626415285868000,0,17181.64180000,0.00000786
1626415285890000,0,0.00000533,0.00000786
1626415285972000,0,2647.26329524,0.00000786
1626415285972000,0,2829.34838879,0.00000786
1626415285977000,0,1293.59555602,0.00000786
1626415285983000,0,1339.25974636,0.00000786
1626415286038000,0,453.41873099,0.00000786
1626415286435000,0,365.20000000,0.00000786
1626415286556000,0,337.33036425,0.00000786
1626415313874000,1,365.20000000,0.00000787
1626415313910000,1,2471.59771355,0.00000787
1626415316501000,0,1953.13475516,0.00000787
1626415316501000,0,4882.83687484,0.00000787
1626415316515000,0,0.00001306,0.00000787
1626415319114000,1,4719.30658021,0.00000787
1626415319114000,1,2280.69341979,0.00000787
1626415594799000,1,5854.12208000,0.00000788
1626415639249000,0,2611.05952197,0.00000790
1626415639249000,0,6527.63826803,0.00000790
1626415639825000,0,16965.38659109,0.00000791
1626415704966000,0,1377.31449776,0.00000794
1626415704966000,0,3443.28624441,0.00000794
1626415750308000,0,1386.21530851,0.00000793
1626415750308000,0,3461.17360149,0.00000793
1626415750321000,0,0.00001201,0.00000793
1626415758763000,1,65.35811712,0.00000793
1626415860706000,0,1307.70652476,0.00000794
1626415860706000,0,3269.26630524,0.00000794
1626415862175000,1,4677.91473021,0.00000794
1626415862175000,1,11693.06354979,0.00000794
1626415862400000,1,0.00000517,0.00000794
1626415956549000,1,2215.87394787,0.00000792
1626415957287000,1,3954.02000000,0.00000790
1626415957321000,1,2150.37820213,0.00000790
1626415957344000,1,1678.62144260,0.00000790
1626415957351000,1,3969.24929532,0.00000790
1626415957351000,1,13.55090675,0.00000790
1626415957373000,1,398.78792553,0.00000790
1626415957386000,1,3707.69377009,0.00000790
1626415957436000,1,580.87497365,0.00000790
1626415958415000,0,2575.69442000,0.00000790
1626415958546000,0,0.00000168,0.00000790
1626415958794000,0,2575.69442168,0.00000791
1626416013131000,0,3931.86112000,0.00000789
1626416264061000,1,3887.12617325,0.00000786
1626416264065000,1,65.39957092,0.00000786
1626416295259000,0,3996.82818803,0.00000786
1626416399415000,0,3940.41597212,0.00000787
1626416399415000,0,9850.91239788,0.00000787
1626416413781000,1,4741.31175000,0.00000786
1626416438054000,1,3611.33516000,0.00000786
1626416602693000,0,9504.95346251,0.00000783
1626416632840000,0,181.09152865,0.00000783
1626416670143000,0,121.52835571,0.00000784
1626416701952000,0,180.92892611,0.00000783
1626416736350000,1,3136.45231613,0.00000782
1626416736423000,1,4075.78000000,0.00000782
1626416736474000,1,23714.71218044,0.00000782
1626416736474000,1,11899.10547214,0.00000782
1626416736474000,1,4761.03897835,0.00000782
1626416737150000,1,4762.01228002,0.00000781
1626416737150000,1,1932.12307806,0.00000781
1626416834934000,0,4774.43649000,0.00000782
1626417153659000,0,365.20000000,0.00000783
1626417155611000,0,4756.82959739,0.00000784
1626417155611000,0,11891.83565261,0.00000784
1626417159361000,1,4752.29119364,0.00000784
1626417170921000,1,4751.93358639,0.00000784
1626417170921000,1,11877.48693688,0.00000784
1626417170921000,1,30880.21581673,0.00000784
1626417261515000,0,4767.05681385,0.00000782
1626417261515000,0,11917.35754615,0.00000782
1626417263372000,1,4766.67277219,0.00000782
1626417263372000,1,11915.50854781,0.00000782
1626417367083000,0,4785.00540084,0.00000781
1626417367083000,0,11962.51349916,0.00000781
1626417373082000,1,4779.27535249,0.00000781
1626417373082000,1,10720.72464751,0.00000781
1626417373119000,1,365.20000000,0.00000781
1626417373256000,1,861.36111000,0.00000781
1626417518448000,1,1554.14742000,0.00000779
1626417536343000,1,4801.06346745,0.00000777
1626417536343000,1,7259.65998471,0.00000777
1626417536369000,1,4743.08905482,0.00000777
1626417546896000,0,4804.05409000,0.00000777
1626417553619000,1,4803.33080981,0.00000777
1626417553619000,1,0.72328019,0.00000777
1626417602850000,0,4796.24715776,0.00000779
1626417602850000,0,11990.58520224,0.00000779
1626417896167000,1,4793.23471928,0.00000778
1626417896167000,1,1122.20051870,0.00000778
1626417896289000,1,771.59798438,0.00000778
1626417896381000,1,1464.79527214,0.00000778
1626417896416000,1,3662.96798040,0.00000778
1626418017516000,0,365.20000000,0.00000779
1626418017598000,0,4430.81675078,0.00000779
1626418017598000,0,11990.04186922,0.00000779
1626418114102000,0,11976.95212822,0.00000781
1626418114102000,0,4790.78085129,0.00000781
1626418277168000,0,31051.24260000,0.00000783
1626418277286000,0,0.00000413,0.00000783
1626418277798000,0,4773.18846023,0.00000783
1626418277798000,0,11932.68644452,0.00000783
1626418295953000,1,6059.14267000,0.00000783
1626418297750000,1,0.00000393,0.00000783
1626418308688000,0,11931.96793591,0.00000783
1626418308688000,0,3068.03206409,0.00000783
1626418308954000,0,1708.56843239,0.00000783
1626418308954000,0,31014.64334644,0.00000783
1626418340574000,0,4429.30362043,0.00000783
1626418340574000,0,11059.13499617,0.00000783
1626418366594000,0,9436.58573937,0.00000784
1626418366594000,0,3769.82584442,0.00000784
1626418405634000,1,5397.74906000,0.00000785
1626418475196000,0,21711.20069000,0.00000784
1626418475344000,0,0.00000609,0.00000784
1626418475424000,0,908.90974610,0.00000784
1626418475485000,0,2433.01368631,0.00000784
1626418475485000,0,3616.98631369,0.00000784
1626418478850000,1,4759.04606000,0.00000784
1626418500186000,0,1358.77175382,0.00000784
1626418500269000,1,1358.77175000,0.00000784
1626418500397000,0,2033.83033598,0.00000784
1626418500397000,0,4017.58712242,0.00000784
1626418500444000,0,4762.13589775,0.00000784
1626418507232000,0,3397.53552247,0.00000785
1626418507232000,0,1359.01419753,0.00000785
1626418507350000,0,0.00001146,0.00000785
1626418828553000,1,365.20000000,0.00000784
1626418828621000,1,30933.79176397,0.00000784
1626418828621000,1,4759.98172929,0.00000784
1626418828621000,1,11899.95432322,0.00000784
1626419180322000,1,11864.75339134,0.00000784
1626419180322000,1,4747.02612961,0.00000784
1626419180322000,1,30869.21511497,0.00000784
1626419257311000,1,10350.28472841,0.00000783
1626419332455000,1,4752.62669000,0.00000784
1626419332640000,1,0.00000534,0.00000784
1626419418694000,1,1428.47117459,0.00000783
1626419431189000,1,3981.82408393,0.00000783
1626419452654000,0,365.20000000,0.00000783
1626419452698000,0,3526.91862181,0.00000783
1626419452698000,0,3038.94340296,0.00000783
1626419452699000,0,523.49423356,0.00000783
1626419452720000,0,478.28003424,0.00000783
1626419452766000,0,5677.16779121,0.00000783
1626419493702000,1,4888.38426967,0.00000784
1626419496146000,1,1139.08062227,0.00000784
1626419496265000,0,2226.15810682,0.00000784
1626419598123000,1,3399.55321647,0.00000784
1626419598127000,1,2627.89838839,0.00000784
1626419603104000,1,3263.76257365,0.00000784
1626419603108000,1,2763.68903121,0.00000784
1626419613015000,1,3127.97193083,0.00000784
1626419613024000,1,2899.47967403,0.00000784
1626419733941000,1,2992.18128801,0.00000784
1626419740729000,1,2857.36138495,0.00000784
1626419740732000,1,176.50723095,0.00000784
1626419838417000,1,365.20000000,0.00000783
1626419838520000,1,6279.99826552,0.00000783
1626419838520000,1,12720.00173448,0.00000783
1626419838590000,1,8000.00000000,0.00000783
1626419838680000,1,240.97917585,0.00000783
1626419896415000,0,457.00000000,0.00000783
1626419896527000,0,737.32147000,0.00000783
1626419976040000,0,3471.57455702,0.00000783
1626419976040000,0,8678.93638298,0.00000783
1626419976202000,0,0.00000958,0.00000783
1626419977409000,0,3825.76658321,0.00000784
1626419977459000,0,1877.48948976,0.00000784
1626419977478000,0,2977.46820026,0.00000784
1626419977478000,0,1594.80133687,0.00000784
1626419977519000,0,1060.19893215,0.00000784
1626419977588000,0,817.29055761,0.00000784
1626419987778000,1,4761.92570522,0.00000783
1626419987778000,1,11904.86977449,0.00000783
1626420232678000,0,3162.28218294,0.00000783
1626420232678000,0,7905.64402706,0.00000783
1626420429353000,1,6035.38826046,0.00000783
1626420429353000,1,4760.72060148,0.00000783
1626420429353000,1,11899.00464806,0.00000783
1626420429562000,1,0.00000829,0.00000783
1626420465701000,1,4766.98955389,0.00000782
1626420465701000,1,11917.47388474,0.00000782
1626420465701000,1,30977.75155137,0.00000782
1626420499192000,1,5502.60443000,0.00000782
1626420705647000,0,3942.58071148,0.00000779
1626420705647000,0,10938.99594700,0.00000779
1626420758870000,0,4261.20804198,0.00000779
1626420758870000,0,10639.36237802,0.00000779
1626421114921000,0,8811.92084151,0.00000781
1626421114921000,0,3524.79155849,0.00000781
1626421188503000,1,2802.33758512,0.00000781
1626421209806000,0,365.20000000,0.00000780
1626421258044000,1,357.12200000,0.00000779
1626421313690000,1,4795.40473000,0.00000778
1626421601129000,1,3434.53790901,0.00000776
1626421704687000,1,3357.16679723,0.00000775
1626421707889000,1,2744.47923500,0.00000775
1626421707991000,0,537.05384316,0.00000775
1626421708437000,1,5564.59218907,0.00000775
1626421870243000,1,4804.06039000,0.00000775
1626421900883000,0,8023.32114000,0.00000773
1626421901856000,0,4816.44642762,0.00000773
1626421922500000,1,4816.49004357,0.00000773
1626421922500000,1,183.50995643,0.00000773
1626421933004000,0,2637.38475000,0.00000773
1626421967703000,1,3189.78304863,0.00000773
1626421968397000,1,2930.18735693,0.00000773
1626421968482000,0,5054.57318146,0.00000773
1626421972413000,0,357.12200000,0.00000773
1626422035892000,0,5528.81897004,0.00000773
1626422386345000,1,347.83508823,0.00000776
1626422387079000,1,5749.73418455,0.00000776
1626422387161000,0,1105.99799492,0.00000776
1626422398384000,1,4118.76433553,0.00000776
1626422406809000,0,4790.90789903,0.00000777
1626422476091000,1,2645.32383000,0.00000778
1626422590034000,1,4793.31467000,0.00000776
1626422651776000,1,4804.87160001,0.00000775
1626422733746000,1,1706.68533000,0.00000774
1626422917252000,1,365.20000000,0.00000773
1626422921445000,1,4825.31021798,0.00000772
1626422921445000,1,1320.64541293,0.00000772
1626422921448000,1,1639.60256616,0.00000772
1626422921468000,1,2575.49289813,0.00000772
1626422921607000,1,1629.39825293,0.00000772
1626422978319000,0,3182.25908475,0.00000771
1626422978319000,0,7945.34245525,0.00000771
1626422993671000,1,4833.97962742,0.00000772
1626422993671000,1,12082.55072258,0.00000772
1626422997306000,0,2931.55839579,0.00000772
1626422997306000,0,7319.41487421,0.00000772
1626422997368000,0,0.00000789,0.00000772
1626422998027000,0,8281.68340000,0.00000773
1626422998149000,0,0.00000563,0.00000773
1626422998149000,0,365.19999437,0.00000773
1626422998156000,0,697.71976687,0.00000773
1626422998184000,0,466.77430000,0.00000773
1626422998228000,0,1782.97375706,0.00000773
1626423001271000,1,4827.31427000,0.00000773
1626423009844000,1,3134.88980000,0.00000773
1626423024935000,1,4826.64144154,0.00000773
1626423024935000,1,12067.21824846,0.00000773
1626423099543000,1,31472.47854570,0.00000770
1626423099543000,1,12108.07312613,0.00000770
1626423099543000,1,4844.02922315,0.00000770
1626423104182000,0,3568.61765414,0.00000769
1626423104182000,0,8920.14203586,0.00000769
1626423104281000,0,0.00001193,0.00000769
1626423104759000,0,2882.07470000,0.00000770
1626423104763000,0,4603.41264900,0.00000770
1626423104768000,0,13761.93723798,0.00000770
1626423104769000,0,1942.52722739,0.00000770
1626423114129000,0,4265.66614703,0.00000771
1626423134916000,0,3921.25086395,0.00000771
1626423232598000,1,12111.55617204,0.00000770
1626423232598000,1,4844.55623796,0.00000770
1626423273252000,0,7001.97661000,0.00000768
1626423273414000,0,2800.79064000,0.00000768
1626423285975000,0,15314.15599000,0.00000770
1626423295208000,0,1516.27333263,0.00000770
1626423295208000,0,3790.68332737,0.00000770
1626423299215000,0,1927.55578830,0.00000771
1626423299215000,0,4818.82994613,0.00000771
1626423299215000,0,12528.69000920,0.00000771
1626423322158000,1,4840.80116000,0.00000771
1626423322159000,1,0.00000789,0.00000771
1626423350971000,1,4845.82388000,0.00000770
1626423382929000,1,4846.97894000,0.00000770
1626423476651000,1,4483.83822572,0.00000771
1626423476652000,1,1652.30495878,0.00000771
1626423476747000,0,141.23033151,0.00000771
1626423482056000,1,5994.91285299,0.00000771
1626423482056000,1,31418.21279701,0.00000771
1626423485553000,0,1649.79096454,0.00000771
1626423485553000,0,2455.20989975,0.00000771
1626423590212000,1,2939.90800366,0.00000769
1626423590212000,1,4841.23121251,0.00000769
1626423590212000,1,31497.07706383,0.00000769
1626423645858000,1,365.20000000,0.00000769
1626423651296000,1,4347.71285000,0.00000769
1626424100643000,0,7870.66843000,0.00000768
1626424101678000,0,4112.58538336,0.00000769
1626424101722000,0,822.51710021,0.00000769
1626424101774000,0,2056.27587943,0.00000769
1626424101844000,0,988.45801724,0.00000769
1626424101881000,0,591.68365083,0.00000769
1626424101881000,0,3522.17309398,0.00000769
1626424101943000,0,5568.78298811,0.00000769
1626424103643000,1,4853.97503000,0.00000769
1626424108798000,0,6526.81546000,0.00000769
1626424117636000,0,10300.10436082,0.00000771
1626424117636000,0,45832.80217918,0.00000771
1626424118173000,0,4052.43010000,0.00000771
1626424118231000,0,350.00000000,0.00000771
1626424118274000,0,7563.00000000,0.00000771
1626424118297000,0,6360.76122816,0.00000771
1626424118339000,0,251.11938592,0.00000771
1626424119320000,0,2861.73819999,0.00000772
1626424119320000,0,352.12654791,0.00000772
1626424119440000,0,4058.00000000,0.00000772
1626424145916000,1,3199.81017218,0.00000771
1626424145916000,1,12093.09518791,0.00000771
1626424145916000,1,31464.26330991,0.00000771
1626424146971000,0,1637.42895211,0.00000771
1626424146971000,0,4093.57237789,0.00000771
1626424246792000,1,31472.35487000,0.00000771
1626424253290000,1,4126.27046734,0.00000771
1626424253290000,1,31473.84264266,0.00000771
1626424253692000,1,0.00001044,0.00000771
1626424377341000,1,592.29999410,0.00000770
1626424383121000,1,6156.73997274,0.00000770
1626424388350000,1,5959.48724341,0.00000770
1626424388572000,0,6158.60487707,0.00000770
1626424388884000,1,12112.53040297,0.00000769
1626424388884000,1,4844.87534529,0.00000769
1626424437776000,1,12133.39813078,0.00000768
1626424437776000,1,4854.42064046,0.00000768
1626424499084000,1,4870.83282020,0.00000767
1626424504024000,0,4870.94715661,0.00000767
1626424509780000,0,1320.94734190,0.00000767
1626424520791000,1,4871.94411568,0.00000767
1626424545421000,0,6195.83433000,0.00000767
1626424547993000,1,4871.42966222,0.00000767
1626424547993000,1,11725.76934778,0.00000767
1626424906934000,1,4890.05350403,0.00000764
1626424906934000,1,12225.13376008,0.00000764
1626424917424000,1,2000.00000000,0.00000765
1626424930406000,1,4888.18129865,0.00000765
1626424930406000,1,11611.81870135,0.00000765
1626425013751000,0,4908.73898000,0.00000764
1626425013855000,0,0.00000285,0.00000764
1626425036198000,0,4908.73898285,0.00000765
1626425036198000,0,12271.84744715,0.00000765
1626425044259000,0,4900.84887275,0.00000766
1626425044259000,0,12250.77036725,0.00000766
1626425081231000,1,12220.18172886,0.00000766
1626425081231000,1,4779.81827114,0.00000766
1626425096342000,1,4901.95410000,0.00000765
1626425101846000,1,4900.85196656,0.00000765
1626425101846000,1,8099.14803344,0.00000765
1626425165030000,1,1500.00000000,0.00000763
1626425185979000,0,4915.11715550,0.00000763
1626425185979000,0,12289.95334519,0.00000763
1626425229138000,1,12298.36607000,0.00000764
1626425233644000,0,4917.84229119,0.00000764
1626425242932000,1,4917.50751000,0.00000764
1626425290057000,1,4913.50020332,0.00000764
1626425290057000,1,9209.61676668,0.00000764
1626425290199000,1,3074.50125469,0.00000764
1626425290199000,1,17821.30626531,0.00000764
1626425290331000,1,7104.19248000,0.00000764
1626425300825000,0,365.20000000,0.00000764
1626425334937000,1,365.20000000,0.00000765
1626425411352000,0,365.20000000,0.00000766
1626425430324000,1,3988.13582000,0.00000766
1626425455866000,0,4888.68189820,0.00000769
1626425455866000,0,12221.26299180,0.00000769
1626425456971000,1,4887.47392522,0.00000769
1626425456971000,1,12215.09317478,0.00000769
1626425482003000,1,4883.78243760,0.00000769
1626425482003000,1,12210.28169240,0.00000769
1626425548164000,1,3500.00000000,0.00000768
1626425558309000,0,4885.09628251,0.00000768
1626425558309000,0,12212.74069749,0.00000768
1626425569347000,0,12212.74070000,0.00000768
1626425648269000,0,4.71264427,0.00000768
1626425699528000,1,365.20000000,0.00000768
1626426004706000,1,1302.28814199,0.00000768
1626426103346000,1,4876.56653000,0.00000769
1626426155054000,0,12195.52816074,0.00000770
1626426155054000,0,4874.02811926,0.00000770
1626426242194000,1,4852.10648000,0.00000772
1626426260947000,0,4861.20033439,0.00000771
1626426260947000,0,12153.00082561,0.00000771
1626426311161000,1,4861.07423000,0.00000771
1626426356247000,1,4866.02227268,0.00000770
1626426356247000,1,12167.56313732,0.00000770
1626426371797000,1,4865.09413891,0.00000770
1626426417273000,1,31710.31602000,0.00000770
1626426417450000,1,12195.17952000,0.00000770
1626426604817000,1,3500.00000000,0.00000768
1626426605001000,1,1395.13523330,0.00000768
1626426839860000,0,7354.52149603,0.00000768
1626426839860000,0,4903.66114397,0.00000768
1626426841328000,1,12253.29255000,0.00000768
1626426858361000,0,4895.14403000,0.00000769
1626426892667000,0,4895.14403229,0.00000770
1626426892667000,0,12237.86008074,0.00000770
1626426896181000,1,4883.18689196,0.00000770
1626426896181000,1,12208.29711736,0.00000770
1626426896181000,1,6200.24361486,0.00000770
1626426896181000,1,31754.39755881,0.00000770
1626426896290000,0,4155.15149701,0.00000770
1626426920501000,0,4883.79508325,0.00000771
1626426920501000,0,12209.03203675,0.00000771
1626426920531000,0,0.00000524,0.00000771
1626426964444000,1,4876.60202000,0.00000772
1626427009488000,1,4090.06630523,0.00000772
1626427009504000,1,2851.00000000,0.00000772
1626427009712000,1,1021.10300000,0.00000772
1626427014596000,1,4214.00098862,0.00000772
1626427014596000,1,1980.34132277,0.00000772
1626427044383000,0,4878.85795693,0.00000772
1626427044383000,0,6193.90082591,0.00000772
1626427044383000,0,12197.14487716,0.00000772
1626427044895000,0,4875.30403923,0.00000772
1626427044902000,0,1318.59678668,0.00000772
1626427051251000,0,2884.03917331,0.00000773
1626427051289000,0,1648.02167707,0.00000773
1626427054197000,0,7651.39737269,0.00000773
1626427084237000,1,12166.11703549,0.00000773
1626427114651000,1,12172.79224051,0.00000772
1626427114651000,1,4868.19936949,0.00000772
1626427147669000,0,4874.38683674,0.00000772
1626427151435000,0,1321.31022084,0.00000772
1626427151527000,1,6195.69705758,0.00000772
1626427154913000,1,4873.06729000,0.00000772
1626427300476000,0,4878.60740094,0.00000771
1626427315666000,0,1319.82014177,0.00000771
1626427333312000,1,4881.60708076,0.00000771
1626427339523000,1,4881.37910381,0.00000771
1626427344820000,0,1314.63295827,0.00000771
1626427344911000,1,3566.86646405,0.00000771
1626427347004000,0,2629.27388513,0.00000771
1626427666985000,0,2917.66311768,0.00000770
1626427729027000,1,4882.00534945,0.00000770
1626427740222000,0,12224.64153488,0.00000769
1626427740222000,0,4891.68718512,0.00000769
1626427817596000,0,4897.76108095,0.00000769
1626427817596000,0,12244.02005522,0.00000769
1626427911177000,1,31752.15994000,0.00000769
1626427963652000,1,4879.63906000,0.00000770
1626428013177000,1,4880.53254000,0.00000770
1626428027620000,1,4880.72272000,0.00000770
1626428113065000,1,4884.61577000,0.00000769
1626428186638000,0,29500.00000000,0.00000769
1626428186707000,0,2294.97492211,0.00000769
1626428186707000,0,12225.07628374,0.00000769
1626428186707000,0,4890.38314813,0.00000769
1626428187531000,0,4889.67696481,0.00000770
1626428187531000,0,1031.47864579,0.00000770
1626428187617000,0,11192.21659000,0.00000770
1626428187790000,0,0.00000054,0.00000770
1626428193730000,1,12203.31603147,0.00000771
1626428193731000,1,4868.64916853,0.00000771
1626428194675000,0,1731.70045569,0.00000772
1626428194761000,0,3149.62595690,0.00000772
1626428194761000,0,3967.84647109,0.00000772
1626428194829000,0,8235.46956038,0.00000772
1626428213189000,1,4867.10435000,0.00000772
1626428283541000,1,4877.17626000,0.00000771
1626428471987000,1,21000.00000000,0.00000768
1626428472036000,1,10803.36140340,0.00000768
1626428472036000,1,12235.83343403,0.00000768
1626428472036000,1,1960.80516257,0.00000768
1626428472647000,1,2935.05617000,0.00000768
1626428575321000,1,90.30375935,0.00000767
1626428657800000,1,6226.10491437,0.00000767
1626428658103000,1,1131.23303572,0.00000767
1626428661444000,0,4906.50083065,0.00000767
1626428663384000,0,1320.27507553,0.00000767
1626428663456000,1,6226.77590618,0.00000767
1626428771774000,1,4911.25603762,0.00000766
1626428804842000,0,4923.94620412,0.00000766
1626428804842000,0,12309.86550588,0.00000766
1626428826169000,0,0.82643938,0.00000767
1626428826169000,0,12281.91545062,0.00000767
1626428886058000,0,2458.49170297,0.00000767
1626428990326000,1,468.06157635,0.00000766
1626428995615000,1,4447.45678000,0.00000766
1626429002166000,1,4916.44902000,0.00000766
1626429092570000,0,1371.82900132,0.00000767
1626429092583000,0,3539.14553482,0.00000767
1626429092583000,0,12276.98761338,0.00000767
1626429118686000,0,0.21053002,0.00000768
1626429118686000,0,12246.11634998,0.00000768
1626429209826000,0,12233.14671785,0.00000769
1626429209826000,0,4892.66592395,0.00000769
1626429216019000,0,365.20000000,0.00000770
1626429216073000,0,6954.59085130,0.00000770
1626429216073000,0,4879.88451463,0.00000770
1626429316676000,1,4890.13111000,0.00000769
1626429316680000,1,0.00000086,0.00000769
1626429605287000,1,365.20000000,0.00000767
1626429606182000,1,4901.93181726,0.00000767
1626429606182000,1,12252.99233274,0.00000767
1626429652073000,1,4906.34971079,0.00000767
1626429652073000,1,12266.20793921,0.00000767
1626429762872000,1,9807.99131000,0.00000766
1626429899403000,0,22708.31812255,0.00000767
1626429900024000,0,365.20000000,0.00000766
1626430024602000,1,4907.05952000,0.00000766
1626430137366000,0,4918.05511969,0.00000765
1626430137366000,0,6252.60040951,0.00000765
1626430295565000,0,569.64397905,0.00000764
1626430507695000,0,4951.65442046,0.00000761
1626430507695000,0,12379.13604954,0.00000761
1626430507913000,0,0.00000160,0.00000761
1626430557750000,1,12328.13101000,0.00000763
1626430589394000,1,4941.08944000,0.00000762
1626430627115000,1,4927.74509000,0.00000761
1626430627168000,1,0.00000611,0.00000761
1626430627168000,1,365.19999389,0.00000761
1626430627191000,1,12006.96899710,0.00000761
1626430636180000,1,4950.86468000,0.00000761
1626430636317000,1,0.00000479,0.00000761
1626430671509000,1,12408.86707223,0.00000758
1626430671509000,1,4964.00491271,0.00000758
1626430705232000,0,365.20000000,0.00000758
1626430705369000,0,4604.16184678,0.00000758
1626430705369000,0,12423.40461694,0.00000758
1626430718996000,1,12423.11075000,0.00000758
1626430767599000,0,12416.44707327,0.00000759
1626430767599000,0,4966.65219673,0.00000759
1626430800447000,0,187.74210526,0.00000760
1626430898254000,1,4958.19541303,0.00000759
1626430898254000,1,12392.17700697,0.00000759
1626431111446000,0,381.90187379,0.00000758
1626431111446000,0,4979.68819203,0.00000758
1626431111446000,0,12444.30457418,0.00000758
1626431170519000,1,4079.64123865,0.00000757
1626431185975000,1,4987.64970649,0.00000756
1626431185975000,1,12469.12425351,0.00000756
1626431271310000,1,365.20000000,0.00000757
1626431271382000,1,1188.29661000,0.00000757
1626431293349000,1,4991.89042000,0.00000757
1626431326153000,1,12008.10958000,0.00000758
1626431326693000,1,455.15246248,0.00000758
1626431326693000,1,4985.30480752,0.00000758
1626431330819000,1,4985.30481699,0.00000758
1626431330819000,1,12463.26203301,0.00000758
1626431509745000,1,4967.54864400,0.00000759
1626431526315000,1,1344.88698405,0.00000759
1626431538780000,0,27.30023056,0.00000759
1626431621999000,1,7610.97588000,0.00000756
1626431622331000,1,1323.07547624,0.00000756
1626431622437000,1,1323.07552503,0.00000756
1626431622450000,1,1323.07547624,0.00000756
1626431622454000,1,1020.27558437,0.00000756
1626431622454000,1,302.93223366,0.00000756
1626431622472000,1,3969.62335137,0.00000756
1626431622534000,1,5292.30190497,0.00000756
1626431702255000,0,365.20000000,0.00000757
1626431702305000,0,4625.04985002,0.00000757
1626431702493000,1,4988.52233758,0.00000757
1626431764707000,0,4987.43450000,0.00000758
1626431765021000,0,0.00000788,0.00000758
1626431765021000,0,12468.58625212,0.00000758
1626431803910000,1,4977.15669233,0.00000759
1626431805901000,1,1352.28667438,0.00000759
1626431993723000,1,4987.52878403,0.00000758
1626432013130000,1,12463.93174000,0.00000758
1626432013309000,1,0.00000842,0.00000758
1626432022613000,1,365.20000000,0.00000757
1626432022676000,1,12105.54922515,0.00000757
1626432027696000,1,12474.56979957,0.00000756
1626432027696000,1,15025.54218043,0.00000756
1626432027756000,1,1500.00000000,0.00000756
1626432027760000,1,3360.03187742,0.00000756
1626432027896000,1,871.99999999,0.00000756
1626432029188000,0,4998.53123158,0.00000756
1626432029188000,0,12501.55599842,0.00000756
1626432029258000,0,0.00000333,0.00000756
1626432032819000,1,15000.00000000,0.00000756
1626432032819000,1,2500.08722000,0.00000756
1626432035603000,0,2502.20169770,0.00000756
1626432035603000,0,12496.32806230,0.00000756
1626432037756000,0,12492.39528785,0.00000756
1626432037777000,0,2507.60471215,0.00000756
1626432057217000,0,12512.87950688,0.00000756
1626432057217000,0,5000.81965312,0.00000756
1626432057263000,0,0.00001053,0.00000756
1626432060930000,1,4998.08212260,0.00000756
1626432060930000,1,12495.55122740,0.00000756
1626432101580000,0,5002.23654841,0.00000756
1626432101580000,0,12505.22687483,0.00000756
1626432102415000,0,4993.09799072,0.00000757
1626432102415000,0,8082.98453222,0.00000757
1626432102416000,0,2157.26370703,0.00000757
1626432102456000,0,2242.49673754,0.00000757
1626432115977000,0,4993.09799072,0.00000757
1626432115977000,0,12482.74497679,0.00000757
1626432228983000,0,2.17765605,0.00000760
1626432228983000,0,12421.83443395,0.00000760
1626432231082000,1,4965.44905000,0.00000760
1626432259910000,0,12377.97074426,0.00000761
1626432259910000,0,4951.37010574,0.00000761
1626432259936000,0,0.00000494,0.00000761
1626432280689000,0,1.59044306,0.00000762
1626432280689000,0,12362.88840694,0.00000762
1626432345201000,0,2.06171437,0.00000762
1626432345201000,0,12344.85227563,0.00000762
1626432355401000,1,4937.28751000,0.00000762
1626432481223000,0,4955.31104762,0.00000759
1626432481223000,0,12388.27760238,0.00000759
1626432481594000,0,0.00001668,0.00000759
1626432497272000,0,4948.79090151,0.00000760
1626432497272000,0,12371.97724849,0.00000760
1626432518783000,0,365.20000000,0.00000760
1626432518882000,0,12021.21901000,0.00000760
1626432611055000,0,4974.13290381,0.00000758
1626432708029000,1,365.20000000,0.00000758
1626432716460000,0,4977.89337464,0.00000759
1626432716460000,0,12444.73342536,0.00000759
1626432725315000,0,4968.28452884,0.00000760
1626432725315000,0,12419.32283116,0.00000760
1626432729313000,1,4965.23136261,0.00000760
1626432729313000,1,12410.92218739,0.00000760
1626432788664000,0,4962.26102909,0.00000759
1626432788664000,0,12405.61992247,0.00000759
1626432818557000,0,365.20000000,0.00000759
1626432931499000,0,4975.24640779,0.00000758
1626432931499000,0,12438.11600221,0.00000758
1626432960978000,0,6326.85983932,0.00000759
1626432960978000,0,4971.00334820,0.00000759
1626432960978000,0,12427.01736248,0.00000759
1626432982504000,0,6.87881790,0.00000761
1626432982504000,0,12394.35243210,0.00000761
1626432984918000,1,4950.31247610,0.00000761
1626432984918000,1,12370.64342390,0.00000761
1626433043843000,1,365.20000000,0.00000760
1626433043954000,1,4597.18340285,0.00000760
1626433074188000,1,4961.29298439,0.00000760
1626433074188000,1,12399.96892561,0.00000760
1626433148591000,1,32284.30240000,0.00000759
1626433158337000,0,4959.76771035,0.00000759
1626433158590000,0,1356.87114158,0.00000759
1626433158667000,1,3609.05986839,0.00000759
1626433445351000,1,4983.26569000,0.00000757
1626433488146000,1,9963.23783000,0.00000758
1626434247445000,1,32472.04059534,0.00000755
1626434247445000,1,8106.96497466,0.00000755
1626434305097000,0,5021.99450289,0.00000754
1626434305097000,0,12554.98624711,0.00000754
1626434305923000,1,5015.12871596,0.00000754
1626434305923000,1,12538.15215404,0.00000754
1626434333257000,1,10.66023052,0.00000753
1626434343368000,0,5021.99450289,0.00000753
1626434343368000,0,12554.98625724,0.00000753
1626434421463000,0,1.17915499,0.00000755
1626434421463000,0,12514.93534274,0.00000755
1626434426852000,1,5003.95912012,0.00000755
1626434426852000,1,12507.37899988,0.00000755
1626434713981000,0,7542.50542000,0.00000753
1626434714567000,0,0.00000114,0.00000753
1626434715136000,0,5011.08929004,0.00000754
1626434715136000,0,12527.72321996,0.00000754
1626434762181000,0,365.20000000,0.00000754
1626434762274000,0,4645.88929000,0.00000754
1626434840877000,1,5013.34341457,0.00000754
1626434840877000,1,12533.29203543,0.00000754
1626434841226000,1,0.00001137,0.00000754
1626434841978000,1,365.20000000,0.00000753
1626434873062000,1,11000.00000000,0.00000752
1626434906615000,1,5027.41860137,0.00000752
1626435543960000,1,5027.24785000,0.00000753
1626435548151000,1,5026.91397000,0.00000753
1626435551578000,1,5026.00480000,0.00000753
1626435551782000,1,0.00000014,0.00000753
1626435588625000,0,5049.32724000,0.00000752
1626435588703000,0,0.00000869,0.00000752
1626435628713000,1,5027.06802000,0.00000753
1626435656317000,0,365.20000000,0.00000753
1626435657031000,0,4660.78577888,0.00000753
1626435657031000,0,12564.96443112,0.00000753
1626435672776000,0,4309.51032472,0.00000753
1626435723774000,0,117.20185922,0.00000753
1626435788331000,1,365.20000000,0.00000753
1626435829071000,0,177.26091498,0.00000753
1626435885237000,0,1172.00028905,0.00000752
1626435930349000,0,5053.63115527,0.00000752
1626435930349000,0,12634.07787473,0.00000752
1626435955636000,1,5048.13501000,0.00000753
1626436010816000,1,5030.82180773,0.00000753
1626436010816000,1,9985.64304227,0.00000753
1626436082105000,0,12566.76185117,0.00000754
1626436082105000,0,5027.99369883,0.00000754
1626436082299000,0,0.00000964,0.00000754
1626436089245000,0,5019.83251306,0.00000755
1626436089245000,0,12560.84989694,0.00000755
1626436185878000,0,19.42216682,0.00000755
1626436185878000,0,4171.68276219,0.00000755
1626436185962000,0,365.20000000,0.00000755
1626436250443000,1,365.20000000,0.00000755
1626436451074000,0,7551.92425000,0.00000752
1626436794486000,1,3330.54726200,0.00000751
1626436794598000,1,1714.53088899,0.00000751
1626436814651000,1,12625.47098000,0.00000751
1626436828131000,0,13000.00000000,0.00000752
1626436828448000,0,365.20000000,0.00000752
1626436828715000,0,1783.53866377,0.00000752
1626436828715000,0,2789.04056150,0.00000752
1626436828723000,0,2256.73123416,0.00000752
1626436828723000,0,649.20696508,0.00000752
1626436828736000,0,3418.75082263,0.00000752
1626436828786000,0,2905.93819924,0.00000752
1626436829286000,0,9260.14580000,0.00000753
1626436829295000,0,2859.40141845,0.00000753
1626436829318000,0,5472.14905939,0.00000753
1626436829353000,0,1969.65500000,0.00000753
1626436833170000,1,7555.16231000,0.00000753
1626436875807000,0,7551.40954000,0.00000754
1626436941847000,1,32601.21148838,0.00000755
1626436942542000,1,12530.69040107,0.00000754
1626436942542000,1,5012.13767564,0.00000754
1626436942542000,1,19555.31038329,0.00000754
1626436942593000,1,365.20000000,0.00000754
1626436942694000,1,6624.36914991,0.00000754
1626436942894000,1,928.56768568,0.00000753
1626436942949000,1,4083.56998996,0.00000753
1626436942949000,1,8578.86470901,0.00000753
1626436942986000,1,2918.35558358,0.00000753
1626436943037000,1,1033.47010848,0.00000753
1626436943037000,1,2462.06712389,0.00000753
1626436943056000,1,3183.66060480,0.00000753
1626436943111000,1,3369.53001874,0.00000753
1626436943186000,1,19367.26894183,0.00000753
1626436945049000,0,12571.24457000,0.00000753
1626436949385000,1,12563.33190033,0.00000753
1626436949385000,1,7.91266967,0.00000753
1626436967116000,1,32673.94111998,0.00000752
1626436967116000,1,12573.88651322,0.00000752
1626436967116000,1,5029.54737590,0.00000752
1626436976147000,0,5035.18466197,0.00000752
1626436976147000,0,12587.96164803,0.00000752
1626437017399000,1,32742.22631000,0.00000751
1626437030311000,1,5052.63560404,0.00000749
1626437030686000,0,6425.41855961,0.00000750
1626437030686000,0,32842.13142624,0.00000750
1626437030686000,0,5048.49702415,0.00000750
1626437032080000,1,5044.84379640,0.00000750
1626437123238000,0,5046.18350831,0.00000750
1626437123238000,0,12609.06843169,0.00000750
1626437123398000,0,0.00001033,0.00000750
1626437124267000,1,5045.60929245,0.00000749
1626437124272000,0,33781.36700000,0.00000749
1626437274977000,0,12611.79840665,0.00000750
1626437274977000,0,5044.91201335,0.00000750
1626437275657000,0,0.00001537,0.00000750
1626437477108000,0,5003.40370186,0.00000754
1626437477108000,0,12508.07968814,0.00000754
1626437909162000,0,1876.78302284,0.00000756
1626437909246000,0,2111.57549405,0.00000756
1626437979921000,0,4985.18303000,0.00000755
1626437979995000,0,0.00000897,0.00000755
1626437979995000,0,12462.95758103,0.00000755
1626438035062000,1,4973.19383094,0.00000754
1626438035062000,1,2526.80616906,0.00000754
1626438124058000,1,6319.04656098,0.00000754
1626438124143000,0,6092.28453154,0.00000754
1626438333737000,1,2000.00000000,0.00000754
1626438917492000,1,4987.87272393,0.00000751
1626438917492000,1,12512.57238248,0.00000751
1626439240851000,1,5016.59488412,0.00000750
1626439243501000,1,1360.32227504,0.00000750
1626439243605000,0,6376.91715916,0.00000750
1626439247732000,1,5016.62383724,0.00000750
1626439462919000,0,4270.54094515,0.00000749
1626439462974000,0,759.61286518,0.00000749
1626439462974000,0,1332.77709315,0.00000749
1626439947316000,0,12630.91118000,0.00000745
1626440076149000,1,5029.49375000,0.00000745
1626440079527000,1,5028.11125000,0.00000745
1626440095182000,1,5027.17881000,0.00000745
1626440279248000,0,4981.98062446,0.00000748
1626440279248000,0,12454.95155554,0.00000748
1626440420881000,0,12403.73738000,0.00000749
1626440467819000,0,365.20000000,0.00000748
1626440514326000,0,12347.27190188,0.00000749
1626440514326000,0,4938.90875812,0.00000749
1626440551595000,1,365.20000000,0.00000749
1626440551670000,1,28172.91609000,0.00000749
1626440601368000,1,1000.00000000,0.00000750
1626440624597000,0,365.20000000,0.00000750
1626440624729000,0,4569.52117000,0.00000750
1626440624779000,0,0.00000308,0.00000750
1626440640281000,1,365.20000000,0.00000750
1626440640368000,1,2928.43260536,0.00000750
1626441070035000,0,5000.00000000,0.00000751
1626441334346000,1,10898.96554145,0.00000750
1626441334720000,1,2468.87935407,0.00000750
1626441335121000,1,2929.14382663,0.00000750
1626441335267000,1,2186.32584013,0.00000750
1626441364889000,1,4950.31737722,0.00000750
1626441364889000,1,12375.79344306,0.00000750
1626441444599000,0,365.20000000,0.00000750
1626441590109000,0,12366.24471608,0.00000751
1626441590109000,0,4946.57632392,0.00000751
1626441635199000,1,365.20000000,0.00000750
1626441708707000,0,4945.74517543,0.00000750
1626441708707000,0,12364.36292457,0.00000750
1626441879135000,0,4949.96819645,0.00000750
1626441879135000,0,12374.92048355,0.00000750
1626441879255000,0,0.00000759,0.00000750
1626442161271000,1,12215.88139605,0.00000753
1626442161680000,1,4915.61336043,0.00000753
1626442165348000,0,756.17395681,0.00000753
1626442165368000,0,1366.35653974,0.00000753
1626442165395000,0,2375.23607781,0.00000753
1626442165419000,0,1256.75159629,0.00000753
1626442168421000,0,7379.84609760,0.00000754
1626442168421000,0,4918.04682916,0.00000754
1626442183886000,0,4911.11811148,0.00000755
1626442183886000,0,12277.65888852,0.00000755
1626442324055000,0,12266.10139238,0.00000755
1626442324055000,0,4906.44054762,0.00000755
1626442325816000,0,4893.46055548,0.00000756
1626442325816000,0,9606.53944452,0.00000756
1626442325877000,0,365.20000000,0.00000756
1626442325889000,0,2261.91194418,0.00000756
1626442327780000,0,4890.50425859,0.00000757
1626442327780000,0,12226.06948141,0.00000757
1626442330873000,1,4885.50545000,0.00000757
1626442344197000,0,4887.98698000,0.00000757
1626442344199000,0,0.00000808,0.00000757
1626442346875000,1,365.20000000,0.00000757
1626442348036000,1,11830.22422837,0.00000757
1626442348036000,1,31731.56863163,0.00000757
1626442373246000,0,32.43300000,0.00000757
1626442398765000,1,4.00649154,0.00000757
1626442401294000,0,4884.13528000,0.00000757
1626442405704000,1,32.43300000,0.00000757
1626442405901000,1,12151.31056000,0.00000757
1626442411362000,1,4882.17388000,0.00000757
1626442415050000,1,4882.17388400,0.00000757
1626442415050000,1,12205.43470600,0.00000757
1626442415079000,1,0.00000401,0.00000757
1626442443576000,0,365.20000000,0.00000757
1626442567269000,0,4892.44698946,0.00000756
1626442567269000,0,12231.11746054,0.00000756
1626442757563000,1,365.20000000,0.00000755
1626442757604000,1,5000.00000000,0.00000755
1626442796588000,0,6241.79961649,0.00000755
1626442796689000,1,650.02301536,0.00000755
1626442860910000,1,4911.72823746,0.00000754
1626442860910000,1,1344.43276686,0.00000754
1626442860943000,1,10934.88782678,0.00000754
1626442864486000,0,4912.77073522,0.00000754
1626442864486000,0,12281.77931478,0.00000754
1626442926482000,1,4912.69903544,0.00000754
1626442926482000,1,12279.32058456,0.00000754
1626442936756000,0,365.20000000,0.00000755
1626442941028000,1,6000.00000000,0.00000756
1626443218557000,0,4905.65618626,0.00000756
1626443218576000,0,1341.69508676,0.00000756
1626443218658000,1,6247.35127302,0.00000756
1626443218768000,1,2000.00000000,0.00000756
1626443465699000,1,365.20000000,0.00000754
1626443797957000,0,4926.06822445,0.00000753
1626443797957000,0,12314.84935555,0.00000753
1626443798902000,0,3453.92574796,0.00000754
1626443798991000,0,1463.51712623,0.00000754
1626443798991000,0,829.51257854,0.00000754
1626443799009000,0,666.51451978,0.00000754
1626443799027000,0,2520.45082813,0.00000754
1626443799054000,0,5514.99934256,0.00000754
1626443799234000,0,2656.17830000,0.00000754
1626443932470000,1,4921.66082282,0.00000753
1626443932470000,1,12302.25011718,0.00000753
1626444111850000,1,2449.45720000,0.00000753
1626444187543000,1,6270.91707120,0.00000752
1626444300792000,1,4937.31265389,0.00000752
1626444300792000,1,562.68734611,0.00000752
1626444301443000,1,2646.80595690,0.00000752
1626444595643000,0,1.66566141,0.00000752
1626444595643000,0,363.53433859,0.00000752
1626444595745000,0,11961.58377295,0.00000752
1626444758323000,1,6257.95902000,0.00000753
1626444890512000,1,4905.73393000,0.00000754
1626444890581000,1,0.00000366,0.00000754
1626444894780000,0,31953.45461000,0.00000754
1626444925111000,1,12272.10268080,0.00000754
1626444925111000,1,6236.49384920,0.00000754
1626444995355000,0,4910.27344399,0.00000754
1626444995355000,0,12275.68359601,0.00000754
1626444995445000,0,0.00001398,0.00000754
1626444996180000,0,1349.68429782,0.00000755
1626444996391000,0,3549.06156445,0.00000755
1626444996391000,0,12246.86464555,0.00000755
1626444996413000,0,0.00001014,0.00000755
1626445011499000,0,4898.74586000,0.00000755
1626445011582000,0,0.00000227,0.00000755
1626445011667000,0,6225.41737719,0.00000755
1626445011723000,0,6021.44727850,0.00000755
1626445031826000,0,4.90132608,0.00000756
1626445058453000,0,22.61937624,0.00000757
1626445090627000,1,4885.78526000,0.00000757
1626445090783000,1,0.00000654,0.00000757
1626445090946000,0,4103.91246940,0.00000757
1626445090992000,1,8110.55069696,0.00000757
1626445092290000,1,12214.46316636,0.00000756
1626445092290000,1,4785.53683364,0.00000756
1626445108274000,1,4892.97181944,0.00000756
1626445108274000,1,10841.09934056,0.00000756
1626445108424000,1,1391.33019000,0.00000756
1626445174393000,1,6228.05523721,0.00000755
1626445211957000,1,365.20000000,0.00000755
1626445212124000,1,4608.66981000,0.00000755
1626445345682000,1,4912.07387759,0.00000754
1626445345682000,1,12280.18469398,0.00000754
1626445447467000,0,4925.73993874,0.00000753
1626445447467000,0,12300.97692126,0.00000753
1626445448041000,0,365.20000000,0.00000754
1626445448269000,0,31612.43733167,0.00000754
1626445448333000,1,365.19999833,0.00000754
1626445448808000,0,7612.03762101,0.00000754
1626445448813000,0,4314.22240907,0.00000754
1626445448813000,0,4916.75639713,0.00000754
1626445450423000,1,12281.61861000,0.00000754
1626445544110000,0,4907.63882000,0.00000754
1626445594840000,1,4902.83699020,0.00000754
1626445802887000,1,12256.48968960,0.00000754
1626446392478000,0,4150.26220336,0.00000752
1626446405013000,0,4202.45061982,0.00000752
1626446409494000,1,4148.66853191,0.00000752
1626446430777000,1,365.20000000,0.00000752
1626446960815000,0,365.20000000,0.00000752
1626446961015000,0,11939.51941000,0.00000752
1626447019967000,1,822.13654858,0.00000752
1626447313935000,0,8.13144543,0.00000753
1626447313935000,0,12294.08488457,0.00000753
1626447313994000,0,0.00001220,0.00000753
1626447314509000,0,31926.09187264,0.00000754
1626447314509000,0,4908.28980748,0.00000754
1626447314509000,0,12270.72451870,0.00000754
1626447315101000,0,7089.31009392,0.00000755
1626447315835000,0,2602.66649474,0.00000755
1626447344489000,0,6229.89992045,0.00000756
1626447344489000,0,31819.37014927,0.00000756
1626447344745000,0,2564.60386454,0.00000756
1626447344776000,0,9673.61542364,0.00000756
1626447344776000,0,4895.28771527,0.00000756
1626447376247000,0,4892.62795259,0.00000756
1626447385611000,1,4892.62795259,0.00000756
1626447385616000,1,1326.99639481,0.00000756
1626447385701000,0,10904.57348667,0.00000756
1626447388133000,0,4889.36837368,0.00000757
1626447388133000,0,12223.22735468,0.00000757
1626447388133000,0,31766.22900164,0.00000757
1626447388274000,0,0.00001290,0.00000757
1626447388716000,0,4886.73731568,0.00000758
1626447389433000,0,0.47978940,0.00000758
1626447389433000,0,12217.91524060,0.00000758
1626447402108000,1,4402.56625000,0.00000759
1626447467907000,1,31690.11183492,0.00000757
1626447467907000,1,12193.99661046,0.00000757
1626447467907000,1,4877.97262463,0.00000757
1626447525742000,1,365.20000000,0.00000757
1626447525755000,1,16500.00000000,0.00000757
1626447525810000,1,14858.06171830,0.00000757
1626447549477000,0,6214.73118948,0.00000757
1626447549477000,0,22789.49595052,0.00000757
1626447549620000,0,8968.23167704,0.00000757
1626447549620000,0,12212.11766188,0.00000757
1626447549620000,0,4883.77297685,0.00000757
1626447551384000,1,4878.56366714,0.00000757
1626447551384000,1,12196.51990286,0.00000757
1626447594230000,1,12203.12700551,0.00000757
1626447594230000,1,4880.69090449,0.00000757
1626447602469000,1,12212.77441000,0.00000757
1626447637499000,1,4893.90193000,0.00000756
1626447638579000,1,4893.90193775,0.00000755
1626447638579000,1,12106.09806225,0.00000755
1626447638613000,1,129.59413192,0.00000755
1626447708031000,0,4893.94814373,0.00000754
1626447708031000,0,9807.50736627,0.00000754
1626447758498000,0,82.47886280,0.00000754
1626447868416000,0,4896.60022023,0.00000755
1626447868440000,0,1335.95058098,0.00000755
1626448288024000,1,4922.41332000,0.00000753
1626448411879000,1,4915.17479807,0.00000753
1626448411879000,1,12287.93698193,0.00000753
1626448415230000,1,7000.00000000,0.00000753
1626448580177000,1,4173.22596044,0.00000751
1626449101884000,0,21.74954409,0.00000750
1626449133285000,0,365.20000000,0.00000750
1626449133381000,0,4564.74547480,0.00000750
1626449186962000,0,4916.09197019,0.00000751
1626449186962000,0,12290.22991981,0.00000751
1626449196972000,0,4911.70348412,0.00000752
1626449196972000,0,12279.18205588,0.00000752
1626449202028000,0,31916.09217000,0.00000753
1626449202599000,0,4906.18161399,0.00000753
1626449202599000,0,12265.04906601,0.00000753
1626449204021000,1,4903.32112482,0.00000753
1626449204021000,1,12257.58654518,0.00000753
1626449660449000,1,365.20000000,0.00000754
1626449660530000,1,11835.23413000,0.00000754
1626449873741000,1,4884.32513000,0.00000754
1626450117442000,1,4884.09947000,0.00000754
1626450204963000,1,3.00004875,0.00000754
1626450204963000,1,31722.46518125,0.00000754
1626450417894000,0,4883.02348000,0.00000753
1626450418300000,0,0.00000572,0.00000753
1626450418300000,0,365.19999428,0.00000753
1626450450107000,1,365.20000000,0.00000753
1626450450189000,1,11839.62683000,0.00000753
1626450466384000,0,7322.58395000,0.00000753
1626450477692000,1,4880.58973000,0.00000753
1626450483127000,1,4882.76026000,0.00000753
1626450486513000,1,4882.44901000,0.00000753
1626450800516000,1,4880.87352000,0.00000753
1626450907116000,1,7299.02426218,0.00000753
1626450907116000,1,4872.50678782,0.00000753
1626451079763000,0,12154.23326365,0.00000756
1626451079763000,0,4861.74183635,0.00000756
1626451079861000,0,0.00000980,0.00000756
1626451086277000,0,3.61136898,0.00000757
1626451086277000,0,12139.16800102,0.00000757
1626451089720000,1,4844.75496000,0.00000758
1626451183492000,1,4832.20272675,0.00000760
1626451183492000,1,12080.50680325,0.00000760
1626451183713000,1,0.00001364,0.00000760
1626451197965000,0,34.37155935,0.00000758
1626451225410000,1,12123.95798461,0.00000757
1626451225410000,1,4852.32942539,0.00000757
1626451429434000,0,403.12864721,0.00000754
1626451441531000,0,12204.55208000,0.00000753
1626451552331000,1,12500.00000000,0.00000752
1626451725082000,0,12235.87122654,0.00000753
1626451725082000,0,4894.15501346,0.00000753
1626451885080000,0,6225.98933212,0.00000754
1626451885180000,1,3569.36320000,0.00000754
1626451885205000,1,0.00000419,0.00000754
1626451900863000,1,4896.89350772,0.00000753
1626451900863000,1,5103.10649228,0.00000753
1626451985728000,0,12314.59933532,0.00000752
1626451985728000,0,4925.83972468,0.00000752
1626452174841000,0,4932.84776222,0.00000753
1626452174841000,0,12332.11939778,0.00000753
1626453244878000,1,1.51644939,0.00000753
1626453250904000,0,4866.46123327,0.00000754
1626453250904000,0,12160.76587673,0.00000754
1626453254588000,1,4859.63790999,0.00000754
1626453254588000,1,12147.18980348,0.00000754
1626453254588000,1,31591.52676653,0.00000754
1626453270282000,0,7291.02211000,0.00000754
1626453306945000,1,4862.72151000,0.00000754
1626453673498000,1,6000.00000000,0.00000752
1626453707558000,0,4904.94237000,0.00000752
1626453707682000,0,0.00000153,0.00000752
1626453731473000,0,4895.50272124,0.00000754
1626453731473000,0,10104.49727876,0.00000754
1626453731550000,0,2134.07090000,0.00000754
1626453976967000,0,5.12530956,0.00000753
1626453976967000,0,12229.07282152,0.00000753
1626453977392000,0,2114.66645772,0.00000754
1626454014499000,1,4891.29035000,0.00000753
1626454791333000,0,4891.23510341,0.00000754
1626454791333000,0,12228.08774659,0.00000754
1626454791379000,0,0.00001194,0.00000754
1626454923716000,1,4888.36340000,0.00000754
1626455202574000,0,31743.39878000,0.00000755
1626455203208000,0,4872.29187055,0.00000755
1626455203208000,0,12180.72966945,0.00000755
1626455314242000,0,365.20000000,0.00000756
1626455681169000,0,4874.33051853,0.00000756
1626455681169000,0,12185.77487187,0.00000756
1626455681455000,0,5070.19048386,0.00000757
1626455825268000,1,4876.97004229,0.00000756
1626455827465000,1,1305.91208046,0.00000756
1626455945203000,0,4876.88013727,0.00000756
1626455947665000,1,3459.17326866,0.00000756
1626456236086000,0,114.28571400,0.00000756
1626456259677000,0,4868.58860000,0.00000756
1626456305540000,1,4855.94629000,0.00000758
1626456392844000,1,4842.74409000,0.00000760
1626456459790000,1,16000.00000000,0.00000759
1626456459840000,1,15559.93553000,0.00000759
1626456487100000,1,800.00000000,0.00000758
1626456542136000,1,12141.04197112,0.00000758
1626456542136000,1,4857.28770888,0.00000758
1626456616667000,1,500.00000000,0.00000758
1626456834284000,1,7301.16855138,0.00000757
1626456834284000,1,4873.37976862,0.00000757
1626456834564000,1,0.00000486,0.00000757
1626456838540000,0,4883.93876000,0.00000756
1626456866301000,1,365.20000000,0.00000756
1626456872121000,1,4888.26714000,0.00000756
1626456872245000,1,0.00000788,0.00000756
1626456905660000,0,4888.62257999,0.00000756
1626456905660000,0,12221.22063795,0.00000756
1626457738198000,0,12266.16259000,0.00000752
1626457865487000,0,4915.31163000,0.00000751
1626457984141000,1,4913.53413224,0.00000751
1626457984147000,1,1319.52153143,0.00000751
1626458155418000,1,156.44227241,0.00000751
1626458415795000,0,4902.65050000,0.00000751
1626458426929000,1,6214.13663800,0.00000752
1626458426929000,1,12236.68401227,0.00000752
1626458426929000,1,4549.17934973,0.00000752
1626458514492000,0,3520.00077670,0.00000752
1626458767859000,0,4905.62442006,0.00000752
1626458767859000,0,12263.25016994,0.00000752
1626458767914000,0,0.00000759,0.00000752
1626459309907000,0,4927.06352375,0.00000751
1626459383843000,1,4918.50873427,0.00000751
1626459386473000,1,1325.11350584,0.00000751
1626459444032000,1,4918.39965823,0.00000751
1626459467044000,0,4918.43445366,0.00000751
1626459814680000,1,4918.28911844,0.00000751
1626459814717000,1,1323.20627753,0.00000751
1626459814796000,0,6241.49539597,0.00000751
1626459845345000,1,4918.25498544,0.00000751
1626459846600000,1,1324.35851918,0.00000751
1626459846680000,0,6242.61350462,0.00000751
1626460011948000,1,4914.32263807,0.00000752
1626460049310000,0,4913.42718909,0.00000752
1626460055177000,1,4914.21136925,0.00000752
1626460241014000,1,4920.05293306,0.00000751
1626460425312000,0,31909.30510921,0.00000752
1626460432245000,1,4900.87544000,0.00000753
1626460444837000,0,365.20000000,0.00000752
1626460444949000,0,4540.89498000,0.00000752
1626460465872000,0,2.49850666,0.00000753
1626460465872000,0,12265.23745334,0.00000753
1626460562656000,0,4895.61012207,0.00000754
1626460562656000,0,12239.02530517,0.00000754
1626460625400000,0,4590.19137661,0.00000755
1626460625400000,0,11475.47843339,0.00000755
1626460625570000,0,0.00000813,0.00000755
1626460626579000,0,4217.02491291,0.00000756
1626460626662000,0,373.58150815,0.00000756
1626460626662000,0,11476.23481185,0.00000756
1626460627359000,0,4119.50467300,0.00000756
1626460627359000,0,10298.76168249,0.00000756
1626460708479000,1,365.20000000,0.00000755
1626460708586000,1,4521.21428000,0.00000755
1626460713651000,1,4885.54031000,0.00000755
1626460713804000,1,0.00000806,0.00000755
1626460715566000,1,4885.54031000,0.00000754
1626460717886000,0,365.20000000,0.00000754
1626460718140000,0,3222.84189916,0.00000754
1626460820662000,1,365.20000000,0.00000754
1626461087887000,0,7059.62443000,0.00000753
1626461088208000,0,0.00000470,0.00000753
1626461088625000,0,22220.99947276,0.00000754
1626461088625000,0,6220.22760724,0.00000754
1626461088760000,0,2335.00286578,0.00000754
1626461088760000,0,2755.60433578,0.00000754
1626461088870000,0,281.67346400,0.00000754
1626461089044000,0,384.83962852,0.00000754
1626461170350000,0,6154.17802315,0.00000755
1626461170350000,0,2461.67119685,0.00000755
1626461287312000,1,4886.14128000,0.00000755
1626461415367000,1,4887.52274642,0.00000755
1626461416155000,1,4887.52274000,0.00000754
1626461416233000,1,0.00000642,0.00000754
1626461459034000,0,6568.31126000,0.00000753
1626461754253000,0,2896.71249064,0.00000754
1626461754256000,0,519.51421638,0.00000754
1626461754271000,0,4408.33711189,0.00000754
1626461754280000,0,9156.88130590,0.00000754
1626461754280000,0,2611.72534420,0.00000754
1626461754280000,0,6529.31336049,0.00000754
1626461758064000,1,4901.84066000,0.00000754
1626461758156000,1,0.00000334,0.00000754
1626461758156000,1,7354.21086666,0.00000754
1626461758218000,1,4901.84066000,0.00000754
1626461949217000,1,4901.48748000,0.00000754
1626461992915000,1,9743.30044000,0.00000753
1626462483751000,1,2073.69644653,0.00000753
1626462486658000,1,2700.18251546,0.00000753
1626462486660000,1,1450.11002529,0.00000753
1626462684812000,1,2606.67692057,0.00000753
1626462685999000,1,3605.71676182,0.00000753
1626462750181000,0,2466.71243342,0.00000753
1626462750181000,0,3746.95444401,0.00000753
1626462966120000,1,4900.79100874,0.00000753
1626462966120000,1,12251.97751126,0.00000753
1626463229243000,1,4880.92817097,0.00000755
1626463229243000,1,12202.32041903,0.00000755
1626463279392000,1,4880.92817097,0.00000754
1626463279392000,1,12202.32042742,0.00000754
1626463279392000,1,31738.09690161,0.00000754
1626463280554000,1,550.86140898,0.00000753
1626463280555000,1,1004.05099601,0.00000753
1626464191523000,1,12277.62033554,0.00000751
1626464191523000,1,4913.11375446,0.00000751
1626464514238000,1,4500.00000000,0.00000751
1626464686543000,1,4928.26447795,0.00000751
1626464686543000,1,1341.51901854,0.00000751
1626464687604000,1,6270.03617254,0.00000751
1626464691984000,1,4709.10600381,0.00000751
1626464730009000,1,4927.49025179,0.00000751
1626464730009000,1,1340.42527872,0.00000751
1626464746770000,1,6267.53747011,0.00000751
1626464747851000,1,4712.69844606,0.00000751
1626464785176000,1,4928.26447795,0.00000751
1626464785176000,1,1338.29192422,0.00000751
1626464978621000,1,6261.56372834,0.00000752
1626464985335000,1,6042.71360857,0.00000752
1626464985335000,1,218.62472470,0.00000752
1626464990115000,1,4703.08621007,0.00000752
1626465349226000,1,4909.12502355,0.00000754
1626465493667000,0,31909.96863701,0.00000754
1626465493667000,0,12283.52709492,0.00000754
1626465493667000,0,4913.41083797,0.00000754
1626465589090000,0,30488.27619430,0.00000755
1626465589090000,0,6230.75943764,0.00000755
1626465589090000,0,4686.16780877,0.00000755
1626465589090000,0,11715.33969058,0.00000755
1626465589090000,0,4141.83670871,0.00000755
1626465637890000,0,7630.22313000,0.00000755
1626465806517000,0,3385.72519225,0.00000755
1626465806517000,0,8464.31297775,0.00000755
1626466027623000,1,12245.52285806,0.00000754
1626466027623000,1,4896.91660015,0.00000754
1626466027623000,1,31855.45296179,0.00000754
1626466844386000,0,10556.70312707,0.00000753
1626466844386000,0,3443.29687293,0.00000753
1626467091097000,1,12279.93786469,0.00000752
1626467091097000,1,4911.97513531,0.00000752
1626467091110000,1,0.00001057,0.00000752
1626467121704000,1,2414.29419064,0.00000752
1626467124181000,1,2503.17610214,0.00000752
1626467124181000,1,12293.67572786,0.00000752
1626467309873000,1,4919.24273716,0.00000751
1626467309873000,1,12298.18166284,0.00000751
1626467645054000,1,4933.61208242,0.00000750
1626467645054000,1,12334.03019758,0.00000750
1626467645274000,1,0.00000846,0.00000750
1626467650259000,1,4935.79048857,0.00000749
1626467650259000,1,12339.52257143,0.00000749
1626467998588000,1,4936.71004432,0.00000748
1626467998588000,1,12341.77511080,0.00000748
