timestamp ms,type,amount,price
1621728170427000,1,39.12918799,0.00
1621728170427000,1,39.16703053,0.00
1621728382612000,1,2632.33344000,0.00
1621728418581000,0,39.16700000,0.00
1621728423989000,0,0.00003053,0.00
1621728455794000,0,39.12918799,0.00
1621728541262000,0,39.05300000,0.00
1621728541952000,0,0.00072186,0.00
1621728814497000,0,38.97854626,0.00
1621728819723000,0,38.94100000,0.00
1621728819739000,0,0.00006689,0.00
1621728839364000,0,38.86632396,0.00
1621728852369000,0,38.82905999,0.00
1621729032118000,0,15000.00000000,0.00
1621729038997000,1,117.16100000,0.00
1621729072408000,0,38.75400000,0.00
1621729073197000,0,0.00074600,0.00
1621729093750000,0,38.71769557,0.00
1621729121847000,0,38.64380684,0.00
1621729934232000,1,38.64380684,0.00
1621729982957000,1,38.71769557,0.00
1621730010382000,1,38.75474600,0.00
1621730052174000,1,38.75400000,0.00
1621730075920000,1,0.07505999,0.00
1621730092205000,1,38.86632396,0.00
1621730625452000,0,38.60696813,0.00
1621730697773000,1,37610.65153025,0.00
1621730698735000,1,3766.95378473,0.00
1621730830371000,1,7067.84978366,0.00
1621731040702000,0,246.23439000,0.00
1621732046837000,1,6575.58490000,0.00
1621732101276000,0,7526.96214875,0.00
1621732301619000,1,24.84372856,0.00
1621734107432000,0,37616.24562184,0.00
1621734207216000,0,34022.10379890,0.00
1621735223470000,0,405.12500000,0.00
1621735223474000,0,2107.69524502,0.00
1621735255251000,1,405.12500000,0.00
1621735729493000,0,405.12500000,0.00
1621735823608000,1,38.94106689,0.00
1621735823608000,1,4422.44003238,0.00
1621735837747000,1,405.12500000,0.00
1621735837767000,1,1430.51996737,0.00
1621735837849000,1,2352.87760428,0.00
1621736544547000,1,38.97854626,0.00
1621736996351000,1,39.05372186,0.00
1621737061312000,1,39.12918799,0.00
1621737070195000,1,39.16703053,0.00
1621737597271000,1,39.24293563,0.00
1621737597877000,0,8550.00000000,0.00
1621737597877000,0,30115.62427370,0.00
1621737637838000,0,8280.00000000,0.00
1621737662166000,0,8550.00000000,0.00
1621737718551000,0,8910.00000000,0.00
1621737789185000,1,8190.00000000,0.00
1621737804409000,0,8100.00000000,0.00
1621737846780000,0,405.12500000,0.00
1621737846873000,0,8234.87500000,0.00
1621737898107000,0,9000.00000000,0.00
1621737956214000,0,8820.00000000,0.00
1621737969198000,0,8280.00000000,0.00
1621737980199000,0,8460.00000000,0.00
1621737980199000,0,8820.00000000,0.00
1621738047496000,0,8370.00000000,0.00
1621738245024000,1,39.28099861,0.00
1621738269858000,1,39.35734652,0.00
1621738269858000,1,39.39563187,0.00
1621738269858000,1,710.79540739,0.00
1621738269867000,1,2894.00957642,0.00
1621738270254000,1,39.47242648,0.00
1621738270254000,1,3887.40228589,0.00
1621738270254000,1,39.51093616,0.00
1621738270254000,1,2578.78517407,0.00
1621738270254000,1,3589.41037778,0.00
1621738294222000,0,6832.78810000,0.00
1621738402210000,0,2399.23994801,0.00
1621738439489000,1,1494.90442611,0.00
1621738771249000,0,31.39504062,0.00
1621739437879000,0,125.90284795,0.00
1621739799569000,0,39.51093616,0.00
1621739826879000,0,39.47242648,0.00
1621739833599000,0,39.39563187,0.00
1621739837803000,0,39.35734652,0.00
1621739852407000,0,39.28099861,0.00
1621739862517000,0,39.24293563,0.00
1621739880055000,0,39.16703053,0.00
1621739883110000,0,39.12918799,0.00
1621740563278000,1,405.12500000,0.00
1621740569031000,0,405.12500000,0.00
1621740571673000,0,7694.87500000,0.00
1621740624802000,0,8730.00000000,0.00
1621740654042000,0,386.33206893,0.00
1621740660053000,0,7803.66793107,0.00
1621740660053000,0,8370.00000000,0.00
1621740683564000,0,8370.00000000,0.00
1621740695795000,0,9000.00000000,0.00
1621740695795000,0,8460.00000000,0.00
1621740721369000,0,8550.00000000,0.00
1621740756798000,0,100.53965600,0.00
1621741259310000,0,39.05372186,0.00
1621741259310000,0,38040.33886576,0.00
1621741341045000,0,15000.00000000,0.00
1621742333294000,0,38.97854626,0.00
1621742509205000,1,7013.40868939,0.00
1621742900910000,0,7204.89978736,0.00
1621744326056000,1,38.97800000,0.00
1621744327438000,1,0.00054626,0.00
1621744526907000,1,39.05372186,0.00
1621744653441000,1,366.14700000,0.00
1621744653522000,1,5533.81627000,0.00
1621746395334000,1,2000.00000000,0.00
1621746483186000,1,8603.13797210,0.00
1621746659190000,0,39.05372186,0.00
1621746659190000,0,7003.35849188,0.00
1621746930147000,1,6961.64398925,0.00
1621746930147000,1,25271.59453959,0.00
1621747866406000,0,7493.08812793,0.00
1621747969739000,0,38.97854626,0.00
1621748389660000,0,34.15984776,0.00
1621750087959000,0,69191.98446891,0.00
1621750293936000,1,2032.05379442,0.00
1621750347347000,0,2573.95321167,0.00
1621750347347000,0,20426.04678833,0.00
1621750347473000,0,20000.00000000,0.00
1621750347571000,0,31000.00000000,0.00
1621750603106000,1,3852.59181132,0.00
1621750858628000,1,7663.92521356,0.00
1621750858628000,1,3911.97858533,0.00
1621750858751000,0,3911.97858533,0.00
1621750858851000,0,29476.96502387,0.00
1621750886672000,1,38.97854626,0.00
1621750996030000,0,2629.55007000,0.00
1621750996030000,0,6000.00000000,0.00
1621751074380000,1,39.05372186,0.00
1621751426478000,1,39.12918799,0.00
1621751428448000,1,39.16703053,0.00
1621751609109000,0,2633.90967000,0.00
1621751609109000,0,31500.00000000,0.00
1621751841151000,1,39.24293563,0.00
1621751847400000,1,39.28099861,0.00
1621752864473000,1,39.35734652,0.00
1621752917937000,1,39.39563187,0.00
1621752948258000,1,2687.74742000,0.00
1621752984631000,0,405.12500000,0.00
1621753017803000,1,405.12500000,0.00
1621753027210000,1,39.47242648,0.00
1621753035539000,1,39.51093616,0.00
1621753336610000,0,2653.41285131,0.00
1621753675973000,1,6972.90126000,0.00
1621754173187000,1,39.58818139,0.00
1621754185693000,1,39.62691738,0.00
1621754228972000,0,7089.01238439,0.00
1621754232189000,0,5500.00000000,0.00
1621754367448000,0,2665.15397529,0.00
1621754369092000,1,39.70461722,0.00
1621754557615000,1,2692.63171000,0.00
1621754563700000,1,2671.92358000,0.00
1621754652894000,1,7024.76622485,0.00
1621754909445000,1,2501.51108689,0.00
1621755040587000,1,3542.00000000,0.00
1621755246431000,1,3542.00000000,0.00
1621755251917000,1,3542.00000000,0.00
1621755381601000,0,7558.77301880,0.00
1621755395080000,1,3542.00000000,0.00
1621755451524000,1,9500.00000000,0.00
1621755512602000,1,3886.86132324,0.00
1621755512707000,1,874.57945015,0.00
1621755512719000,1,2720.86286039,0.00
1621755783044000,1,10670.77947590,0.00
1621755835318000,1,1500.00000000,0.00
1621755860061000,0,59.63287910,0.00
1621755863291000,0,55.92257160,0.00
1621755893434000,0,53.36269150,0.00
1621755907154000,0,54.91872290,0.00
1621755909837000,0,57.46543190,0.00
1621755912827000,0,45.68200710,0.00
1621755915986000,0,41.77190600,0.00
1621755919650000,0,39.62199260,0.00
1621756162992000,0,7188.78758454,0.00
1621756352894000,0,39.70461722,0.00
1621756428393000,0,39.62691738,0.00
1621756505538000,0,39.58818139,0.00
1621756505538000,0,41.50634178,0.00
1621756514959000,0,39.51093616,0.00
1621756515998000,0,39.47242648,0.00
1621756602806000,1,2734.75496568,0.00
1621756606874000,1,2684.51033000,0.00
1621756634053000,1,7514.65977383,0.00
1621756894646000,1,2724.03312034,0.00
1621756905922000,1,39.47242648,0.00
1621756913781000,1,39.51093616,0.00
1621757134684000,1,39.58818139,0.00
1621757140193000,1,39.62691738,0.00
1621757211019000,1,39.70461722,0.00
1621757211019000,1,39.74358152,0.00
1621757211019000,1,839.61905126,0.00
1621757426502000,1,39.82173999,0.00
1621757428556000,1,39.86093461,0.00
1621757447342000,1,39.93955578,0.00
1621757447832000,1,39.97898279,0.00
1621757451076000,1,40.05807079,0.00
1621757457104000,1,40.09773224,0.00
1621757490068000,1,40.17729124,0.00
1621757550394000,0,36.42954940,0.00
1621757551325000,0,35.64475290,0.00
1621757553881000,0,32.89735910,0.00
1621757597791000,1,40.21718924,0.00
1621757616467000,0,35.19960560,0.00
1621757620484000,0,32.51676650,0.00
1621757622256000,1,2824.83348586,0.00
1621757635286000,1,40.29722345,0.00
1621757731629000,0,38.51713880,0.00
1621757737042000,0,34.80942810,0.00
1621757821980000,0,5.48779535,0.00
1621757832996000,0,40.21718924,0.00
1621757833508000,0,40.17729124,0.00
1621757836119000,1,1403.79024926,0.00
1621757893621000,0,40.09773224,0.00
1621757996260000,0,40.05807079,0.00
1621757996260000,0,2671.62674000,0.00
1621757996260000,0,50661.60184921,0.00
1621757996337000,0,2775.75326653,0.00
1621758136370000,1,3542.00000000,0.00
1621758167416000,1,2784.36755000,0.00
1621758171844000,1,2755.40957000,0.00
1621758267020000,1,2768.50722000,0.00
1621758269194000,1,2741.82512000,0.00
1621758337815000,1,2761.37297000,0.00
1621758337824000,1,0.00000559,0.00
1621758473112000,1,1922.27083000,0.00
1621758473226000,1,855.45841039,0.00
1621758473880000,1,2739.81798132,0.00
1621758897729000,1,2774.69429845,0.00
1621759014560000,0,39.97898279,0.00
1621759280802000,1,5513.27134004,0.00
1621759592731000,1,39.97898279,0.00
1621759640174000,1,40.05807079,0.00
1621759646796000,1,40.09773224,0.00
1621759668746000,1,2859.76499120,0.00
1621759683263000,0,26.38669139,0.00
1621759685725000,1,40.17729124,0.00
1621759728808000,1,40.21718924,0.00
1621759790491000,0,398.46157764,0.00
1621759825293000,1,40.29722345,0.00
1621759829319000,1,40.33736013,0.00
1621759949884000,1,40.41787382,0.00
1621759954636000,1,173.80448284,0.00
1621759954636000,1,40.45825131,0.00
1621759956273000,1,300.00000000,0.00
1621759956273000,1,222.45398009,0.00
1621759956273000,1,1647.84000000,0.00
1621759956273000,1,500.00000000,0.00
1621759963454000,1,40.53924881,0.00
1621759963454000,1,40.57986930,0.00
1621759963454000,1,5804.86248288,0.00
1621760173187000,1,40.66135499,0.00
1621760173690000,1,40.70222067,0.00
1621760187467000,1,40.78419896,0.00
1621760192813000,1,40.82531206,0.00
1621760192813000,1,40.86650814,0.00
1621760457263000,0,4368.30466531,0.00
1621760457263000,0,2831.97194469,0.00
1621760839284000,1,8104.60176424,0.00
1621761233184000,0,33.90985170,0.00
1621761441451000,1,7134.91463640,0.00
1621761587230000,1,75.00000000,0.00
1621761813000000,0,7582.67077661,0.00
1621761838272000,1,7898.71799733,0.00
1621761927887000,1,113.21004098,0.00
1621761927973000,1,102.45901640,0.00
1621761966625000,1,2583.72166338,0.00
1621762102811000,0,3212.36289500,0.00
1621762174213000,1,2933.58429643,0.00
1621762198665000,0,4367.26249099,0.00
1621762198665000,0,7374.16998183,0.00
1621762198665000,0,2885.95525718,0.00
1621762628549000,1,509.09108856,0.00
1621762669374000,1,7794.67279730,0.00
1621762669474000,0,405.12500000,0.00
1621762669476000,0,27646.64983761,0.00
1621762773064000,1,126.90867400,0.00
1621762870019000,1,8742.85044000,0.00
1621762873466000,1,0.00000532,0.00
1621762896083000,1,2970.40210000,0.00
1621762897731000,1,2923.30153000,0.00
1621762912086000,1,2907.09106000,0.00
1621762933898000,1,2948.81110452,0.00
1621762960359000,0,7950.30235000,0.00
1621762960809000,0,23033.62086000,0.00
1621763006660000,1,2960.42175000,0.00
1621763021597000,1,673.45168963,0.00
1621763021597000,1,7045.88747037,0.00
1621763120345000,0,307.01638730,0.00
1621763262788000,1,303.94200000,0.00
1621763291835000,1,0.00056410,0.00
1621763513146000,1,3003.09911000,0.00
1621763603038000,1,3023.46606431,0.00
1621763603038000,1,2133.83624367,0.00
1621763603038000,1,758.38613633,0.00
1621763603038000,1,2997.31089312,0.00
1621763603038000,1,1401.60527852,0.00
1621763752336000,0,3542.00000000,0.00
1621763791787000,1,8157.36008124,0.00
1621763847530000,1,340.00000000,0.00
1621763852580000,1,3009.19815129,0.00
1621763852580000,1,1179.70592199,0.00
1621763852582000,1,5185.21507630,0.00
1621763852586000,1,2023.47254807,0.00
1621763888839000,1,7605.89911341,0.00
1621763955098000,0,4543.92057681,0.00
1621763955098000,0,1655.43045946,0.00
1621764012935000,1,8182.06005517,0.00
1621764197017000,1,3050.35450000,0.00
1621764395977000,1,3019.03094000,0.00
1621764413040000,0,303.94200000,0.00
1621764457816000,1,62.33476500,0.00
1621764756398000,1,29.43533091,0.00
1621764789471000,1,3007.58953000,0.00
1621764905163000,0,2976.70257000,0.00
1621765358442000,1,44230.36388176,0.00
1621765361450000,1,2923.88609094,0.00
1621765506146000,0,4418.57356721,0.00
1621765506146000,0,8236.50589220,0.00
1621765507344000,1,2344.92054059,0.00
1621766010940000,1,2815.88548000,0.00
1621766211641000,1,405.12500000,0.00
1621766211643000,1,7432.43172134,0.00
1621766257995000,0,303.94200000,0.00
1621766508168000,0,5000.00000000,0.00
1621766567225000,0,2899.84311303,0.00
1621766652705000,1,299.98300000,0.00
1621766668485000,1,0.00067346,0.00
1621766803950000,0,7508.78040525,0.00
1621766808579000,1,6322.09321915,0.00
1621766905940000,1,87.61039300,0.00
1621767048493000,1,678.05469000,0.00
1621767981630000,1,1500.00000000,0.00
1621767981713000,1,2000.00000000,0.00
1621767981812000,1,3117.18607000,0.00
1621768182535000,1,1554.09124063,0.00
1621768287520000,1,513.26844262,0.00
1621768341027000,0,50617.18607000,0.00
1621768402157000,0,401.16600000,0.00
1621768649490000,1,4399.14359000,0.00
1621768665162000,1,0.00000680,0.00
1621768665162000,1,4415.85860235,0.00
1621768665162000,1,2968.26181085,0.00
1621768818038000,0,2500.00000000,0.00
1621768960096000,0,20235.41075050,0.00
1621769490587000,1,405.12500000,0.00
1621769490590000,1,2872.03325840,0.00
1621769492893000,1,4000.00000000,0.00
1621769496210000,1,623.63940622,0.00
1621769507954000,0,1665.89997226,0.00
1621769511814000,0,719.18447476,0.00
1621769559275000,0,251.18000000,0.00
1621770151240000,0,90.00000000,0.00
1621770310101000,1,180.00000000,0.00
1621770716671000,1,2806.75261000,0.00
1621770716884000,1,251.18000000,0.00
1621770716979000,1,1766.82329118,0.00
1621770717261000,1,14794.43770249,0.00
1621771204106000,1,7909.16802051,0.00
1621771855194000,1,7827.88493000,0.00
1621772036592000,1,322.78714914,0.00
1621772119677000,0,405.12500000,0.00
1621772190146000,1,3327.18683779,0.00
1621772466429000,1,500.00000000,0.00
1621772466429000,1,434.57943000,0.00
1621772468127000,1,934.57943000,0.00
1621772472324000,1,564.33061368,0.00
1621772472324000,1,934.57943924,0.00
1621772661229000,0,8341.27668905,0.00
1621772764187000,1,8491.87167409,0.00
1621772775662000,1,4525.51268359,0.00
1621772775662000,1,3282.51478743,0.00
1621772775668000,1,5332.80376808,0.00
1621772775675000,1,5332.80376808,0.00
1621772800615000,1,7673.20180000,0.00
1621772847982000,1,75.00000000,0.00
1621772868773000,1,75.00000000,0.00
1621772926085000,1,250.00000000,0.00
1621772941480000,1,300.00000000,0.00
1621772941480000,1,13000.00000000,0.00
1621772984822000,1,1569.00000000,0.00
1621773224339000,1,137.32478700,0.00
1621773261876000,1,8637.62847661,0.00
1621773397601000,1,500.00000000,0.00
1621773595137000,1,28.60773746,0.00
1621773703480000,0,11726.00000000,0.00
1621773730600000,0,11726.00000000,0.00
1621773811285000,0,3239.90144187,0.00
1621773814739000,0,3255.59172879,0.00
1621773816388000,0,48689.01366912,0.00
1621773852688000,0,11726.00000000,0.00
1621773958927000,0,75.00000000,0.00
1621773965440000,0,11726.00000000,0.00
1621773971821000,0,11726.00000000,0.00
1621773981445000,1,3209.41438134,0.00
1621774028261000,1,5000.00000000,0.00
1621774059349000,1,350.01020000,0.00
1621774331595000,0,307.61666700,0.00
1621774337869000,0,427.08244696,0.00
1621774337869000,0,47470.30875388,0.00
1621774722366000,1,3211.46935011,0.00
1621774723743000,1,3251.46700159,0.00
1621774725567000,1,3239.28178000,0.00
1621774737896000,1,3251.49776000,0.00
1621774739911000,1,0.00000174,0.00
1621774752935000,1,405.12500000,0.00
1621774753030000,1,2838.64826191,0.00
1621774764731000,1,7293.43202111,0.00
1621774789049000,1,781.44760259,0.00
1621774813440000,0,11726.00000000,0.00
1621774823957000,0,200.00000000,0.00
1621774935061000,1,45.39032894,0.00
1621774940916000,1,881.19183270,0.00
1621775019009000,1,2024.50101958,0.00
1621775248458000,1,8846.06474860,0.00
1621775248458000,1,189.92111111,0.00
1621775248458000,1,500.00000000,0.00
1621775248458000,1,2270.00000000,0.00
1621775248458000,1,8205.37616925,0.00
1621775336204000,1,7043.64293000,0.00
1621775339115000,1,0.00000400,0.00
1621775487292000,0,3542.00000000,0.00
1621775487292000,0,3128.78377000,0.00
1621775487292000,0,4902.86421392,0.00
1621775487398000,1,16500.00000000,0.00
1621775487420000,1,8190.06727097,0.00
1621775487466000,1,6665.61297961,0.00
1621775503062000,1,368.56894100,0.00
1621775563424000,1,1200.00097960,0.00
1621775568026000,1,680.54931730,0.00
1621775606718000,0,3542.00000000,0.00
1621775631505000,0,5796.72163699,0.00
1621775633974000,0,1400.00000000,0.00
1621775634135000,0,2142.00000000,0.00
1621775645589000,0,3542.00000000,0.00
1621775645589000,0,11726.00000000,0.00
1621775698814000,1,6177.19093030,0.00
1621775873683000,0,372.98363811,0.00
1621775986875000,0,405.12500000,0.00
1621776223610000,0,4926.19466286,0.00
1621776223839000,1,49384.81366774,0.00
1621776582289000,1,11276.35317617,0.00
1621776592671000,1,11276.35317617,0.00
1621777025605000,1,4987.34761465,0.00
1621777025605000,1,2686.43469457,0.00
1621777074055000,1,193.88966794,0.00
1621777074055000,1,3131.01320623,0.00
1621777119557000,1,236.26423872,0.00
1621777145810000,0,8084.07352750,0.00
1621777212367000,1,405.12500000,0.00
1621777319265000,0,405.12500000,0.00
1621777352504000,1,1993.50552251,0.00
1621777439212000,1,405.12500000,0.00
1621777538417000,1,8150.02564490,0.00
1621777607030000,1,3000.00000000,0.00
1621777928146000,0,3164.46455778,0.00
1621778006193000,0,542.72917339,0.00
1621778031684000,1,8176.02813440,0.00
1621778372015000,0,4686.69368271,0.00
1621778372104000,1,4686.69368271,0.00
1621778372309000,1,5626.61263458,0.00
1621778382228000,0,10111.84203226,0.00
1621778501967000,1,3574.04635535,0.00
1621778750287000,0,4754.51789032,0.00
1621778750287000,0,528.10228929,0.00
1621778750288000,0,5282.62017960,0.00
1621778750321000,0,5282.62017960,0.00
1621778750321000,0,4135.31359790,0.00
1621778804777000,0,8366.66509097,0.00
1621779296800000,0,405.12500000,0.00
1621779386908000,1,262.78744800,0.00
1621779479380000,1,405.12500000,0.00
1621779786741000,1,513.26844270,0.00
1621779801873000,0,405.12500000,0.00
1621779802277000,0,7566.50140619,0.00
1621780115129000,0,3542.00000000,0.00
1621780415264000,1,88.95869100,0.00
1621780664995000,1,405.12500000,0.00
1621780895496000,1,3129.30935512,0.00
1621781066473000,0,5245.03575184,0.00
1621781067769000,0,12392.73564179,0.00
1621781226217000,1,43.66961510,0.00
1621781408391000,1,6192.54977900,0.00
1621781603463000,0,2451.10365897,0.00
1621781663224000,0,405.12500000,0.00
1621781681990000,1,405.12500000,0.00
1621781704907000,0,17507.65002161,0.00
1621781717276000,0,921.00000000,0.00
1621781750663000,1,1987.84234204,0.00
1621781762116000,0,4063.84127095,0.00
1621781762190000,0,4988.00000000,0.00
1621781762565000,0,1093.00000000,0.00
1621781762637000,0,4650.00000000,0.00
1621781762824000,0,5052.00000000,0.00
1621781762840000,0,4611.68828422,0.00
1621781762975000,0,2526.00638401,0.00
1621781763125000,0,355.50046858,0.00
1621781763217000,0,8042.99998889,0.00
1621781763584000,0,355.50046000,0.00
1621781763584000,0,652.49955512,0.00
1621781763616000,0,2074.00000000,0.00
1621781763652000,0,2535.00000000,0.00
1621781763686000,0,4635.00000000,0.00
1621781763755000,0,687.12120000,0.00
1621781763809000,0,914.00000000,0.00
1621781763842000,0,5021.51564844,0.00
1621781763881000,0,1695.00000000,0.00
1621781763926000,0,3868.00000000,0.00
1621781763935000,0,1193.00000000,0.00
1621781764017000,0,17032.00000000,0.00
1621781764020000,0,2223.00000000,0.00
1621781764047000,0,2411.00000000,0.00
1621781871814000,1,7746.21947980,0.00
1621782039415000,1,494.55485892,0.00
1621782205240000,1,9412.08343630,0.00
1621782243930000,0,8293.73199498,0.00
1621782381517000,0,494.55485892,0.00
1621782688832000,1,3157.28497297,0.00
1621782809539000,1,8215.77061903,0.00
1621783442244000,1,8186.85550000,0.00
1621783889271000,1,1001.30920660,0.00
1621784218558000,0,714.88631578,0.00
1621784234811000,1,2000.00000000,0.00
1621784400806000,1,500.00000000,0.00
1621784471878000,0,200.00000000,0.00
1621784546032000,0,1135.00256977,0.00
1621784546276000,0,185.00000000,0.00
1621784546342000,0,8923.52573037,0.00
1621784557140000,1,500.00000000,0.00
1621785070070000,0,62.50000000,0.00
1621785077565000,0,342.62500000,0.00
1621785175677000,0,28793.52963171,0.00
1621785254365000,1,3212.39282000,0.00
1621785277890000,0,675.23119511,0.00
1621785625579000,1,3187.39707000,0.00
1621785629573000,1,3177.20269000,0.00
1621785632687000,1,2254.07368000,0.00
1621785632898000,1,405.12500000,0.00
1621785639333000,0,405.12500000,0.00
1621785639435000,0,2782.27207864,0.00
1621785641910000,1,194.56202647,0.00
1621785865951000,0,108.77666700,0.00
1621785994730000,1,3231.89191298,0.00
1621785997498000,1,3098.77012000,0.00
1621785998159000,0,6441.30297000,0.00
1621786041849000,1,505.99570354,0.00
1621786041849000,1,2564.21133646,0.00
1621786048921000,0,15109.07652879,0.00
1621786048921000,0,3222.24861803,0.00
1621786136817000,1,13267.17899164,0.00
1621786327484000,0,14558.69703000,0.00
1621786439007000,1,3331.00606400,0.00
1621786487460000,0,421.20348549,0.00
1621786491381000,1,1554.63789776,0.00
1621786493048000,1,444.74059518,0.00
1621786623034000,1,138.24012892,0.00
1621786850928000,0,7556.10947333,0.00
1621786852475000,0,11115.77880516,0.00
1621786902397000,1,3212.43378000,0.00
1621786988374000,1,3211.36042000,0.00
1621787038675000,1,3347.17724465,0.00
1621787039880000,1,405.12500000,0.00
1621787040030000,1,2972.02608971,0.00
1621787040836000,1,3422.64691403,0.00
1621787044861000,1,3424.30040158,0.00
1621787054971000,1,3383.74070802,0.00
1621787054971000,1,3237.45590000,0.00
1621787060355000,0,9235.80669800,0.00
1621787063058000,1,3440.48702947,0.00
1621787063058000,1,7024.29509386,0.00
1621787098519000,1,5139.76027986,0.00
1621787137061000,0,5583.05504764,0.00
1621787147591000,1,12412.86960940,0.00
1621787231675000,0,5692.54065254,0.00
1621787347468000,1,3431.17260299,0.00
1621787365529000,0,364.40660656,0.00
1621787365773000,0,0.00000001,0.00
1621787372181000,1,40362.00000000,0.00
1621787421076000,1,2642.09711703,0.00
1621787493198000,1,2607.26269593,0.00
1621787522428000,0,82.19687097,0.00
1621787591203000,1,231.15197645,0.00
1621787682704000,1,3373.22337296,0.00
1621787682708000,1,80.27062650,0.00
1621787706135000,0,126.18674033,0.00
1621787734769000,1,3463.52183598,0.00
1621787765510000,0,5233.38147733,0.00
1621787766287000,1,1454.92485874,0.00
1621788108866000,1,75.00000000,0.00
1621788170071000,0,1823.74221677,0.00
1621788256283000,0,9717.82475056,0.00
1621788256640000,0,5282.17524944,0.00
1621788816954000,1,3302.34210460,0.00
1621788993332000,1,3285.54400624,0.00
1621788999031000,1,3310.36274547,0.00
1621788999548000,1,3256.60477872,0.00
1621789000369000,1,3268.38036852,0.00
1621789002850000,1,3270.39953520,0.00
1621789007049000,1,3240.17347653,0.00
1621789012924000,1,2607.94269687,0.00
1621789012973000,1,668.80442022,0.00
1621789395002000,1,3302.18407755,0.00
1621789396329000,1,3261.68060349,0.00
1621789399068000,1,3305.83956000,0.00
1621789418541000,1,3259.47575643,0.00
1621789512124000,0,450.00000000,0.00
1621789562288000,0,84.79221805,0.00
1621789567244000,0,18500.00000000,0.00
1621789800535000,1,3185.31780000,0.00
1621789801662000,1,3150.59732000,0.00
1621789803265000,1,3161.69460017,0.00
1621789815970000,0,3180.81292716,0.00
1621789846888000,1,48.51464000,0.00
1621790057011000,1,6797.74443000,0.00
1621790075826000,1,2000.00000000,0.00
1621790102322000,1,3184.50800773,0.00
1621790103515000,1,3184.50800000,0.00
1621790104588000,1,30.61314242,0.00
1621790257116000,1,3303.85140090,0.00
1621790265307000,1,3262.04267000,0.00
1621790267037000,1,0.00000363,0.00
1621790511368000,1,1613.95022000,0.00
1621790666274000,1,6785.99186980,0.00
1621790884492000,1,3230.52551952,0.00
1621790888276000,0,3188.52381636,0.00
1621790913950000,1,126.18674033,0.00
1621791151849000,1,92.97556406,0.00
1621791297401000,1,2500.00000000,0.00
1621791481516000,0,200.00000000,0.00
1621791516391000,0,38.52542372,0.00
1621791584708000,0,3207.78439052,0.00
1621791584974000,1,4454.26757000,0.00
1621791701311000,1,3198.48537000,0.00
1621791883566000,0,53.40555600,0.00
1621792074553000,1,1039.39881813,0.00
1621792126757000,0,989.19172296,0.00
1621792126879000,0,1138.35653398,0.00
1621792127154000,0,2650.69750985,0.00
1621792323915000,0,1658.72325000,0.00
1621793198371000,1,3363.52296078,0.00
1621793388946000,1,3274.53249000,0.00
1621793389061000,1,0.00000528,0.00
1621793389735000,1,3252.14297498,0.00
1621793803746000,1,489.55959000,0.00
1621794019956000,1,85.77269364,0.00
1621794703247000,0,287.71563483,0.00
1621795319064000,0,7707.00804080,0.00
1621795774614000,1,722.55080103,0.00
1621795775728000,1,500.00000000,0.00
1621796153302000,1,3500.00000000,0.00
1621796166555000,0,405.12500000,0.00
1621796309295000,1,8102.56853323,0.00
1621796415074000,1,3888.83879123,0.00
1621796417267000,1,735.90792000,0.00
1621796725824000,0,3555.00000000,0.00
1621796787643000,0,7688.04285086,0.00
1621797001851000,0,26.02046201,0.00
1621797516421000,0,50.00000000,0.00
1621797735258000,0,12376.00000000,0.00
1621798087753000,0,50.00000000,0.00
1621798380116000,0,462.00009330,0.00
1621798380135000,0,981.72560632,0.00
1621798381042000,0,2656.95960000,0.00
1621798381105000,0,649.99999999,0.00
1621798381405000,0,500.99999999,0.00
1621798401329000,0,1880.25330452,0.00
1621798508202000,1,50.19758500,0.00
1621799283091000,1,405.12500000,0.00
1621799476469000,0,186.86570494,0.00
1621799692440000,0,44.99525070,0.00
1621800122938000,1,15000.00000000,0.00
1621800407891000,0,44.99525070,0.00
1621800455845000,0,934.58835393,0.00
1621800501693000,1,7532.94059011,0.00
1621800607251000,0,34.26641791,0.00
1621800755363000,1,2979.34199637,0.00
1621801073657000,1,15000.00000000,0.00
1621801540665000,0,33.33333300,0.00
1621802130791000,0,44.99500000,0.00
1621802131392000,0,0.00025070,0.00
1621802689821000,0,360.13000000,0.00
1621802690410000,0,1208.87000000,0.00
1621802884902000,0,44.99525070,0.00
1621803194441000,0,8795.76714990,0.00
1621803194468000,0,1438.00000000,0.00
1621803195356000,0,5751.13463737,0.00
1621803428854000,0,43313.73301385,0.00
1621803794249000,0,44.99525070,0.00
1621804184736000,0,38.91796856,0.00
1621804449021000,0,44.99525070,0.00
1621804463693000,0,30.00000000,0.00
1621804509574000,1,510.65038349,0.00
1621804718913000,0,381.29608404,0.00
1621804742615000,0,85.45271372,0.00
1621805053689000,1,39.98600000,0.00
1621805053842000,1,0.00091100,0.00
1621805165648000,1,41.69970011,0.00
1621805290870000,0,1907.26791880,0.00
1621805292063000,0,12134.44149918,0.00
1621805292259000,0,241.55850082,0.00
1621805292259000,0,1652.90729224,0.00
1621805292321000,0,1902.09270776,0.00
1621805292999000,0,370.31232246,0.00
1621805557552000,1,40.89123642,0.00
1621805619934000,1,42.31961637,0.00
1621806034787000,1,4350.24969033,0.00
1621806034787000,1,32649.75030967,0.00
1621806034941000,1,6500.00000000,0.00
1621806080392000,0,2487.76388795,0.00
1621806381398000,0,488.07526881,0.00
1621806605667000,0,342.00000000,0.00
1621807288062000,0,42.31961637,0.00
1621808162475000,1,6943.90758000,0.00
1621808163164000,1,0.00000320,0.00
1621808190741000,1,192.34548000,0.00
1621808439939000,0,22500.00000000,0.00
1621808440051000,0,64443.90758000,0.00
1621808440151000,0,34500.00000000,0.00
1621808443968000,0,75.00000000,0.00
1621808471524000,0,41.69970011,0.00
1621808472245000,0,41001.51842880,0.00
1621808473467000,0,75.00000000,0.00
1621808597291000,0,40.89123642,0.00
1621810251191000,1,2861.92190647,0.00
1621810308857000,0,7384.67436643,0.00
1621810323169000,1,365.13900000,0.00
1621810454104000,1,7072.06281000,0.00
1621810468865000,0,2797.27422339,0.00
1621810476384000,0,2872.06596108,0.00
1621810476384000,0,7427.91028006,0.00
1621810476384000,0,2872.31333208,0.00
1621810477884000,0,37500.00000000,0.00
1621810486945000,0,1073.58123000,0.00
1621810496658000,0,2831.14650520,0.00
1621810528103000,1,2819.66886279,0.00
1621810559475000,1,7392.68912178,0.00
1621810628718000,1,626.80449800,0.00
1621810827774000,0,7336.86760715,0.00
1621810827774000,0,73663.13239285,0.00
1621810827860000,0,3000.00000000,0.00
1621810878659000,1,7041.13349555,0.00
1621811052727000,0,222.45398009,0.00
1621811052800000,1,14777.54601991,0.00
1621811322704000,1,2777.17188000,0.00
1621811324278000,0,6871.16479705,0.00
1621811324296000,1,8128.83520295,0.00
1621811527366000,1,7572.23322000,0.00
1621811979387000,0,41621.01425304,0.00
1621811979465000,0,810.25000000,0.00
1621812015576000,0,3555.00000000,0.00
1621812020288000,1,4158.44070219,0.00
1621812020288000,1,1341.55929781,0.00
1621812236343000,0,7285.10184000,0.00
1621813233888000,1,7446.26504326,0.00
1621813472810000,1,440.29930200,0.00
1621814041896000,0,7523.15479601,0.00
1621814133703000,0,4066.06414917,0.00
1621814133703000,0,671.02727669,0.00
1621814133703000,0,4737.09142586,0.00
