timestamp ms,type,amount,price
1625703058593000,1,30.99500000,1.6905
1625703473399000,1,28.08962795,1.6668
1625705618813000,1,37.91100000,1.6331
1625706656057000,1,48.84500000,1.6391
1625707066908000,0,21.77500000,1.6352
1625710409784000,1,21.11600000,1.6361
1625712644849000,1,25.08300000,1.6321
1625713901596000,1,171.35083143,1.5997
1625715107346000,1,31.58700000,1.6195
1625716309504000,1,115.64638758,1.6212
1625716364021000,0,151.73071000,1.6247
1625717945086000,1,527.70528000,1.6247
1625719472373000,1,36.30557000,1.6247
1625719472463000,1,84.25844000,1.6247
1625720088534000,1,58.23700000,1.6156
1625720227612000,1,120.56401500,1.6040
1625721863542000,0,52.81294991,1.6045
1625721863542000,0,56.02658555,1.6045
1625722281741000,1,30.67400000,1.6150
1625723963950000,1,26.97400000,1.6148
1625724638646000,1,200.00000000,1.5967
1625724638646000,1,526.08175000,1.5967
1625724638646000,1,202.22754402,1.5967
1625724638646000,1,87.60418440,1.5959
1625724865379000,1,154.54600000,1.6026
1625725625819000,1,93.25466902,1.6042
1625725628160000,1,37.96933098,1.6042
1625726099925000,0,606.99999500,1.5967
1625726099960000,0,0.00000500,1.5967
1625726099960000,0,177.99999000,1.5967
1625726099987000,0,52.16101000,1.5967
1625726100041000,0,178.00000000,1.5968
1625726100041000,0,17.28825700,1.5978
1625726100074000,0,178.00000593,1.5978
1625726100074000,0,10.54759607,1.5993
1625726100197000,0,178.00001172,1.5993
1625726136185000,0,21.06779778,1.5997
1625726163380000,1,0.00000222,1.5997
1625726163380000,1,10.54759028,1.5993
1625726163380000,1,127.90269712,1.5978
1625729412903000,1,62.66800000,1.6090
1625729412903000,1,0.03270000,1.5935
1625729945786000,1,23.98900000,1.5976
1625731009721000,1,215.96703188,1.5424
1625731009721000,1,200.00000000,1.5424
1625731009721000,1,206.66690938,1.5273
1625731009721000,1,187.14077057,1.5261
1625731009721000,1,178.00000000,1.5215
1625731009721000,1,12.22528817,1.5214
1625731017013000,1,200.00000000,1.5424
1625731027168000,0,606.99998471,1.5366
1625731029114000,0,17.75957371,1.5366
1625731029114000,0,178.00000000,1.5458
1625731029114000,0,904.24043392,1.5458
1625731032371000,0,17.79612000,1.5553
1625733816853000,1,55.80100000,1.5591
1625733816853000,1,55.80100000,1.5581
1625733816853000,1,0.26354000,1.5382
1625734557055000,1,29.94000000,1.5575
1625734557055000,1,27.08800000,1.5565
1625734557055000,1,0.10682000,1.5449
1625734878002000,1,161.19953000,1.5526
1625734906590000,1,178.00000000,1.5534
1625735059116000,1,208.03814688,1.5543
1625735059116000,1,195.23582291,1.5535
1625735089523000,1,178.00000000,1.5535
1625735089523000,1,368.56248700,1.5535
1625735118118000,1,161.11899600,1.5527
1625735521554000,0,77.36877000,1.5433
1625735521554000,0,127.17893993,1.5436
1625735567580000,1,25.83400000,1.5422
1625736088865000,1,26.10000000,1.5438
1625736088865000,1,23.77400000,1.5428
1625736673102000,1,36.98600000,1.5465
1625736674706000,1,34.14200000,1.5455
1625737186260000,1,79.49500000,1.5559
1625737186260000,1,0.05394000,1.5549
1625737250170000,1,30.22300000,1.5566
1625737250170000,1,0.03320000,1.5556
1625737829541000,1,27.28600000,1.5562
1625737829541000,1,0.01545000,1.5552
1625738590034000,1,21.20700000,1.5562
1625738590034000,1,0.01120000,1.5553
1625738841298000,1,40.57400000,1.5564
1625738841298000,1,0.02167000,1.5555
1625739265966000,1,32.29900000,1.5572
1625739265966000,1,0.01782000,1.5562
1625739348214000,1,25.02400000,1.5574
1625739348214000,1,0.01617000,1.5445
1625740607067000,1,20.39800000,1.5566
1625740607067000,1,0.01365000,1.5482
1625741036568000,1,21.51400000,1.5570
1625741036568000,1,0.01956000,1.5503
1625741300503000,1,24.83800000,1.5576
1625741300503000,1,0.02971000,1.5522
1625742080924000,1,20.55000000,1.5585
1625742080924000,1,9.00522000,1.5575
1625742265587000,1,15.52273000,1.5520
1625742696814000,1,22.48500000,1.5465
1625742696814000,1,0.01215000,1.5455
1625743050184000,1,72.12500000,1.5526
1625743050184000,1,0.16775000,1.5517
1625743067539000,1,43.51800000,1.5552
1625743067539000,1,24.05867000,1.5542
1625743077126000,1,16.92433000,1.5542
1625743077126000,1,26.81859000,1.5337
1625744854062000,1,23.15400000,1.5536
1625745014550000,1,190.84718354,1.5502
1625745014550000,1,10.92865016,1.5494
1625745021301000,1,190.84719605,1.5510
1625745264378000,1,161.19984266,1.5483
1625745384448000,1,132.28427700,1.5484
1625745504498000,1,132.28424700,1.5493
1625745568886000,1,178.00000000,1.5552
1625745568927000,1,208.82007466,1.5552
1625745568934000,1,209.03536216,1.5544
1625745684488000,1,178.00000000,1.5502
1625745709646000,1,178.00000000,1.5450
1625745743191000,1,21.92500000,1.5517
1625745770069000,1,20.20000000,1.5507
1625745772210000,0,57.23900000,1.5500
1625745772565000,0,53.90600000,1.5493
1625747238712000,1,25.39800000,1.5384
1625747247538000,1,24.89599999,1.5375
1625747703353000,1,177.99999999,1.5532
1625748526325000,0,22.35496983,1.5498
1625748869864000,1,53.68269583,1.5416
1625749180908000,1,41.17050884,1.5434
1625749334355000,0,23.83700000,1.5457
1625749723753000,1,30.61100000,1.5438
1625750421748000,1,70.37000000,1.5456
1625750452017000,1,41.35300000,1.5446
1625750535232000,1,34.76000000,1.5432
1625751162870000,1,24.47000000,1.5413
1625751919720000,1,25.47600000,1.5243
1625752081165000,0,288.60400000,1.5285
1625752081167000,1,549.10050000,1.5286
1625752887926000,1,40.32600000,1.5423
1625752902141000,1,28.60800000,1.5414
1625752971732000,0,481.94516000,1.5349
1625752971732000,0,200.00000000,1.5353
1625752971732000,0,46.96399011,1.5355
1625753573681000,0,15.98563788,1.5464
1625755323767000,1,78.41900000,1.5534
1625755353193000,1,33.20700000,1.5543
1625756346377000,1,26.42900000,1.5535
1625757730086000,1,23.01071633,1.5558
1625757763978000,1,114.42162718,1.5573
1625757863611000,1,24.93218691,1.5590
1625757910549000,1,22.64904594,1.5592
1625759440896000,0,67.28504000,1.5600
1625759440896000,0,67.17944000,1.5600
1625759440896000,0,59.05016000,1.5600
1625759440896000,0,46.79696000,1.5600
1625759440896000,0,41.09921000,1.5600
1625759440896000,0,43.70846000,1.5600
1625759440896000,0,43.70783000,1.5600
1625759563953000,1,100.63399205,1.5707
1625759564064000,1,19.90400795,1.5707
1625759567877000,1,100.63399205,1.5697
1625760268593000,1,159.26407257,1.5587
1625762257298000,0,30.00000000,1.5703
1625763657320000,1,21.57600000,1.5741
1625766138843000,1,32.16400000,1.5818
1625766138843000,1,22.81700000,1.5808
1625766711142000,1,200.00000000,1.5753
1625766711142000,1,579.00000000,1.5752
1625766711142000,1,175.00000000,1.5752
1625766711142000,1,14.63473174,1.5750
1625766738120000,1,200.00000000,1.5741
1625766738120000,1,397.97891837,1.5741
1625768882491000,0,578.99998496,1.5709
1625768885647000,0,199.99998496,1.5709
1625768892184000,0,175.00000000,1.5709
1625768892184000,0,578.99998496,1.5709
1625780218335000,1,22.87000000,1.5724
1625780841348000,1,29.52300000,1.5760
1625780947681000,1,23.46400000,1.5709
1625780947681000,1,21.65900000,1.5699
1625787131311000,1,26.20800000,1.5502
1625787157779000,1,24.78400000,1.5493
1625788247309000,1,83.52100000,1.5389
1625788277186000,1,43.86700000,1.5412
1625788303572000,1,20.97000000,1.5424
1625788776252000,1,206.98578514,1.5364
1625788776256000,1,0.00000804,1.5364
