timestamp ms,type,amount,price
1623114699960000,0,190.00000000,2.3100
1623114699960000,0,633.00000000,2.3100
1623114699960000,0,100.00000000,2.3100
1623114699960000,0,200.00000000,2.3100
1623114699960000,0,25.50385297,2.3100
1623114699960000,0,211.73997401,2.3100
1623114699960000,0,1288.26002599,2.3100
1623114699960000,0,1789.30013306,2.3269
1623117784261000,0,21.62806557,2.2969
1623117784302000,1,633.00000000,2.2970
1623117784451000,1,633.00000000,2.2970
1623117784636000,1,94.64177452,2.2970
1623122611618000,1,246.32330145,2.1400
1623122612227000,1,25.50385297,2.1400
1623122612227000,1,60.00000000,2.0600
1623122612227000,1,200.00000000,2.0283
1623122612227000,1,492.20000000,2.0283
1623122612227000,1,240.00000000,2.0230
1623122612227000,1,136.84379752,1.9939
1623122612227000,1,145.39974671,1.9929
1623122612227000,1,260.00000000,1.9880
1623122612227000,1,2877.85658883,1.9767
1623122612853000,1,424.22528000,1.9801
1623122612853000,1,99.49526545,1.9638
1623122614489000,0,166.73768422,2.0506
1623122624924000,0,30.93424218,2.0101
1623122624924000,0,30.55523800,2.0110
1623122624924000,0,89.99808306,2.0506
1623122624924000,0,106.97819676,2.1400
1623129052281000,1,145.49458405,2.0367
1623129052281000,1,48.69120145,2.0359
1623129053091000,0,108.64619887,2.0513
1623129391724000,0,233.97726432,2.1359
1623129457992000,1,1.30879855,2.0359
1623129457992000,1,205.39068851,2.0076
1623129872753000,0,217.73672564,2.1359
1623129872753000,0,253.69900000,2.1359
1623129872753000,0,930.06407618,2.1359
1623129933615000,0,264.41568541,2.1359
1623130644583000,0,200.00000000,2.1359
1623130644583000,0,800.00000000,2.1359
1623130665854000,0,1000.00000000,2.1359
1623130682415000,0,500.00000000,2.1359
1623130699376000,0,100.00000000,2.1359
1623130711426000,0,100.00000000,2.1359
1623131198989000,0,1000.00000000,2.1359
1623131211200000,0,1000.00000000,2.1359
1623131288197000,0,1000.00000000,2.1359
1623131354662000,0,3.61858009,2.1359
1623131354662000,0,5.52023841,2.1359
1623131354662000,0,200.00000000,2.2344
1623131354662000,0,638.00000000,2.2344
1623131354662000,0,939.17242566,2.2344
1623131355013000,0,50.00000000,2.3640
1623131355013000,0,398.85822624,2.3735
1623133287833000,1,270.83308521,2.0302
1623133287833000,1,200.00000000,2.0302
1623133287833000,1,491.70000000,2.0302
1623133287833000,1,147.53359055,1.9833
1623133287833000,1,136.05147658,1.9823
1623133287833000,1,193.00000000,1.9649
1623133287833000,1,191.55157005,1.9649
1623133288089000,1,129.74055864,1.9682
1623133288451000,0,168.79626313,2.0366
1623133311902000,0,24.15028252,2.0033
1623133311976000,0,2.68336473,2.0033
1623133322371000,0,95.46843722,2.0366
1623133322371000,0,3.95946278,2.2179
1623133329007000,1,13.66791260,1.9867
1623133459853000,0,13.05553879,2.0062
1623135291034000,1,200.00000000,2.0546
1623135291034000,1,248.85822624,2.0546
1623136303472000,0,17.63720425,2.1953
1623136303995000,0,454.51025586,2.1953
1623142514176000,1,155.31916668,2.0414
1623142514176000,1,200.00000000,2.0404
1623142514176000,1,145.36415961,2.0403
1623142514176000,1,413.29429000,2.0324
1623142514176000,1,2333.36200000,2.0189
1623142514176000,1,643.00000000,2.0188
1623142514176000,1,194.00000000,2.0188
1623142514176000,1,807.66955088,2.0180
1623142514230000,1,454.51025586,2.0180
1623142514668000,0,152.73583831,2.0589
1623142518375000,0,142.50988100,2.0585
1623142528904000,0,142.90641000,2.1850
1623142545640000,1,144.49264458,2.0445
1623142546377000,1,123.73637283,2.0435
1623142547756000,0,18.87342181,2.0565
1623142547756000,0,111.72062812,2.0585
1623142563834000,0,18.87343629,2.0585
1623142655097000,1,148.10330546,2.0352
1623142668491000,0,140.95189555,2.0505
1623142668491000,0,0.81199445,2.1675
1623142685916000,1,142.80222029,2.0373
1623142688770000,0,17.01798614,2.0514
1623142689452000,1,0.00000386,2.0514
1623142689452000,1,142.72393251,2.0363
1623142692712000,0,124.89768372,2.0501
1623142692863000,0,6.41792727,2.0501
1623142692863000,0,130.39571391,2.0511
1623142711466000,0,14.60291829,2.0528
1623142728451000,0,234.50000000,2.0909
1623142763358000,0,116.80000000,2.0905
1623142798607000,0,117.20000000,2.0900
1623142872795000,1,154.73954766,2.0167
1623142879583000,0,16.41644928,2.0347
1623143056496000,0,117.00000000,2.0690
1623143119718000,0,107.31197666,2.0689
1623143119794000,0,9.98802334,2.0689
1623143151989000,0,117.20000000,2.0690
1623145319401000,0,129.47271487,1.9979
1623145319851000,0,0.00001227,1.9979
1623145323295000,1,10.31551778,1.9979
1623145716423000,1,122.35530402,1.9861
1623145716423000,1,147.53330167,1.9861
1623145716423000,1,200.00000000,1.9851
1623145716423000,1,146.33683736,1.9850
1623145716423000,1,1867.77455695,1.9590
1623145719209000,0,261.70821387,2.0405
1623145719337000,0,673.33607521,2.0405
1623145719456000,0,0.00001136,2.0405
1623145719456000,0,261.70820251,2.0405
1623145719703000,0,503.06298473,2.0405
1623145736197000,1,149.07355400,1.9868
1623145736552000,0,29.21069546,2.0051
1623145736552000,0,0.00002454,2.0405
1623145736659000,1,200.00000000,1.9858
1623145744532000,1,118.44859623,1.9857
1623145747117000,0,109.24093302,2.0032
1623145747117000,0,4.99204898,2.0042
1623145747466000,0,109.24092245,2.0042
1623147035364000,0,467.52215022,2.1738
1623147035364000,0,400.00000000,2.1738
1623147035364000,0,275.98838923,2.1739
1623147035364000,0,500.00000000,2.1953
1623147035364000,0,192.00000000,2.2418
1623147035364000,0,174.36555874,2.2418
1623147718952000,1,296.85371324,2.0114
1623147718952000,1,157.77928676,2.0114
1623149138987000,1,113.65825000,2.0138
1623149209529000,0,427.60608828,2.0275
1623149209718000,0,113.65823530,2.0275
1623150873189000,1,113.65825735,2.0551
1623151221229000,0,113.65825735,2.1528
1623151221229000,0,287.28238384,2.1528
1623152675339000,0,45.52952023,2.1854
1623158873254000,1,19.02184433,2.0600
1623159287540000,0,200.00000000,2.1846
1623159287540000,0,296.85371324,2.1847
1623159287540000,0,192.00000000,2.1863
1623159287540000,0,224.75786219,2.2000
1623160405417000,0,107.73478700,2.1935
1623161253590000,1,157.32375405,2.0639
1623161267512000,1,200.00000000,2.0639
1623161377593000,1,200.00000000,2.0100
1623161428758000,0,271.97126214,2.0100
1623161428758000,0,328.13901789,2.0631
1623161687386000,1,10.00000000,2.0103
1623161828402000,1,200.00000000,2.0107
1623161828402000,1,321.61415476,2.0107
1623161828402000,1,157.69642914,2.0100
1623162718215000,0,86.77477263,2.1848
1623163115098000,1,200.00000000,2.0100
1623163115098000,1,342.30357086,2.0100
1623163115098000,1,57.80670917,2.0029
1623163299359000,1,199.99999394,2.0029
1623163299359000,1,36.53305315,2.0029
1623163449761000,0,551.17626791,2.1768
1623163811302000,1,205.66023768,2.0029
1623163901666000,1,75.00000000,1.9600
1623164016942000,1,250.00000000,1.9590
1623164253121000,1,7.19000000,1.9589
1623164253121000,1,3.91800000,1.9589
1623164327134000,1,189.25535466,1.9212
1623164365260000,0,9.75718429,2.0614
1623165806138000,1,37.44549071,1.9200
1623165806138000,1,200.00000000,1.8900
1623165806138000,1,362.55450929,1.8900
1623165953849000,0,13.26290710,2.0105
1623168045660000,0,278.37427321,1.9177
1623168235287000,0,13.33681503,1.9177
1623170843966000,0,9.83753131,2.0280
1623171114447000,1,25.00000000,2.0000
1623172497381000,0,20.00000000,2.0071
1623175509575000,0,135.55366558,2.0976
1623176137463000,0,156.81064707,2.0963
1623181471503000,0,23.87833076,2.1485
1623181787707000,0,14.65748542,2.1744
1623183531967000,1,153.12872939,2.0304
1623183531967000,1,50.29034611,2.0294
1623183532324000,1,149.70965389,2.0294
1623183532324000,1,7.10099318,2.0293
1623184349834000,0,54.57321000,2.0872
1623186095266000,0,41.56855356,2.1948
1623189297499000,1,14.65748542,2.0548
1623190822500000,1,151.83950755,2.0510
1623190930979000,1,160.40379887,2.0490
1623191056777000,1,158.33472203,2.0414
1623192572589000,1,158.12172710,2.0242
