timestamp ms,type,amount,price
1623114699960000,0,190.00000000,2.3100
1623114699960000,0,633.00000000,2.3100
1623114699960000,0,100.00000000,2.3100
1623114699960000,0,200.00000000,2.3100
1623114699960000,0,25.50385297,2.3100
1623114699960000,0,211.73997401,2.3100
1623114699960000,0,1288.26002599,2.3100
1623114699960000,0,1789.30013306,2.3269
1623117784261000,0,21.62806557,2.2969
1623117784302000,1,633.00000000,2.2970
1623117784451000,1,633.00000000,2.2970
1623117784636000,1,94.64177452,2.2970
1623122611618000,1,246.32330145,2.1400
1623122612227000,1,25.50385297,2.1400
1623122612227000,1,60.00000000,2.0600
1623122612227000,1,200.00000000,2.0283
1623122612227000,1,492.20000000,2.0283
1623122612227000,1,240.00000000,2.0230
1623122612227000,1,136.84379752,1.9939
1623122612227000,1,145.39974671,1.9929
1623122612227000,1,260.00000000,1.9880
1623122612227000,1,2877.85658883,1.9767
1623122612853000,1,424.22528000,1.9801
1623122612853000,1,99.49526545,1.9638
1623122614489000,0,166.73768422,2.0506
1623122624924000,0,30.93424218,2.0101
1623122624924000,0,30.55523800,2.0110
1623122624924000,0,89.99808306,2.0506
1623122624924000,0,106.97819676,2.1400
1623129052281000,1,145.49458405,2.0367
1623129052281000,1,48.69120145,2.0359
1623129053091000,0,108.64619887,2.0513
1623129391724000,0,233.97726432,2.1359
1623129457992000,1,1.30879855,2.0359
1623129457992000,1,205.39068851,2.0076
1623129872753000,0,217.73672564,2.1359
1623129872753000,0,253.69900000,2.1359
1623129872753000,0,930.06407618,2.1359
1623129933615000,0,264.41568541,2.1359
1623130644583000,0,200.00000000,2.1359
1623130644583000,0,800.00000000,2.1359
1623130665854000,0,1000.00000000,2.1359
1623130682415000,0,500.00000000,2.1359
1623130699376000,0,100.00000000,2.1359
1623130711426000,0,100.00000000,2.1359
1623131198989000,0,1000.00000000,2.1359
1623131211200000,0,1000.00000000,2.1359
1623131288197000,0,1000.00000000,2.1359
1623131354662000,0,3.61858009,2.1359
1623131354662000,0,5.52023841,2.1359
1623131354662000,0,200.00000000,2.2344
1623131354662000,0,638.00000000,2.2344
1623131354662000,0,939.17242566,2.2344
1623131355013000,0,50.00000000,2.3640
1623131355013000,0,398.85822624,2.3735
1623133287833000,1,270.83308521,2.0302
1623133287833000,1,200.00000000,2.0302
1623133287833000,1,491.70000000,2.0302
1623133287833000,1,147.53359055,1.9833
1623133287833000,1,136.05147658,1.9823
1623133287833000,1,193.00000000,1.9649
1623133287833000,1,191.55157005,1.9649
1623133288089000,1,129.74055864,1.9682
1623133288451000,0,168.79626313,2.0366
1623133311902000,0,24.15028252,2.0033
1623133311976000,0,2.68336473,2.0033
1623133322371000,0,95.46843722,2.0366
1623133322371000,0,3.95946278,2.2179
1623133329007000,1,13.66791260,1.9867
1623133459853000,0,13.05553879,2.0062
1623135291034000,1,200.00000000,2.0546
1623135291034000,1,248.85822624,2.0546
1623136303472000,0,17.63720425,2.1953
1623136303995000,0,454.51025586,2.1953
1623142514176000,1,155.31916668,2.0414
1623142514176000,1,200.00000000,2.0404
1623142514176000,1,145.36415961,2.0403
1623142514176000,1,413.29429000,2.0324
1623142514176000,1,2333.36200000,2.0189
1623142514176000,1,643.00000000,2.0188
1623142514176000,1,194.00000000,2.0188
1623142514176000,1,807.66955088,2.0180
1623142514230000,1,454.51025586,2.0180
1623142514668000,0,152.73583831,2.0589
1623142518375000,0,142.50988100,2.0585
1623142528904000,0,142.90641000,2.1850
1623142545640000,1,144.49264458,2.0445
1623142546377000,1,123.73637283,2.0435
1623142547756000,0,18.87342181,2.0565
1623142547756000,0,111.72062812,2.0585
1623142563834000,0,18.87343629,2.0585
1623142655097000,1,148.10330546,2.0352
1623142668491000,0,140.95189555,2.0505
1623142668491000,0,0.81199445,2.1675
1623142685916000,1,142.80222029,2.0373
1623142688770000,0,17.01798614,2.0514
1623142689452000,1,0.00000386,2.0514
1623142689452000,1,142.72393251,2.0363
1623142692712000,0,124.89768372,2.0501
1623142692863000,0,6.41792727,2.0501
1623142692863000,0,130.39571391,2.0511
1623142711466000,0,14.60291829,2.0528
1623142728451000,0,234.50000000,2.0909
1623142763358000,0,116.80000000,2.0905
1623142798607000,0,117.20000000,2.0900
1623142872795000,1,154.73954766,2.0167
1623142879583000,0,16.41644928,2.0347
1623143056496000,0,117.00000000,2.0690
1623143119718000,0,107.31197666,2.0689
1623143119794000,0,9.98802334,2.0689
1623143151989000,0,117.20000000,2.0690
1623145319401000,0,129.47271487,1.9979
1623145319851000,0,0.00001227,1.9979
1623145323295000,1,10.31551778,1.9979
1623145716423000,1,122.35530402,1.9861
1623145716423000,1,147.53330167,1.9861
1623145716423000,1,200.00000000,1.9851
1623145716423000,1,146.33683736,1.9850
1623145716423000,1,1867.77455695,1.9590
1623145719209000,0,261.70821387,2.0405
1623145719337000,0,673.33607521,2.0405
1623145719456000,0,0.00001136,2.0405
1623145719456000,0,261.70820251,2.0405
1623145719703000,0,503.06298473,2.0405
1623145736197000,1,149.07355400,1.9868
1623145736552000,0,29.21069546,2.0051
1623145736552000,0,0.00002454,2.0405
1623145736659000,1,200.00000000,1.9858
1623145744532000,1,118.44859623,1.9857
1623145747117000,0,109.24093302,2.0032
1623145747117000,0,4.99204898,2.0042
1623145747466000,0,109.24092245,2.0042
1623147035364000,0,467.52215022,2.1738
1623147035364000,0,400.00000000,2.1738
1623147035364000,0,275.98838923,2.1739
1623147035364000,0,500.00000000,2.1953
1623147035364000,0,192.00000000,2.2418
1623147035364000,0,174.36555874,2.2418
1623147718952000,1,296.85371324,2.0114
1623147718952000,1,157.77928676,2.0114
1623149138987000,1,113.65825000,2.0138
1623149209529000,0,427.60608828,2.0275
1623149209718000,0,113.65823530,2.0275
1623150873189000,1,113.65825735,2.0551
1623151221229000,0,113.65825735,2.1528
1623151221229000,0,287.28238384,2.1528
1623152675339000,0,45.52952023,2.1854
1623158873254000,1,19.02184433,2.0600
1623159287540000,0,200.00000000,2.1846
1623159287540000,0,296.85371324,2.1847
1623159287540000,0,192.00000000,2.1863
1623159287540000,0,224.75786219,2.2000
1623160405417000,0,107.73478700,2.1935
1623161253590000,1,157.32375405,2.0639
1623161267512000,1,200.00000000,2.0639
1623161377593000,1,200.00000000,2.0100
1623161428758000,0,271.97126214,2.0100
1623161428758000,0,328.13901789,2.0631
1623161687386000,1,10.00000000,2.0103
1623161828402000,1,200.00000000,2.0107
1623161828402000,1,321.61415476,2.0107
1623161828402000,1,157.69642914,2.0100
1623162718215000,0,86.77477263,2.1848
1623163115098000,1,200.00000000,2.0100
1623163115098000,1,342.30357086,2.0100
1623163115098000,1,57.80670917,2.0029
1623163299359000,1,199.99999394,2.0029
1623163299359000,1,36.53305315,2.0029
1623163449761000,0,551.17626791,2.1768
1623163811302000,1,205.66023768,2.0029
1623163901666000,1,75.00000000,1.9600
1623164016942000,1,250.00000000,1.9590
1623164253121000,1,7.19000000,1.9589
1623164253121000,1,3.91800000,1.9589
1623164327134000,1,189.25535466,1.9212
1623164365260000,0,9.75718429,2.0614
1623165806138000,1,37.44549071,1.9200
1623165806138000,1,200.00000000,1.8900
1623165806138000,1,362.55450929,1.8900
1623165953849000,0,13.26290710,2.0105
1623168045660000,0,278.37427321,1.9177
1623168235287000,0,13.33681503,1.9177
1623170843966000,0,9.83753131,2.0280
1623171114447000,1,25.00000000,2.0000
1623172497381000,0,20.00000000,2.0071
1623175509575000,0,135.55366558,2.0976
1623176137463000,0,156.81064707,2.0963
1623181471503000,0,23.87833076,2.1485
1623181787707000,0,14.65748542,2.1744
1623183531967000,1,153.12872939,2.0304
1623183531967000,1,50.29034611,2.0294
1623183532324000,1,149.70965389,2.0294
1623183532324000,1,7.10099318,2.0293
1623184349834000,0,54.57321000,2.0872
1623186095266000,0,41.56855356,2.1948
1623189297499000,1,14.65748542,2.0548
1623190822500000,1,151.83950755,2.0510
1623190930979000,1,160.40379887,2.0490
1623191056777000,1,158.33472203,2.0414
1623192572589000,1,158.12172710,2.0242
1623196770993000,1,118.58012295,2.0020
1623199122949000,0,250.00000000,2.0464
1623200220477000,0,69.93171419,2.0412
1623204519541000,1,251.13362800,1.9150
1623204519704000,1,15.59576551,1.9150
1623204519704000,1,113.08799517,1.9149
1623204519754000,1,86.91200483,1.9149
1623204543406000,1,392.14804642,1.9149
1623207879457000,0,9.86907684,2.0164
1623207888622000,1,12.13737674,1.9242
1623208266120000,1,32.86262326,1.9242
1623208266120000,1,0.00001043,1.9149
1623208271552000,0,104.72663065,1.9013
1623208271715000,0,19.00000000,1.9013
1623208333562000,0,17.23840718,1.9044
1623214269635000,1,30.00000000,1.8900
1623215810180000,0,41.79036841,1.9847
1623216188476000,0,159.66388483,1.9594
1623216251352000,1,114.09233489,1.9594
1623216351997000,0,408.99636048,2.0549
1623216554296000,1,119.99998469,1.9594
1623217870473000,1,19.45862000,1.9594
1623220812329000,0,81.05122806,2.0899
1623222273351000,0,150.41700000,2.0738
1623222273351000,0,629.00000000,2.0738
1623222273351000,0,338.34354827,2.0738
1623222273440000,1,629.00000000,2.0743
1623222277186000,1,3153.46073500,2.0743
1623222279138000,1,78.34637000,2.0743
1623222280767000,1,170.23945700,2.0743
1623222281111000,1,160.91285337,2.0743
1623222306132000,1,5.89994234,2.0743
1623222306132000,1,21.43234673,2.0743
1623222361422000,1,120.52491008,2.0074
1623222483401000,1,120.52491008,2.0088
1623223500643000,0,58.65900209,2.0238
1623223500643000,0,56.34099791,2.0259
1623223503065000,0,79.99412000,2.0259
1623224021193000,0,26.29668647,2.0259
1623224021193000,0,0.17577353,2.0609
1623226677149000,0,629.00000000,2.0606
1623226677149000,0,200.00000000,2.0606
1623226677149000,0,337.05225271,2.0606
1623226677149000,0,191.00000000,2.0613
1623226677149000,0,9.88971724,2.0613
1623226677149000,0,1043.04976577,2.0834
1623236464892000,0,191.00000000,2.1407
1623236464892000,0,629.00000000,2.1407
1623236464892000,0,200.00000000,2.1514
1623236464892000,0,300.00000000,2.1514
1623236464892000,0,395.22989747,2.1751
1623236465642000,0,184.02541515,2.1751
1623244569185000,1,158.00142451,2.0672
1623244569185000,1,48.93586549,2.0661
1623244569340000,1,151.06413451,2.0661
1623244569340000,1,32.96128064,2.0661
1623244634267000,1,12.54743000,2.0753
1623245390738000,1,24.32466440,2.0871
1623245395770000,1,9.87581374,2.0871
1623245546908000,0,201.29747000,2.1053
1623245757987000,0,203.14205000,2.1053
1623245757987000,0,22.06017396,2.1095
1623245757987000,0,97.21400000,2.1374
1623245757987000,0,129.68377604,2.1374
1623245916869000,0,60.22390885,2.1374
1623245916869000,0,45.00000000,2.1900
1623245916869000,0,300.00000000,2.1991
1623245916869000,0,214.64304317,2.2000
1623245917125000,0,35.35695683,2.2000
1623245917125000,0,135.48470712,2.2200
1623246572240000,1,63.47212000,2.1088
1623246789901000,1,124.24630292,2.1260
1623246790663000,1,75.75369708,2.1260
1623246790663000,1,74.69613092,2.1260
1623246920478000,1,153.22001187,2.1409
1623246924728000,1,151.95924028,2.1409
1623246924735000,1,282.61977100,2.1409
1623246924915000,1,194.42098872,2.1409
1623246927878000,0,151.95924028,2.1409
1623246930070000,1,107.93413100,2.1410
1623247102085000,0,38.30000000,2.1265
1623247283700000,1,34.63280488,2.1441
1623247325477000,0,142.88207326,2.1472
1623247325477000,0,141.41206574,2.1472
1623247325477000,0,151.95924028,2.1472
1623247394736000,0,396.83592000,2.1425
1623247394736000,0,14.06091878,2.1431
1623247394736000,0,9.10316122,2.1431
1623247438397000,0,276.78113000,2.1430
1623247438397000,0,15.59914131,2.1724
1623247438397000,0,149.61972869,2.2101
1623247463572000,0,251.20000000,2.1495
1623247738107000,0,145.63591500,2.1495
1623251631249000,1,66.20140755,2.0608
1623251631249000,1,3.73030664,2.0608
1623251631904000,1,152.52196562,2.0608
1623251631904000,1,18.31969833,2.0598
1623252263537000,0,33.02260951,2.1101
1623252263791000,0,3.66917883,2.1101
1623252263791000,0,153.90767334,2.1102
1623252263791000,0,101.52893525,2.1438
1623253510544000,1,29.66011000,2.1438
1623253510582000,1,0.00000431,2.1438
1623253510582000,1,68.26766000,2.1100
1623253510582000,1,68.85748735,2.1100
1623259360478000,0,420.20996135,2.2200
1623261953766000,1,106.85241197,2.1219
1623262005805000,1,628.00000000,2.1219
1623263293183000,1,265.14757390,2.1219
1623263293317000,1,0.00001413,2.1219
1623263293317000,1,249.99998116,2.1200
1623263855530000,0,90.30493261,2.2037
1623264380037000,1,0.00001884,2.1200
1623266183639000,1,0.00001265,2.1100
1623266312000000,1,300.00000000,2.0470
1623266312251000,1,200.00000000,2.0318
1623266312251000,1,165.43570259,2.0289
1623266312251000,1,200.00000000,2.0279
1623266312251000,1,169.42649137,2.0279
1623266312251000,1,628.00000000,2.0138
1623266312251000,1,647.01390423,2.0138
1623266352768000,1,268.66022647,2.0293
1623266839307000,1,414.77384000,2.0252
1623266839307000,1,101.62831663,2.0252
1623266839307000,1,200.00000000,2.0252
1623266839307000,1,160.18079440,2.0242
1623266839307000,1,161.37680230,2.0232
1623266839307000,1,677.27014414,2.0065
1623267407179000,0,122.07070662,2.0431
1623267820970000,0,160.50269968,2.0456
1623267820970000,0,94.13446650,2.0466
1623267820970000,0,338.63507207,2.0758
1623267820970000,0,277.50969617,2.0759
1623267820970000,0,327.48957098,2.1358
1623267820970000,0,628.00000000,2.1359
1623267820970000,0,96.38856871,2.1359
1623267955582000,1,122.76272707,2.0297
1623268098843000,1,121.80000000,2.0300
1623268177242000,1,48.30000000,2.0302
1623268609393000,1,53.96808625,2.0326
1623269673758000,0,26.98404312,2.1207
1623269673758000,0,75.62740846,2.1207
1623270544619000,1,241.29200902,2.0249
1623270544619000,1,278.75631880,2.0249
1623270544849000,0,271.44350337,2.0249
1623270565367000,0,16.10940000,2.0249
1623270575847000,0,121.00000000,2.0249
1623270585200000,0,121.50000000,2.0249
1623270611192000,0,121.00000000,2.0249
1623270619927000,0,121.70000000,2.0249
1623270655239000,0,121.70000000,2.0249
1623270671611000,0,121.10000000,2.0249
1623270685108000,0,121.60000000,2.0249
1623270707237000,0,121.10000000,2.0249
1623270720238000,0,121.60000000,2.0249
1623270741793000,0,121.20000000,2.0249
1623270754846000,0,121.50000000,2.0249
1623270777524000,0,121.20000000,2.0249
1623270790025000,0,121.50000000,2.0249
1623270812624000,0,121.20000000,2.0249
1623270825145000,0,121.70000000,2.0249
1623270847506000,0,121.00000000,2.0249
1623270860315000,0,121.30000000,2.0249
1623270894864000,0,121.50000000,2.0249
1623270924953000,0,121.70000000,2.0249
1623270960138000,0,121.60000000,2.0249
1623270995226000,0,121.70000000,2.0249
1623271125354000,0,121.70000000,2.0249
1623271151585000,0,168.45336304,2.0249
1623271182400000,0,329.66664849,2.0249
1623271182877000,0,160.42367867,2.0249
1623271217771000,0,187.31750000,2.0249
1623271220638000,0,360.50569400,2.0249
1623271251020000,0,414.81276000,2.0249
1623271253884000,0,168.45867749,2.0249
1623271254455000,0,179.83491633,2.0249
1623271254825000,0,179.81650414,2.0249
1623271258139000,0,225.68637494,2.0249
1623271261964000,0,628.00000000,2.0249
1623271283023000,0,628.00000000,2.0249
1623271284448000,0,414.82505000,2.0249
1623271285626000,0,414.70013000,2.0249
1623271286736000,0,180.32664709,2.0249
1623271286741000,0,49.38466705,2.0249
1623271286751000,0,180.32664709,2.0249
1623271286767000,0,35.02583806,2.0249
1623271287547000,0,628.00000000,2.0249
1623271288293000,0,49.38466705,2.0249
1623271291936000,0,179.83668450,2.0249
1623271298282000,0,164.49178000,2.0249
1623271298663000,0,628.00000000,2.0249
1623271305517000,0,24.29368364,2.0249
1623271306517000,0,49.38466705,2.0249
1623271307291000,0,49.38466705,2.0249
1623271308029000,0,49.38466705,2.0249
1623271308759000,0,49.38466705,2.0249
1623271308843000,0,180.18358722,2.0249
1623271309207000,0,180.07015232,2.0249
1623271309407000,0,179.79880822,2.0249
1623271309537000,0,49.38466705,2.0249
1623271310378000,0,49.38466705,2.0249
1623271311006000,0,327.42100375,2.0249
1623271629132000,0,172.78554100,2.0294
1623271631021000,0,370.94143115,2.0304
1623273542853000,1,16.09317910,2.0220
1623273750039000,0,170.49553013,2.0179
1623273755084000,0,172.14120482,2.0189
1623280192331000,0,50.00000000,2.0657
1623280489592000,1,273.53608884,2.0590
1623280567439000,0,167.81004726,2.0665
1623280567439000,0,175.30319364,2.0675
1623280567581000,1,471.49802696,2.0694
1623280570168000,1,34.74419528,2.0694
1623280678718000,0,146.78555000,2.0730
1623280718269000,0,164.91430101,2.0741
1623280745060000,1,51.81506337,2.0741
1623280933567000,1,163.25938284,2.0559
1623280933817000,0,164.03658515,2.0559
1623280933900000,0,48.64073467,2.0559
1623280934837000,0,48.64073467,2.0559
1623280935638000,0,48.64073467,2.0559
1623280936435000,0,48.64073467,2.0559
1623280937231000,0,48.64073467,2.0559
1623280939366000,0,48.64073467,2.0559
1623280941390000,0,48.64073467,2.0559
1623280943336000,0,48.64073467,2.0559
1623280943963000,0,48.64073467,2.0559
1623280944633000,0,18.08318265,2.0559
1623280945315000,0,0.73619049,2.0559
1623280947393000,0,41.94269505,2.0559
1623280948037000,0,18.08318265,2.0559
1623281212880000,1,165.46733023,2.0527
1623281216785000,0,173.14069714,2.0527
1623281221231000,0,48.71679950,2.0527
1623281221935000,0,48.71679950,2.0527
1623281225114000,0,0.38102810,2.0527
1623282918887000,1,179.32931683,2.0807
