timestamp ms,type,amount,price
1628469319573000,1,28.37500000,1.6456
1628469319573000,1,28.09100000,1.6452
1628469520998000,1,241.21100000,1.6481
1628469537333000,1,87.03100000,1.6492
1628469537748000,1,101.53700000,1.6489
1628469695112000,1,44.64900000,1.6422
1628469696663000,1,53.48100000,1.6418
1628469761731000,1,101.95000000,1.6384
1628469761731000,1,3.15299190,1.6381
1628469765200000,1,101.94999665,1.6381
1628469778819000,0,22.75600000,1.6355
1628470439545000,0,85.79400000,1.6257
1628470439882000,0,36.20600000,1.6257
1628470469355000,0,20.36700000,1.6250
1628470620114000,0,28.22300000,1.6238
1628470808820000,0,110.91900000,1.6206
1628470809183000,0,11.08100000,1.6206
1628470837264000,0,54.00500000,1.6204
1628470837627000,0,62.13500000,1.6204
1628470875169000,0,121.99998551,1.6192
1628470986014000,0,122.00000000,1.6237
1628471016002000,0,122.00000000,1.6239
1628471046270000,0,122.00000000,1.6240
1628471046366000,1,53.65100000,1.6269
1628471050131000,1,152.66900000,1.6266
1628471205077000,0,121.99998551,1.6201
1628471245851000,0,45.46880000,1.6162
1628471427263000,1,34.58200000,1.6171
1628471427263000,1,38.90500000,1.6168
1628471427263000,1,0.05271000,1.6055
1628471552078000,1,32.54100000,1.6118
1628471552078000,1,28.85100000,1.6115
1628471552078000,1,0.04353000,1.6038
1628471652858000,1,28.10300000,1.6088
1628471652858000,1,35.81520000,1.5976
1628472268272000,1,94.09600000,1.6204
1628472268272000,1,92.23300000,1.6201
1628472268272000,1,0.20360000,1.6120
1628472346060000,1,397.76400000,1.6206
1628472346060000,1,170.23598717,1.6203
1628472411663000,1,98.77100000,1.6230
1628472411663000,1,0.09010000,1.6227
1628472465581000,1,61.86522000,1.6131
1628472489328000,1,32.56200000,1.6236
1628472489328000,1,38.55100000,1.6233
1628472489328000,1,0.06699000,1.6110
1628472669042000,1,45.25900000,1.6195
1628472669042000,1,33.45300000,1.6192
1628472669042000,1,0.06184000,1.6087
1628473578838000,0,20.61200000,1.6188
1628473790303000,1,134.58158100,1.6285
1628473814069000,1,9.80441900,1.6285
1628473814827000,0,60.91800000,1.6281
1628473815221000,0,35.99856937,1.6281
1628473815221000,0,13.84343063,1.6283
1628474084704000,0,26.93900000,1.6207
1628474085130000,0,20.74100000,1.6207
1628474234619000,0,38.09900000,1.6150
1628474234959000,0,49.61700000,1.6150
1628474690243000,1,125.03299374,1.6215
1628474690297000,1,0.00000626,1.6215
1628474690297000,1,149.76398338,1.6212
1628474868755000,1,223.09398790,1.6134
1628474868760000,1,4.50601210,1.6134
1628474891855000,1,223.09398790,1.6131
1628475079747000,1,182.35500000,1.6142
1628475079812000,1,131.16700000,1.6139
1628475291214000,1,126.55299181,1.6196
1628475396315000,1,53.16400000,1.6224
1628475396315000,1,66.30600000,1.6221
1628475772847000,1,21.93500000,1.6181
1628475772847000,1,100.06500000,1.6149
1628475984353000,1,97.02100000,1.6225
1628475984353000,1,24.54698260,1.6222
1628476015529000,0,57.97400000,1.6218
1628476015878000,0,54.59600000,1.6218
1628476471068000,1,41.71100000,1.6292
1628476471068000,1,53.08700000,1.6288
1628476471068000,1,0.05431000,1.6197
1628476733087000,1,44.96700000,1.6224
1628476733087000,1,44.96700000,1.6220
1628476733087000,1,22.48300000,1.6217
1628476733087000,1,9.58300000,1.6190
1628477182537000,0,51.70500000,1.6246
1628477182906000,0,63.54100000,1.6246
1628477550310000,1,188.86300000,1.6233
1628477550507000,1,188.86400000,1.6230
1628477819483000,1,139.46099147,1.6218
1628477822291000,1,38.03500853,1.6218
1628477822291000,1,139.46100000,1.6214
1628477822291000,1,0.13066147,1.6131
1628478006339000,1,27.29000000,1.6223
1628478006339000,1,0.01389000,1.6220
1628478241916000,0,122.00000000,1.6214
1628478243400000,1,36.01800000,1.6229
1628478243400000,1,104.27618100,1.6226
1628478267157000,0,35.94900000,1.6240
1628478267509000,0,33.38100000,1.6240
1628478424325000,1,103.03298420,1.6202
1628478555905000,1,40.09700000,1.6245
1628478555905000,1,31.77500000,1.6241
1628478555905000,1,0.07821000,1.6156
1628478727319000,0,82.66600000,1.6226
1628478727664000,0,39.33400000,1.6226
1628478738317000,1,55.77600000,1.6228
1628478891773000,1,83.03700000,1.6219
1628478891773000,1,78.20100000,1.6216
1628478891773000,1,0.20283000,1.6102
1628479140048000,0,27.75300000,1.6207
1628479140443000,0,31.45400000,1.6207
1628479473115000,0,75.53400000,1.6215
1628479505057000,0,32.79100000,1.6208
1628479505424000,0,29.95400000,1.6208
1628479506334000,1,63.09423000,1.6131
1628479962214000,0,88.35100000,1.6258
1628479973246000,1,63.97800000,1.6257
1628479973246000,1,0.03310000,1.6181
1628480818718000,1,22.13000000,1.6366
1628480818718000,1,22.57800000,1.6363
1628480818718000,1,0.05110000,1.6264
1628481051521000,1,101.94899350,1.6297
1628481051589000,1,17.99100650,1.6297
1628481056352000,1,101.94900000,1.6294
1628481228574000,1,26.78100000,1.6301
1628481228574000,1,1.12820133,1.6298
1628481494038000,0,79.03000000,1.6317
1628481523149000,1,94.66300000,1.6315
1628481523149000,1,0.04757000,1.6247
1628481774178000,1,24.62200000,1.6356
1628481774178000,1,26.02100000,1.6352
1628481774178000,1,71.35700000,1.6269
1628482371913000,0,80.78900000,1.6295
1628482382919000,1,76.08400000,1.6294
1628482531910000,1,47.70400000,1.6309
1628482531910000,1,0.02613000,1.6306
1628482553763000,0,23.36400000,1.6304
1628482554321000,0,27.98600000,1.6304
1628482557768000,1,35.99095000,1.6231
1628482965573000,0,74.20700000,1.6291
1628482970157000,1,51.56700000,1.6290
1628483597850000,0,33.11800000,1.6401
1628483598789000,1,29.59400000,1.6400
1628483750813000,1,37.45200000,1.6413
1628484024828000,0,76.87300000,1.6377
1628484024828000,0,3.27200000,1.6381
1628484025223000,0,93.21200000,1.6381
1628484358840000,0,86.57200000,1.6394
1628484359201000,0,35.42800000,1.6394
1628484359709000,1,47.71600000,1.6394
1628484701269000,1,84.03400000,1.6426
1628484701269000,1,28.14483000,1.6423
1628484865001000,1,20.69200000,1.6393
1628485384685000,1,193.87099500,1.6416
1628485384686000,1,180.25800500,1.6416
1628485385028000,0,193.87099500,1.6416
1628485399774000,1,303.74799389,1.6412
1628485440211000,0,33.07100000,1.6432
1628485440557000,0,24.27200000,1.6432
1628485766993000,1,55.42200000,1.6485
1628485793069000,1,66.77300000,1.6482
1628485842561000,1,105.39199383,1.6452
1628485958803000,1,122.16300000,1.6474
1628485984406000,0,49.38600000,1.6484
1628485985363000,1,47.64300000,1.6482
1628485986010000,0,18.51574709,1.6362
1628486555598000,1,20.68000000,1.6458
1628486860627000,0,36.96500000,1.6449
1628486860983000,0,46.10300000,1.6449
1628487343402000,1,38.81200000,1.6444
1628489042386000,1,21.04200000,1.6430
1628489042386000,1,20.62100000,1.6427
1628491943955000,0,72.02200000,1.6257
1628491944297000,0,45.97800000,1.6257
1628492309270000,1,62.47600000,1.6442
1628492309270000,1,0.50573000,1.6439
1628492333862000,1,29.55800000,1.6562
1628492361244000,1,26.87100000,1.6559
1628492791262000,1,61.12300000,1.6463
1628492791262000,1,0.62219000,1.6460
1628492816714000,1,31.03200000,1.6572
1628492858928000,1,26.25196000,1.6238
1628495273711000,1,60.45072022,1.6344
1628496429289000,1,100.00000000,1.6392
1628496852516000,1,100.00000000,1.6396
1628497363405000,1,102.59900000,1.6471
1628497395663000,1,48.09000000,1.6475
1628497395663000,1,0.02848000,1.6472
1628497424748000,1,29.74500000,1.6477
1628497424748000,1,0.01795000,1.6474
1628497449138000,1,29.41405000,1.6474
1628497449138000,1,0.02683000,1.6366
1628498428587000,1,32.81000000,1.6589
1628498428587000,1,18.16133000,1.6585
1628498723085000,0,53.46400000,1.6567
1628498723428000,0,61.51400000,1.6567
1628499093216000,1,29.43700000,1.6593
1628499093216000,1,25.58600000,1.6589
1628499093216000,1,97.57700000,1.6560
1628499098177000,1,76.30000000,1.6560
1628499102697000,1,66.30000000,1.6560
1628499720433000,1,177.99999397,1.6560
1628500508347000,0,21.79827304,1.6556
1628501268532000,1,31.11500000,1.6816
1628501268532000,1,0.03022000,1.6813
1628501425751000,1,17.25874000,1.6791
1628501437551000,0,36.20300000,1.6805
1628501437898000,0,41.65500000,1.6805
1628501770596000,1,43.80000000,1.6756
1628501772194000,1,70.90500000,1.6756
1628501772194000,1,56.83498819,1.6753
1628501773311000,1,296.38570432,1.6756
1628501775563000,1,0.00000934,1.6756
1628501775563000,1,70.90501181,1.6753
1628501775563000,1,4.59497885,1.6688
1628501780564000,1,75.50000000,1.6677
1628501785606000,1,75.50000000,1.6684
1628501947116000,1,43.86700000,1.6818
1628501947116000,1,42.88100000,1.6815
1628501947116000,1,0.07134000,1.6722
1628502278734000,0,18.77202939,1.6713
1628502278734000,0,17.23848499,1.6721
1628502739201000,1,119.36500000,1.6917
1628502821381000,0,45.42400000,1.6933
1628502821725000,0,56.65300000,1.6933
1628503130530000,0,36.61900000,1.6887
1628503130887000,0,29.22500000,1.6887
1628503761901000,1,41.21600000,1.7004
1628503761901000,1,29.84600000,1.7001
1628503820926000,0,69.84100000,1.6988
1628503821326000,0,52.15900000,1.6988
1628503837292000,1,35.93600000,1.6994
1628503837292000,1,0.03684000,1.6886
1628504407756000,1,149.70000000,1.6867
1628504413042000,1,74.80000000,1.6867
1628504417877000,1,2.85800000,1.6867
1628504417877000,1,65.04200000,1.6864
1628504427804000,1,43.60000000,1.6891
1628504479683000,0,17.00000000,1.6909
1628504514767000,1,186.17700000,1.7056
1628504514837000,1,36.82500000,1.7056
1628504515112000,1,186.17700000,1.7053
1628505066272000,1,19.47051000,1.6995
1628505097204000,1,29.54900000,1.7094
1628505097204000,1,27.50747000,1.7090
1628505788964000,1,19.71418000,1.7064
1628505810633000,1,19.75318000,1.7129
1628505834435000,1,1.92082000,1.7129
1628505834435000,1,17.94454000,1.7125
1628505906133000,1,122.00000000,1.7113
1628505995052000,1,100.00000000,1.7032
1628506181123000,1,147.90000000,1.7131
1628506181885000,1,148.00000000,1.7131
1628506185471000,1,74.00000000,1.7142
1628506192412000,1,74.00000000,1.7147
1628506195504000,1,73.90000000,1.7126
1628506196929000,1,74.00000000,1.7141
1628506202458000,1,74.00000000,1.7127
1628506235677000,1,73.80000000,1.7130
1628506240306000,1,73.80000000,1.7140
1628506241683000,1,74.00000000,1.7129
1628506245663000,1,73.80000000,1.7142
1628506246886000,1,68.70000000,1.7142
1628506250208000,1,73.80000000,1.7149
1628506255278000,1,73.80000000,1.7154
1628507600385000,1,43.10000000,1.7305
1628507775511000,1,73.10000000,1.7279
1628507989427000,1,122.00000000,1.7323
1628507989427000,1,24.50000000,1.7243
1628507995658000,1,43.10000000,1.7320
1628508088277000,1,50.00000000,1.7323
1628508092799000,1,50.00000000,1.7328
1628508146029000,1,73.00000000,1.7324
1628508151107000,1,73.00000000,1.7306
1628508155976000,1,73.00000000,1.7309
1628508161809000,1,69.70000000,1.7310
1628508314264000,1,73.00000000,1.7277
1628509477046000,1,43.20000000,1.7242
1628509482057000,1,43.20000000,1.7245
1628509492700000,1,43.20000000,1.7246
1628509504254000,1,43.20000000,1.7247
1628509917516000,1,43.20000000,1.7273
1628509922220000,1,43.20000000,1.7280
1628509927540000,1,73.20000000,1.7281
1628509938404000,1,43.10000000,1.7270
1628509942994000,1,73.20000000,1.7268
1628509948477000,1,73.20000000,1.7274
1628509953442000,1,73.20000000,1.7269
1628509957896000,1,26.30000000,1.7249
1628510283494000,0,53.28200000,1.7259
1628511925861000,0,59.49400000,1.7201
1628511926211000,0,44.88200000,1.7201
1628513548990000,1,65.29300000,1.7279
1628513549249000,0,44.44400000,1.7272
1628514120998000,1,35.10200000,1.7304
1628514120998000,1,35.89900000,1.7301
1628514120998000,1,75.69900000,1.7234
1628514126057000,1,73.30000000,1.7240
1628514131000000,1,69.40000000,1.7236
1628514283509000,1,100.00000000,1.7212
1628514982437000,0,41.01400000,1.7292
1628514982770000,0,41.01400000,1.7292
1628516038985000,1,26.52600000,1.7301
1628516039311000,0,31.77300000,1.7283
1628516763704000,1,33.14700000,1.7258
1628516763873000,0,44.87000000,1.7254
1628518751855000,0,50.73300000,1.7202
1628518752201000,0,53.01300000,1.7202
1628519370939000,1,25.43282660,1.7076
1628521226877000,0,26.82403434,1.7035
1628521227500000,0,8.87696566,1.7035
1628521305424000,0,29.61900000,1.7036
1628521305424000,0,36.93200000,1.7053
1628521363670000,0,22.74600000,1.7054
1628521363670000,0,23.74900000,1.7054
1628522012911000,1,43.20000000,1.7200
1628522142583000,1,43.20000000,1.7229
1628522147708000,1,73.40000000,1.7230
1628522312639000,1,43.20000000,1.7259
1628522327768000,1,43.20000000,1.7249
1628522702727000,1,73.20000000,1.7272
1628522883002000,1,73.10000000,1.7290
1628522893126000,1,73.10000000,1.7291
1628522898076000,1,73.00000000,1.7291
1628522903789000,1,69.70000000,1.7291
1628522992634000,0,90.85000000,1.7307
1628523016741000,0,200.00000000,1.7312
1628523033175000,1,43.10000000,1.7325
1628523054466000,1,43.10000000,1.7325
1628523263806000,1,42.80000000,1.7526
1628523266800000,1,144.40000000,1.7526
1628523268207000,1,72.20000000,1.7526
1628523271717000,1,72.20000000,1.7556
1628523276764000,1,72.20000000,1.7568
1628523282427000,1,72.10000000,1.7562
1628523287032000,1,72.10000000,1.7552
1628523333383000,1,72.00000000,1.7558
1628523338911000,1,71.90000000,1.7552
1628523343418000,1,71.90000000,1.7550
1628523349680000,1,70.80000000,1.7554
1628523364733000,1,42.80000000,1.7550
1628525447878000,1,24.66200000,1.7376
1628525448629000,1,21.00800000,1.7373
1628533190183000,0,28.12700000,1.7327
1628534078414000,0,71.80600000,1.7315
1628534083623000,0,65.17300000,1.7317
1628534306707000,0,57.57500000,1.7334
1628534322203000,0,88.17600000,1.7336
1628535074318000,0,113.94471859,1.7509
1628535781003000,0,119.00000000,1.7502
1628535781003000,0,161.00000000,1.7561
1628539083169000,0,60.96100000,1.7221
1628539089380000,0,29.60400000,1.7221
1628539119437000,0,55.26500000,1.7227
1628539121492000,1,50.45200000,1.7249
1628539121841000,1,35.06000000,1.7252
1628539221756000,1,118.36345700,1.7305
1628540529405000,1,42.90000000,1.7493
1628540533754000,1,72.20000000,1.7493
1628540538816000,1,72.20000000,1.7493
1628540544458000,1,72.20000000,1.7498
1628540548924000,1,27.70000000,1.7498
1628542270466000,0,44.38200000,1.7183
1628542298230000,0,35.53400000,1.7183
1628542303833000,0,41.79800000,1.7201
1628547227514000,1,43.39600000,1.7304
1628547229992000,1,30.83400000,1.7301
1628549300383000,0,18.41947544,1.7466
1628550996157000,1,42.90000000,1.7509
1628551001886000,1,72.20000000,1.7526
1628551006219000,1,72.20000000,1.7522
1628551011830000,1,72.20000000,1.7525
1628551016262000,1,70.50000000,1.7527
1628552459154000,1,137.78500000,1.7450
1628552472174000,1,143.38768901,1.7446
1628552480510000,0,29.33000000,1.7448
1628552480874000,0,28.75000000,1.7445
1628552692704000,0,29.59000000,1.7412
