timestamp ms,type,amount,price
1628643217771000,0,64.10800000,1.7745
1628645022567000,0,55.71300000,1.7747
1628645022567000,0,72.69000000,1.7748
1628645043703000,0,55.71300000,1.7748
1628645057795000,1,42.50000000,1.7758
1628645109658000,0,50.89200000,1.7766
1628645109658000,0,99.84298548,1.7767
1628645378133000,1,71.00000000,1.7804
1628645381967000,1,13.19700000,1.7804
1628645381967000,1,57.80300000,1.7801
1628645421947000,1,42.50000000,1.7806
1628645425935000,1,42.50000000,1.7807
1628645466127000,1,71.00000000,1.7805
1628645472409000,1,71.00000000,1.7805
1628645484363000,1,42.50000000,1.7795
1628647384034000,1,42.50000000,1.7805
1628647388444000,1,42.50000000,1.7804
1628647739164000,0,32.63000000,1.7835
1628652202159000,1,42.50000000,1.7794
1628652276573000,0,66.24600000,1.7796
1628652293072000,0,30.23200000,1.7798
1628652326615000,0,48.81300000,1.7815
1628652877707000,1,42.40000000,1.7847
1628652953444000,0,56.97400000,1.7877
1628653283912000,0,79.52200000,1.7892
1628653597715000,1,42.40000000,1.7902
1628653636898000,0,70.42900000,1.7908
1628653660421000,0,42.33700000,1.7914
1628653672938000,1,70.50000000,1.7924
1628653678019000,1,70.50000000,1.7924
1628653682512000,1,70.50000000,1.7924
1628655285989000,0,175.52400000,1.7947
1628655330017000,1,140.60000000,1.7977
1628655336012000,1,42.30000000,1.7977
1628655347603000,1,42.30000000,1.7967
1628655436205000,0,200.00000000,1.8038
1628655436205000,0,269.19567880,1.8038
1628655816350000,1,42.30000000,1.7986
1628656041845000,1,42.20000000,1.8006
1628656052677000,1,42.20000000,1.8012
1628656176514000,1,42.20000000,1.8032
1628656201339000,1,70.00000000,1.8045
1628656206566000,1,70.00000000,1.8046
1628656211406000,1,70.00000000,1.8048
1628656655818000,0,253.84315174,1.7932
1628656655884000,0,13.57984826,1.7932
1628656792151000,0,76.56700000,1.7942
1628656792419000,0,81.70200000,1.7946
1628656850579000,0,76.56700000,1.7962
1628656856443000,0,89.21500000,1.7965
1628657093229000,0,44.85400000,1.7996
1628657120436000,0,54.82200000,1.8015
1628657211838000,1,42.20000000,1.8032
1628658011430000,0,49.22300000,1.8048
1628658011430000,0,181.59000000,1.8051
1628658497822000,0,71.27594855,1.8035
1628658499960000,0,101.50905144,1.8035
1628658516610000,0,0.00000001,1.8035
1628658516610000,0,252.99732979,1.8038
1628658544134000,0,45.36467021,1.8038
1628659259211000,0,253.09431539,1.8022
1628659264555000,0,239.88668461,1.8022
1628659337402000,0,252.83791454,1.8042
1628659477106000,0,202.22200000,1.8042
1628659477116000,0,0.00008546,1.8042
1628659477116000,0,79.74400000,1.8047
1628659644333000,1,42.20000000,1.8066
1628659957576000,0,49.22700000,1.8060
1628659957576000,0,40.73600000,1.8062
1628660035229000,1,42.20000000,1.8062
1628660037753000,0,49.22700000,1.8062
1628660156803000,1,42.10000000,1.8093
1628660169849000,1,42.10000000,1.8086
1628660195270000,1,42.10000000,1.8087
1628660220020000,1,42.10000000,1.8101
1628660233801000,1,42.10000000,1.8096
1628660240598000,1,69.80000000,1.8098
1628660245894000,1,69.80000000,1.8098
1628660250627000,1,69.80000000,1.8098
1628660255607000,1,30.70000000,1.8098
1628660425636000,1,69.70000000,1.8119
1628660431430000,1,69.70000000,1.8120
1628660435909000,1,69.70000000,1.8121
1628660440886000,1,69.70000000,1.8122
1628660791415000,0,109.68787623,1.8190
1628661627145000,1,42.10000000,1.8158
1628661632906000,1,42.10000000,1.8159
1628661644720000,1,42.00000000,1.8176
1628661666702000,1,212.76600000,1.8181
1628661667004000,0,34.05360217,1.8167
1628661667004000,0,211.80939783,1.8176
1628661670750000,1,42.00000000,1.8127
1628661676327000,1,69.50000000,1.8128
1628662167945000,1,42.00000000,1.8154
1628662172118000,1,42.00000000,1.8155
1628662190387000,1,42.00000000,1.8162
1628663114510000,0,230.95000000,1.8157
1628663114877000,0,9.95280894,1.8157
1628663119819000,1,186.78419106,1.8171
1628663320489000,1,42.00000000,1.8173
1628663341804000,1,42.00000000,1.8182
1628663955035000,1,42.00000000,1.8214
1628664509240000,0,107.88800000,1.8069
1628664513210000,0,106.61899999,1.8088
1628664580938000,0,0.00000001,1.8088
1628664879466000,1,42.00000000,1.8267
1628664889907000,0,161.26652871,1.8290
1628664900619000,1,42.00000000,1.8280
1628664911451000,1,42.00000000,1.8268
1628664914064000,1,69.20000000,1.8268
1628665482728000,0,114.05764023,1.8290
1628665483590000,0,96.62750000,1.8290
1628666008116000,0,0.00001827,1.8290
1628666228126000,0,252.26917278,1.8390
1628666228216000,0,252.27762958,1.8390
1628666228231000,0,252.27762958,1.8390
1628666275077000,1,137.40000000,1.8388
1628666279981000,1,68.70000000,1.8381
1628666285069000,1,68.70000000,1.8383
1628666303375000,1,47.10000000,1.8358
1628666400008000,0,133.46989512,1.8380
1628667695527000,1,57.78203855,1.8465
1628667695574000,1,66.21796145,1.8465
1628667695667000,1,36.49122980,1.8458
1628667987905000,0,56.64217380,1.8404
1628667987922000,0,49.03482620,1.8404
1628668032543000,0,139.18400000,1.8424
1628668350013000,0,49.16800000,1.8243
1628668350013000,0,59.56200000,1.8249
1628668482643000,0,49.16800000,1.8249
1628668482643000,0,41.05300000,1.8262
1628668482946000,0,58.68460000,1.8269
1628668483265000,0,53.44340000,1.8269
1628668821240000,0,50.40800000,1.8299
1628668821240000,0,363.76100000,1.8301
1628668829028000,0,34.92937940,1.8301
1628668858784000,0,15.47862060,1.8301
1628668858784000,0,35.06600000,1.8319
1628668858784000,0,255.58137940,1.8321
1628668858922000,0,50.54462060,1.8321
1628669050244000,1,200.00000000,1.8330
1628669713068000,0,61.48400000,1.8189
1628669734292000,0,67.27100000,1.8208
1628669734302000,0,20.28100000,1.8209
1628669809049000,0,23.33400000,1.8229
1628669809049000,0,26.78600000,1.8230
1628670100419000,1,254.19035095,1.8128
1628670100422000,1,209.18121905,1.8128
1628670100422000,1,45.00913190,1.8128
1628670100425000,1,254.19035095,1.8128
1628670100425000,1,164.17720715,1.8128
1628670100425000,1,90.01314380,1.8125
1628670100429000,1,33.98685620,1.8125
1628670320815000,0,406.14000000,1.8062
1628670402420000,0,58.36700000,1.8067
1628670425088000,0,185.43600000,1.8071
1628670429934000,0,165.82200000,1.8090
1628670610178000,0,91.54300000,1.8158
1628670693412000,0,42.68399999,1.8168
1628671037085000,1,44.95599999,1.8184
1628671037124000,1,0.00000001,1.8184
1628671037124000,1,59.07100000,1.8181
1628671401446000,1,211.50800000,1.8194
1628671402041000,1,204.29700000,1.8191
1628671549475000,1,23.95200000,1.8221
1628671549475000,1,31.43700000,1.8217
1628672312277000,1,26.27799999,1.8230
1628672312280000,1,0.00000001,1.8230
1628673807612000,0,200.00000000,1.8050
1628674303818000,0,223.26000000,1.8151
1628674331734000,0,26.81799999,1.8163
1628674331737000,0,0.00000001,1.8163
1628674415930000,0,71.79456486,1.8169
1628674415977000,0,43.18943514,1.8169
1628674428258000,0,30.26299999,1.8178
1628674471090000,0,54.18000000,1.8175
1628674704796000,0,37.55500000,1.8182
1628674736786000,0,34.51100000,1.8190
1628675459995000,0,41.66199999,1.8217
1628675532552000,0,29.34000000,1.8219
1628675677499000,0,200.00000000,1.8207
1628675699462000,1,89.99999999,1.8199
1628676641006000,1,35.41799999,1.8217
1628676641027000,1,0.00000001,1.8217
1628676641027000,1,34.21100000,1.8213
1628677195599000,1,13.98180000,1.8304
1628677220456000,1,22.29400000,1.8316
1628677220456000,1,25.64999999,1.8312
1628677220456000,1,0.00000001,1.8312
1628677696063000,1,59.89068297,1.8160
1628677696063000,1,149.45205473,1.8160
1628677700976000,1,51.64289687,1.8160
1628677700976000,1,127.31995804,1.8160
1628677704184000,1,21.33224966,1.8160
1628677704184000,1,55.44976946,1.8160
1628679232776000,0,31.35100000,1.8312
1628679684997000,0,38.20000000,1.8295
1628679684997000,0,80.08799999,1.8297
1628679707250000,0,0.00000001,1.8297
1628679707250000,0,29.41100000,1.8315
1628679707433000,0,75.42199999,1.8317
1628679713679000,0,39.89000000,1.8303
1628680519335000,0,54.72448219,1.8393
1628680527499000,0,41.02897282,1.8393
1628681404211000,0,55.86158616,1.8360
1628682736207000,0,92.51700000,1.8033
1628682741393000,0,90.68600000,1.8053
1628682785848000,1,23.33000000,1.8077
1628682785848000,1,20.27900000,1.8073
1628682967217000,1,20.52400000,1.8059
1628682967217000,1,22.85599999,1.8055
1628682967245000,1,0.00000001,1.8055
1628683088973000,1,232.20700000,1.8078
1628683088973000,1,22.00097053,1.8075
1628683088974000,1,210.20602947,1.8075
1628683464354000,1,25.11500000,1.8010
1628683464354000,1,20.13700000,1.8007
1628683785521000,1,48.96900000,1.8033
1628683785521000,1,36.94200000,1.8029
1628684170036000,1,88.38699999,1.8039
1628684170056000,1,0.00000001,1.8039
1628685031539000,0,33.31985240,1.8084
1628685718981000,0,109.83007715,1.8358
1628685719091000,0,192.54192285,1.8358
1628686453181000,0,200.00000000,1.8418
1628686517952000,0,102.88716650,1.8518
1628686649825000,0,200.00000000,1.8595
1628686951916000,0,200.00000000,1.8513
1628687054629000,1,235.37491405,1.8638
1628687657634000,0,248.44263851,1.8583
1628687657639000,0,205.70507149,1.8583
1628687756404000,0,27.41300000,1.8597
1628688105358000,0,163.62900000,1.8647
1628688113787000,0,116.07799999,1.8667
1628688113813000,0,0.00000001,1.8667
1628689303295000,0,97.10300000,1.8598
1628689650566000,0,86.09300000,1.8590
1628689650566000,0,13.90700000,1.8610
1628689759546000,0,33.57500000,1.8584
1628689847943000,0,22.85400000,1.8604
1628689847943000,0,23.50900000,1.8605
1628691072609000,0,26.49800000,1.8547
1628691170395000,0,21.35300000,1.8602
1628691170395000,0,100.00000000,1.8605
1628692740915000,1,35.12586242,1.8657
1628693056493000,0,175.99225974,1.8742
1628693056493000,0,24.00774026,1.8742
1628693436031000,1,129.64300000,1.8706
1628693436031000,1,119.76639117,1.8702
1628693436034000,1,14.01360883,1.8702
1628693780175000,1,10.74728169,1.8615
1628693830713000,1,34.01000000,1.8650
1628693830713000,1,33.61500000,1.8646
1628693988747000,1,35.88500000,1.8631
1628693988747000,1,34.47900000,1.8628
1628694159328000,1,53.75700000,1.8537
1628694159328000,1,38.92700000,1.8533
1628694934644000,0,25.01876408,1.8648
1628694936550000,0,25.01876408,1.8647
1628694938691000,0,25.01876408,1.8647
1628695292957000,0,25.05010021,1.8628
1628695295538000,0,25.04382671,1.8628
1628695296265000,0,25.04382671,1.8628
1628695296839000,0,25.03755634,1.8628
1628695297386000,0,25.03755634,1.8628
1628695299551000,0,25.03755634,1.8629
1628695368783000,0,25.06893959,1.8601
1628695570076000,0,25.01876408,1.8640
1628695816279000,0,25.02502504,1.8643
1628695821381000,0,25.02502504,1.8642
1628695824705000,0,25.02502504,1.8641
1628695826526000,0,25.02502504,1.8641
1628695827272000,0,25.02502504,1.8641
1628695827871000,0,25.02502504,1.8641
1628695828473000,0,25.02502504,1.8641
1628695830459000,0,25.02502504,1.8641
1628695830976000,0,25.02502504,1.8641
1628695831460000,0,25.02502504,1.8641
1628695832578000,0,25.02502504,1.8641
1628695834186000,0,25.02502504,1.8641
1628695834864000,0,25.02502504,1.8641
1628695835471000,0,25.02502504,1.8641
1628695836083000,0,25.02502504,1.8641
1628695836687000,0,25.02502504,1.8641
1628695837594000,0,25.02502504,1.8641
1628696674985000,0,25.01250626,1.8632
1628696676097000,0,25.00625157,1.8632
1628696677066000,0,25.00625157,1.8632
1628696677778000,0,25.00625157,1.8632
1628696678382000,0,25.00625157,1.8632
1628696679037000,0,25.00625157,1.8632
1628696706970000,1,65.09303650,1.8625
1628696708084000,1,46.22453524,1.8625
1628696708100000,1,250.47169001,1.8625
1628696738352000,1,143.65800000,1.8627
1628696738352000,1,106.97735467,1.8624
1628696738448000,1,34.90664533,1.8624
1628696777126000,1,40.09700000,1.8624
1628696777126000,1,27.86500000,1.8621
1628697005959000,1,114.16474028,1.8452
1628697171975000,1,124.28600000,1.8506
1628697172668000,1,104.02876757,1.8502
1628697176331000,1,50.97923243,1.8502
1628697438175000,1,28.61100000,1.8404
1628697438175000,1,27.94600000,1.8400
1628697459616000,0,454.85510000,1.8424
1628698346489000,1,25.23600000,1.8379
1628698448671000,0,63.76400000,1.8379
1628698634705000,1,171.57300000,1.8479
1628698634705000,1,80.28922048,1.8475
1628698658311000,1,46.07100000,1.8481
1628698677533000,1,32.01600000,1.8477
1628699072285000,1,35.62600000,1.8485
1628699072285000,1,44.53300000,1.8481
1628699072925000,0,44.33500000,1.8472
1628699073263000,0,51.55200000,1.8472
1628699999310000,1,54.79800000,1.8498
1628699999310000,1,46.00999999,1.8495
1628699999334000,1,0.00000001,1.8495
1628700368610000,1,24.61700000,1.8472
1628700802620000,1,28.00699999,1.8419
1628701052747000,1,75.64300000,1.8406
1628701052747000,1,57.06400000,1.8402
1628701150075000,1,81.79928817,1.8423
1628701164942000,1,33.52171183,1.8423
1628701165002000,1,90.60899999,1.8419
1628701165004000,1,0.00000001,1.8419
1628701483465000,1,33.21051100,1.8411
1628701502299000,1,13.48346746,1.8411
1628704473238000,1,130.01800000,1.8593
1628704473238000,1,119.19954955,1.8589
1628704473241000,1,30.39245045,1.8589
1628704817027000,0,350.83970000,1.8732
1628705169199000,1,100.90088079,1.8835
1628705311892000,1,66.84400000,1.8846
1628705311892000,1,75.39400000,1.8842
1628705476667000,0,103.06445100,1.8824
1628705486944000,1,200.00000000,1.8812
1628705546132000,1,199.99999999,1.8833
1628705779281000,0,200.00000000,1.8844
1628705897601000,1,200.00000000,1.8838
1628705990494000,0,11.00000000,1.8856
1628706001380000,1,229.85875605,1.8953
1628706001381000,1,7.47999233,1.8953
1628706001699000,0,135.13949800,1.8944
1628706002897000,0,49.00000000,1.8998
1628706070468000,0,229.85875605,1.8982
1628706302640000,1,153.92800000,1.8998
1628706302659000,1,180.69800000,1.8994
1628706351196000,1,88.20444968,1.8959
1628706355407000,1,243.99823738,1.8959
1628706356709000,1,170.57598847,1.8959
1628706546626000,1,15.67342000,1.9025
1628706575470000,1,15.70181000,1.9026
1628706583592000,1,186.84819000,1.9026
1628706583592000,1,162.40600000,1.9022
1628707276879000,0,32.63000000,1.8947
1628707276879000,0,91.92439100,1.8982
1628707317839000,0,86.30714692,1.8991
1628707317839000,0,158.33859803,1.9001
1628707317843000,0,41.66140197,1.9001
1628707317843000,0,202.98434298,1.9001
1628707317845000,0,12.92684019,1.9001
1628707317946000,0,215.69336057,1.9009
1628707867909000,0,182.99000000,1.8887
1628707905600000,0,71.11600000,1.8921
1628707907110000,0,62.88199999,1.8941
1628709091491000,0,24.73000000,1.8739
1628709694398000,0,200.00000000,1.8727
1628709882628000,1,87.50000000,1.8699
1628710138804000,0,149.99300000,1.8794
1628710189885000,0,21.48700000,1.8797
1628710189885000,0,48.38000000,1.8798
1628711198975000,1,106.21002291,1.8938
1628711199038000,1,200.00000000,1.8933
1628711801260000,0,78.37600000,1.8980
1628711954876000,0,30.47799999,1.8968
1628711955010000,0,0.00000001,1.8968
1628712071801000,0,114.17100000,1.8978
1628712124701000,0,44.04200000,1.8985
1628712321570000,0,32.31999999,1.8994
1628712924384000,1,30.48700000,1.8995
1628712924384000,1,35.45800000,1.8991
1628713766625000,1,86.44099999,1.8993
1628713767162000,1,0.00000001,1.8993
1628713767162000,1,70.72500000,1.8990
1628716039876000,0,68.74608538,1.8348
1628716039876000,0,182.16039214,1.8348
1628716064385000,0,132.17400000,1.8451
1628716072621000,0,133.59600000,1.8470
1628716351810000,0,200.00000000,1.8387
1628716563313000,1,200.00000000,1.8288
1628716667026000,0,96.15700000,1.8279
1628717593964000,0,107.46182681,1.8567
1628717713378000,1,132.02700000,1.8602
1628717814383000,1,73.34100000,1.8601
1628717814383000,1,69.06800000,1.8598
1628718414191000,1,47.69800000,1.8700
1628718415868000,1,47.31400000,1.8715
1628718415868000,1,45.16400000,1.8711
1628719523308000,1,20.21700000,1.8647
1628719534408000,1,53.95700000,1.8584
1628719534408000,1,64.87000000,1.8580
1628720537607000,1,200.00000000,1.8213
1628720537930000,1,107.46182681,1.8180
1628720812935000,0,146.18740000,1.8085
1628720851592000,0,68.40000000,1.8130
1628721330730000,1,91.35900000,1.8195
1628721336393000,1,77.82500000,1.8191
1628721447320000,1,42.27304839,1.8204
1628721519136000,1,58.12799999,1.8207
1628721529652000,1,47.09600000,1.8209
1628721529652000,1,57.56300000,1.8205
1628721748610000,1,90.60000000,1.8253
1628721748610000,1,89.50799999,1.8250
1628721748753000,1,0.00000001,1.8250
1628721748753000,1,38.20600000,1.8246
1628721994666000,1,45.53199999,1.8193
1628721996054000,1,0.00000001,1.8193
1628721996054000,1,50.95300000,1.8190
1628722091020000,1,21.44900000,1.8136
1628722091020000,1,27.29999999,1.8133
1628722100810000,1,26.22999999,1.8138
1628722101804000,1,0.00000001,1.8138
1628722101804000,1,33.44399998,1.8134
1628722280585000,1,72.30900000,1.8130
1628722280786000,1,43.71534447,1.8127
1628722327652000,1,35.57099999,1.8125
1628722333383000,1,0.00000001,1.8125
1628722333383000,1,40.26200000,1.8121
1628722335180000,1,67.40299999,1.8125
1628722396143000,0,30.35900000,1.8123
1628722396480000,0,31.60000000,1.8116
1628722809223000,1,24.67700000,1.8188
1628722809223000,1,26.73400000,1.8185
1628722830488000,0,32.00000000,1.8235
1628723084035000,1,27.05400000,1.8240
1628723084035000,1,9.54259522,1.8236
1628723087579000,1,13.99440478,1.8236
1628723410200000,1,47.92718945,1.8256
1628723413367000,1,26.17081055,1.8256
1628723413623000,1,72.63100000,1.8252
1628723644831000,1,21.66300000,1.8234
1628723656522000,1,20.81400000,1.8231
1628723962793000,1,144.58300000,1.8274
1628723962793000,1,35.65860122,1.8270
1628723967453000,1,115.16699401,1.8278
1628723967955000,1,0.00000599,1.8278
1628723967955000,1,73.17808411,1.8275
1628723968631000,1,15.81491589,1.8275
1628724463427000,1,29.71030458,1.8273
1628724470109000,1,12.06238366,1.8273
1628724478905000,0,291.27700000,1.8270
1628724557654000,1,133.41198470,1.8263
1628724650210000,1,68.58400000,1.8262
1628724650210000,1,63.79900000,1.8258
1628724660375000,1,27.11600000,1.8255
1628725186528000,1,301.73999128,1.8339
1628725190219000,1,0.00000872,1.8339
1628725193543000,1,263.93446400,1.8335
1628725193623000,1,119.20461800,1.8335
1628725433982000,1,136.20192752,1.8400
1628725553953000,1,68.73500000,1.8401
1628725553953000,1,67.13530364,1.8397
1628725731377000,1,60.70651401,1.8293
1628726034130000,1,135.83191615,1.8443
1628726172755000,1,108.54299043,1.8458
1628726274136000,1,97.00400000,1.8422
1628726274136000,1,38.44156171,1.8419
1628726443670000,1,87.81700000,1.8458
1628726511272000,0,181.90555932,1.8473
1628726709859000,1,117.34500000,1.8612
1628726710706000,0,172.05700000,1.8611
1628726713619000,1,122.05900000,1.8610
1628727918228000,1,25.84727270,1.8614
1628729577952000,0,118.53200000,1.8535
1628729578373000,1,107.24300000,1.8534
1628730003959000,1,130.17200000,1.8653
1628730003959000,1,100.22200000,1.8649
1628730907246000,1,130.35300000,1.8762
1628730907246000,1,15.56350000,1.8758
1628731172045000,1,57.58500000,1.8835
1628731172045000,1,2.19153000,1.8831
1628731176448000,0,32.22800000,1.8826
1628731176789000,0,30.35200000,1.8823
1628731676733000,1,117.17399468,1.8907
1628731696891000,0,32.78000000,1.8896
1628731697546000,0,36.23100000,1.8896
1628734606407000,0,27.85100000,1.8873
1628734606407000,0,27.27700000,1.8893
1628735680162000,0,199.60300000,1.8876
1628735680165000,0,179.64300000,1.8896
1628736094690000,0,113.53100000,1.8860
1628736094690000,0,113.53100000,1.8880
1628736223896000,0,26.42000000,1.8885
1628736657630000,0,200.00000000,1.8851
1628739776963000,0,31.44700000,1.8913
1628740297873000,1,175.57271987,1.8916
1628740297883000,1,24.42728013,1.8916
1628740648706000,0,97.67600000,1.8822
1628740677623000,0,244.45421294,1.8823
1628740677670000,0,0.92178706,1.8823
1628740703930000,0,57.07299999,1.8827
1628740724531000,0,100.34499999,1.8826
1628741454326000,0,59.50600000,1.8923
1628741608476000,0,28.11400000,1.8883
1628741620111000,0,31.44200000,1.8890
1628742176201000,1,37.29099999,1.8591
1628742371382000,0,30.34401012,1.8572
1628742371382000,0,6.91798988,1.8572
1628742371729000,0,31.17100000,1.8572
1628742373341000,1,200.00000000,1.8509
1628742486076000,0,200.00000000,1.8564
1628742486076000,0,46.92310499,1.8564
1628742486079000,0,246.92310499,1.8564
1628742486081000,0,157.79467002,1.8564
1628742486081000,0,89.12843497,1.8882
1628743141229000,1,57.33100000,1.8598
1628743141229000,1,54.03600000,1.8594
1628743259194000,1,106.78599999,1.8635
1628743276194000,1,51.59000000,1.8646
1628743278195000,1,69.40100000,1.8643
1628743433424000,0,195.47700000,1.8647
1628743461448000,1,36.19899999,1.8659
1628743461468000,1,0.00000001,1.8659
1628743461507000,1,30.83600000,1.8655
1628744049562000,1,113.19499999,1.8510
1628744051165000,1,76.52500000,1.8512
1628744054197000,1,103.92199999,1.8508
1628744275841000,1,200.00000000,1.8371
1628744275841000,1,47.46575129,1.8371
1628744275847000,1,247.46575129,1.8304
1628744609189000,1,129.55700000,1.8387
1628744609317000,1,142.37000000,1.8383
1628744826216000,1,30.99399999,1.8291
1628744832312000,1,0.00000001,1.8291
1628744832312000,1,22.44500000,1.8288
1628744884850000,0,26.13563216,1.8279
1628744884850000,0,27.99193480,1.8279
1628744959699000,1,83.00500000,1.8264
1628744959699000,1,67.07400000,1.8260
1628745131606000,1,33.48510835,1.8154
1628745172168000,1,73.73600000,1.8190
1628745178681000,1,61.56000000,1.8186
1628745238430000,1,26.82700000,1.8080
1628745458730000,1,180.40500000,1.8191
1628745458730000,1,190.00100000,1.8187
1628745504764000,1,24.16000000,1.8108
1628745504764000,1,28.30867981,1.8104
1628745512622000,1,5.74832019,1.8104
1628745713347000,1,21.52600000,1.7942
1628745741053000,1,36.67000000,1.7972
1628745741053000,1,32.51900000,1.7969
1628745830752000,1,63.00900000,1.7855
1628745830752000,1,60.51300000,1.7851
1628745862937000,1,200.00000000,1.7789
1628745863565000,1,84.19810040,1.7722
1628745915751000,1,49.00000000,1.7720
1628745931157000,1,346.48600000,1.7650
1628745931157000,1,56.00246000,1.7647
1628745936343000,1,210.76254000,1.7647
1628745980757000,1,61.73700000,1.7612
1628745991668000,1,59.29200000,1.7609
1628746506342000,1,125.00000000,1.7596
1628746506342000,1,316.19300000,1.7588
1628746506342000,1,371.18300000,1.7585
1628747082358000,1,294.98100000,1.7807
1628747082358000,1,206.07188693,1.7803
1628747087899000,1,83.06911307,1.7803
1628747120161000,1,42.92900000,1.7757
1628747120161000,1,53.54100000,1.7754
1628747217465000,1,96.78123893,1.7706
1628747222545000,1,39.29318300,1.7706
1628747227734000,1,15.95303230,1.7706
1628747251089000,1,81.80081000,1.7708
1628747251439000,1,93.13319000,1.7708
1628747251749000,1,158.27400000,1.7704
1628747694602000,0,147.28400000,1.7841
1628747694944000,0,108.86200000,1.7841
1628747927789000,1,25.73921000,1.7827
1628747937406000,1,254.39499019,1.7825
1628748003099000,1,105.90700000,1.7851
1628748005384000,1,83.88600000,1.7847
1628748072375000,1,38.79700000,1.7780
1628748072375000,1,36.56700000,1.7777
1628748356879000,1,104.60400000,1.7814
1628748369698000,1,148.51300000,1.7811
1628748447368000,0,93.66100000,1.7750
1628748507752000,0,78.53100000,1.7749
1628748508101000,0,47.46900000,1.7749
1628748537116000,0,45.97500000,1.7743
1628748537464000,0,36.87100000,1.7743
1628748625596000,1,127.65400000,1.7727
1628748626818000,1,147.51200000,1.7723
1628749171402000,1,168.37200000,1.7710
1628749171729000,0,87.34750000,1.7705
1628749201319000,0,53.37300000,1.7689
1628749201671000,0,68.26700000,1.7689
1628749357630000,0,126.00000000,1.7746
1628749364599000,1,27.01800000,1.7750
1628749364599000,1,132.65298672,1.7747
1628749439659000,1,25.35200000,1.7744
1628749443033000,0,46.31900000,1.7723
1628749443375000,0,34.02200000,1.7723
1628749634451000,1,63.10500000,1.7689
1628749634451000,1,52.58700000,1.7686
1628749812871000,1,69.21600000,1.7633
1628749837703000,0,57.38300000,1.7611
1628749838061000,0,44.18100000,1.7611
1628749975017000,1,152.10500000,1.7612
1628749975017000,1,97.65865124,1.7609
1628749987099000,0,63.50300000,1.7600
1628749987451000,0,50.91700000,1.7600
1628750284411000,1,116.65699206,1.7544
1628750290769000,1,105.77400000,1.7555
1628750290769000,1,34.43998985,1.7551
1628750292456000,1,105.77399965,1.7551
1628750715353000,0,126.00000000,1.7687
1628750717604000,1,108.24400000,1.7690
1628750717604000,1,79.57299085,1.7686
1628750934950000,1,84.20900000,1.7686
1628750934950000,1,17.89499041,1.7682
1628750948598000,1,43.91000000,1.7682
1628750948940000,0,59.63100000,1.7660
1628751197141000,1,274.43400000,1.7693
1628751201935000,1,261.95900000,1.7689
1628751219803000,1,48.62900000,1.7695
1628751220083000,0,50.30600000,1.7686
1628751589914000,1,122.22699125,1.7779
1628751593129000,1,0.00000875,1.7779
1628751793436000,0,87.97100000,1.7739
1628751793803000,0,38.02900000,1.7739
1628751883681000,1,34.92600000,1.7760
1628751883681000,1,24.17900000,1.7757
1628751995477000,0,255.45446574,1.7720
1628752059997000,0,194.14607539,1.7720
1628752525547000,1,151.22300000,1.7911
1628752525547000,1,45.71523226,1.7907
1628752673388000,0,126.00000000,1.7908
1628752673447000,1,18.30700000,1.7910
1628752673732000,0,69.92194000,1.7903
1628752802736000,1,104.31299134,1.7910
1628752963708000,1,64.68500000,1.7889
1628753002949000,1,56.61900000,1.7884
1628753002949000,1,56.62000000,1.7880
1628753003685000,0,61.72200000,1.7860
1628753004024000,0,56.97500000,1.7860
1628753267447000,0,70.59700000,1.7879
1628753267787000,0,48.05300000,1.7879
1628753451197000,1,116.98117433,1.7864
1628753451571000,1,98.83182567,1.7864
1628753451571000,1,18.27439875,1.7860
1628753451902000,1,117.21715900,1.7860
1628753458672000,1,115.86744225,1.7860
1628753587996000,1,107.16198904,1.7847
1628753588310000,1,2.49201096,1.7847
1628753589537000,1,107.16200000,1.7844
1628753657084000,1,126.00000000,1.7807
1628753717741000,0,126.00000000,1.7824
1628753807995000,0,237.08020214,1.7775
1628753807995000,0,49.04979786,1.7784
1628753808349000,0,190.08862153,1.7784
1628754125183000,0,107.16197786,1.7847
1628754261899000,0,73.20200000,1.8009
1628754262248000,0,52.79800000,1.8009
1628754779037000,0,17.11833931,1.7987
1628754838953000,1,34.10400000,1.8072
1628754838953000,1,28.42000000,1.8068
1628754838953000,1,0.03644000,1.7961
1628754839844000,0,37.61900000,1.8078
1628754840662000,0,31.40800000,1.8078
1628755434991000,0,49.03900000,1.8141
1628755435337000,0,36.24700000,1.8141
1628755525803000,0,26.60900000,1.8053
1628755526162000,0,36.66900000,1.8053
1628755772379000,1,104.62800000,1.7987
1628755772379000,1,3.14714000,1.7983
1628755796528000,0,56.96600000,1.7966
1628755796876000,0,40.41200000,1.7966
1628755982610000,1,51.06100000,1.8048
1628755982916000,0,41.77700000,1.8029
1628756234393000,1,15.88696000,1.8133
1628756316829000,1,323.92700000,1.8064
1628756322839000,1,281.54499347,1.8060
1628756883432000,0,61.28700000,1.8124
1628756883758000,0,43.47700000,1.8124
1628757839105000,1,15.91997000,1.8120
1628757855322000,0,72.11500000,1.8106
1628757855704000,0,51.16000000,1.8106
1628757942944000,0,43.64600000,1.8077
1628757943289000,0,50.11300000,1.8077
1628758239764000,0,30.85400000,1.8134
1628758447770000,1,15.95672000,1.8095
1628758453424000,0,57.15200000,1.8065
1628758453769000,0,48.68500000,1.8065
1628759297231000,1,38.92200000,1.7969
1628759297454000,0,32.43500000,1.7946
1628759608321000,0,78.97900000,1.7908
1628759608671000,0,47.02100000,1.7908
1628759632405000,1,21.00800000,1.7911
1628759632657000,0,22.30800000,1.7899
1628759671925000,0,16.01887000,1.7736
1628759937002000,1,256.26700000,1.7800
1628759959641000,1,357.50799021,1.7797
1628759963043000,0,18.09679706,1.7664
1628759972797000,1,74.70020294,1.7803
1628759973601000,1,86.30100000,1.7799
1628760328931000,0,42.32300000,1.7940
1628760329282000,1,41.48500000,1.7943
1628760777357000,1,50.00000000,1.7934
1628761080833000,1,184.76899042,1.8018
1628761080914000,1,0.00000958,1.8018
1628761080914000,1,170.55597526,1.8015
1628761770941000,0,41.93400000,1.8007
1628761771412000,0,33.62400000,1.8007
1628762166318000,1,40.73200000,1.7983
1628762577068000,0,150.00000000,1.8019
1628763144591000,0,11.70230268,1.8073
1628763258408000,1,118.22400000,1.8176
1628763258408000,1,24.50900000,1.8172
1628763263145000,1,118.22400000,1.8172
1628763656009000,1,121.48898674,1.8192
1628763869318000,1,30.38887000,1.8185
1628763945143000,0,30.03800000,1.8179
1628763945504000,0,20.44600000,1.8179
1628763974249000,1,126.00000000,1.8086
1628764435420000,1,99.56200000,1.8147
1628764435420000,1,41.07000000,1.8144
1628764489798000,0,58.85700000,1.8162
1628764490139000,0,46.86700000,1.8162
1628765034924000,1,165.78300000,1.8068
1628765042451000,1,151.52199305,1.8065
1628765431197000,0,28.25500000,1.8107
1628766301193000,1,55.56000000,1.8097
1628766356791000,0,23.19800000,1.8084
1628766357136000,0,32.03500000,1.8084
1628767566707000,0,126.00000000,1.7936
1628767575128000,1,38.96000000,1.7937
1628767575128000,1,100.41282229,1.7934
1628767596106000,0,25.65300000,1.7947
1628767596461000,0,22.96500000,1.7947
1628767694933000,1,136.62499162,1.7897
1628767695123000,1,0.00000838,1.7897
1628767695123000,1,98.93600000,1.7894
1628767695123000,1,27.06399162,1.7834
1628767815216000,1,46.97100000,1.7905
1628767815216000,1,46.97100000,1.7902
1628767815216000,1,32.05800000,1.7851
1628768055344000,1,140.04974566,1.7908
1628768110487000,1,112.89898755,1.7986
1628768116723000,1,0.00001245,1.7986
1628768116723000,1,102.08897506,1.7982
1628768175375000,1,139.60241232,1.7799
1628768295352000,1,25.62500000,1.7914
1628768295352000,1,100.37500000,1.7853
1628768412419000,0,20.54400000,1.7890
1628768412918000,0,22.70600000,1.7890
1628768415470000,1,126.00000000,1.7780
1628768535519000,1,37.80100000,1.7851
1628768535519000,1,34.20100000,1.7848
1628768535519000,1,53.99800000,1.7735
1628768621693000,0,65.57800000,1.7831
1628768622043000,0,60.42200000,1.7831
1628768655520000,1,100.00000000,1.7691
1628768752438000,1,215.21700000,1.7738
1628768762058000,1,191.56698939,1.7735
1628769050425000,1,121.02300000,1.7825
1628769056454000,1,103.90899195,1.7821
1628769468319000,1,145.29498546,1.7732
1628769514090000,1,60.77600000,1.7755
1628769526750000,0,37.82000000,1.7756
1628769527098000,0,29.11900000,1.7756
1628769621900000,0,30.63200000,1.7650
1628769622386000,0,22.18100000,1.7650
1628769827595000,0,56.58200000,1.7731
1628769827965000,0,69.41800000,1.7731
1628769889247000,0,28.75600000,1.7723
1628770042985000,1,196.01800000,1.7679
1628770042987000,1,143.86600000,1.7675
1628770587478000,1,104.40398896,1.7749
1628770598147000,1,0.00001104,1.7749
1628770598147000,1,87.91898896,1.7746
1628770699675000,0,112.96700000,1.7716
1628770700017000,0,13.03300000,1.7716
1628770708184000,1,77.54400000,1.7717
1628770828939000,0,44.53900000,1.7672
1628770829291000,0,43.49100000,1.7672
1628771044450000,1,42.87500000,1.7711
1628771044450000,1,36.52300000,1.7708
1628771338940000,1,53.99200000,1.7587
1628771338940000,1,6.89200000,1.7584
1628771362700000,0,83.25300000,1.7571
1628771363047000,0,42.74700000,1.7571
1628771364554000,1,49.27100000,1.7596
1628771364554000,1,4.76662000,1.7446
1628771365184000,1,200.00000000,1.7402
1628771365184000,1,380.00000000,1.7386
1628771607462000,1,136.97116100,1.7600
1628771607465000,1,126.96283900,1.7600
1628771607863000,1,232.88300000,1.7596
1628771811333000,1,103.48099057,1.7586
1628771815605000,0,32.82500000,1.7579
1628771815978000,0,46.43600000,1.7579
1628771956704000,1,63.99700000,1.7566
1628771956704000,1,59.07600000,1.7563
1628771956704000,1,0.80401139,1.7457
1628772125099000,1,120.58999368,1.7543
1628772214906000,1,85.98000000,1.7591
1628772214906000,1,15.92199290,1.7588
1628772265569000,0,61.06800000,1.7597
1628772265917000,0,45.39600000,1.7597
1628772590256000,1,28.15000000,1.7612
1628772590256000,1,24.46700000,1.7609
1628772590256000,1,0.03369000,1.7507
1628773145788000,1,201.47899251,1.7608
1628773155625000,1,52.64500749,1.7608
1628773155625000,1,147.02299251,1.7605
1628773474530000,1,85.76600000,1.7608
1628773475610000,1,89.26700000,1.7605
1628774122686000,1,55.14800000,1.7601
1628774122686000,1,45.95600000,1.7598
1628774122686000,1,24.89598860,1.7543
1628774133228000,1,125.99998291,1.7553
1628774199484000,1,67.91200000,1.7588
1628774199484000,1,4.41234000,1.7584
1628774228885000,1,31.15800000,1.7596
1628774258683000,1,21.05600000,1.7600
1628774356151000,1,94.77600000,1.7572
1628774356151000,1,31.22400000,1.7568
1628774357917000,1,36.01000000,1.7568
1628774357917000,1,89.99000000,1.7545
1628774368441000,1,121.37605932,1.7547
1628776082643000,1,123.79360921,1.7672
1628776091370000,1,69.61839079,1.7672
1628776091370000,1,171.60360921,1.7669
1628776349965000,1,71.29800000,1.7678
1628776350534000,1,59.52500000,1.7674
1628776828057000,0,30.06900000,1.7605
1628777068168000,0,50.16000000,1.7617
1628777068539000,0,56.22400000,1.7617
1628777275808000,0,53.79000000,1.7539
1628777276150000,0,49.74100000,1.7539
1628777552635000,1,101.11900000,1.7460
1628777692421000,1,86.79800000,1.7458
1628777692421000,1,13.56067000,1.7455
1628777952247000,1,108.62298895,1.7460
1628777994741000,1,51.67200000,1.7460
1628777994741000,1,48.66200000,1.7456
1628778215586000,1,39.29100000,1.7430
1628778215586000,1,42.56600000,1.7427
1628778303149000,1,155.71000000,1.7321
1628778306756000,1,131.46900000,1.7327
1628778307625000,1,103.04300000,1.7324
1628778398750000,1,144.54400000,1.7330
1628778399144000,1,198.74800000,1.7326
1628778605997000,0,63.51400000,1.7268
1628778606426000,0,45.99400000,1.7268
1628778606884000,0,25.64102565,1.7142
1628778608280000,0,25.64102565,1.7142
1628778610499000,0,18.64968870,1.7142
1628778716215000,1,120.17000000,1.7283
1628778716542000,1,120.17000000,1.7280
1628778938373000,0,116.15900000,1.7308
1628779060827000,1,169.55499063,1.7328
1628779060898000,1,0.00000937,1.7328
1628779060898000,1,143.86498218,1.7324
1628779184710000,1,114.45000000,1.7329
1628779184710000,1,26.56179000,1.7325
1628779205646000,0,93.04600000,1.7320
1628779206021000,0,32.95400000,1.7320
1628779413647000,1,79.24900000,1.7351
1628779413758000,1,93.03300000,1.7348
1628779414911000,0,126.00000000,1.7327
1628779415334000,1,31.22100000,1.7361
1628779415334000,1,94.25300000,1.7358
1628779421757000,1,31.22100000,1.7358
1628779746252000,0,83.56100000,1.7295
1628779746630000,0,42.43900000,1.7295
1628779752608000,1,44.92100000,1.7300
1628780229863000,1,233.31700000,1.7166
1628780230054000,1,88.88200000,1.7166
1628780230776000,1,233.31700000,1.7163
1628780578707000,0,233.31700000,1.7166
1628780762741000,1,133.49599162,1.7267
1628780762750000,1,31.04500838,1.7267
1628780765065000,1,133.49599162,1.7264
1628780859836000,1,40.17800000,1.7250
1628780860170000,0,45.20000000,1.7237
1628781147632000,1,124.67599231,1.7268
1628781156859000,1,0.00000769,1.7268
1628781156859000,1,122.07898145,1.7264
1628781279392000,1,129.24599207,1.7260
1628781311909000,0,42.82500000,1.7257
1628781312256000,0,44.41200000,1.7257
1628781796729000,1,23.08600000,1.7172
1628782278042000,0,98.20100000,1.7246
1628782300244000,0,15.52470090,1.7259
1628782300244000,0,98.20200000,1.7264
1628783293102000,0,12.60572104,1.7360
1628783337580000,1,146.16500000,1.7447
1628783404701000,1,90.82900000,1.7468
1628783404701000,1,65.06050000,1.7465
1628783425352000,0,22.10500000,1.7445
1628783994323000,0,34.79900000,1.7329
1628784023704000,1,63.46000000,1.7326
1628784024111000,0,64.87300000,1.7309
1628784024467000,0,46.97700000,1.7309
1628784236712000,1,90.68700000,1.7235
1628784239660000,1,110.83998863,1.7232
1628784301686000,1,30.80900000,1.7245
1628784301686000,1,27.07500000,1.7242
1628784721425000,1,41.73800000,1.7341
1628784807742000,0,124.00000000,1.7299
1628784807742000,0,674.69277513,1.7341
1628784807742000,0,200.00000000,1.7341
1628784807742000,0,398.00000000,1.7342
1628784807742000,0,360.00000000,1.7393
1628784807742000,0,393.20045388,1.7678
1628784841560000,1,33.51500000,1.7477
1628784901790000,1,28.03300000,1.7438
1628784931860000,1,22.79300000,1.7554
1628785715748000,1,412.49246155,1.7079
1628785736128000,1,90.95373644,1.7079
1628785736128000,1,9.04626356,1.7079
1628785776619000,1,20.24200000,1.7376
1628785965764000,1,62.50956000,1.7079
1628786317741000,0,198.36400000,1.7665
1628786317741000,0,366.36330926,1.7665
1628786423187000,1,108.91279800,1.7126
1628786712264000,1,39.81300000,1.7396
1628787108648000,1,26.30300000,1.7424
1628787166120000,1,48.98600000,1.7422
1628787497044000,1,34.55300000,1.7407
1628787522088000,1,29.72300000,1.7403
1628788351077000,0,161.00698979,1.7678
1628788351077000,0,40.00000000,1.8296
1628788351077000,0,253.00979067,1.8296
1628788351077000,0,96.57361890,1.8316
1628788521251000,1,31.21800000,1.7786
1628788548076000,1,21.69400000,1.7782
1628790063718000,1,91.16500000,1.7935
1628790063718000,1,85.61161000,1.7932
1628790100216000,1,23.17000000,1.8024
1628790145174000,1,138.70395028,1.7340
1628790265269000,1,126.49262762,1.7352
1628790385281000,1,124.00000000,1.7330
1628790505395000,1,124.00000000,1.7322
1628790625501000,1,124.00000000,1.7331
1628790745554000,1,124.00000000,1.7283
1628790865589000,1,124.00000000,1.7302
1628790985712000,1,144.48862585,1.7264
1628791105774000,1,144.81084807,1.7264
1628791225853000,1,144.81168688,1.7264
1628791333789000,0,24.82500000,1.7407
1628791334162000,0,26.32100000,1.7407
1628791345957000,1,124.00000000,1.7280
1628791814196000,0,78.54800000,1.7398
1628791814590000,0,45.45200000,1.7398
1628791903482000,0,40.47000000,1.7487
1628791903837000,0,31.79900000,1.7487
1628792235115000,0,23.60900000,1.7488
1628792235473000,0,33.64300000,1.7488
1628792658117000,0,28.26100000,1.7487
1628792658467000,0,33.91300000,1.7487
1628793478231000,1,66.96700000,1.7504
1628793478231000,1,64.34200000,1.7501
1628793478231000,1,124.00000000,1.7401
1628793478231000,1,200.00000000,1.7332
1628793478231000,1,44.69100000,1.7332
1628793619358000,0,46.13900000,1.7479
1628793619699000,0,47.07200000,1.7479
1628794584719000,0,56.10800000,1.7626
1628794613048000,0,43.38800000,1.7635
1628794632650000,1,45.91100000,1.7632
1628794632650000,1,0.02345000,1.7517
1628794780153000,1,45.36000000,1.7612
1628794780153000,1,30.87600000,1.7608
1628794780153000,1,0.04859000,1.7486
1628796874195000,0,55.58600000,1.7585
1628796874525000,0,57.36000000,1.7585
1628796884407000,1,51.25610000,1.7455
1628798283728000,1,74.35900000,1.7671
1628798283728000,1,63.02800000,1.7668
1628798283728000,1,0.07543000,1.7531
1628800013858000,0,47.15300000,1.7624
1628800014189000,0,39.13700000,1.7624
1628801543392000,1,124.00000000,1.7543
1628801543392000,1,126.00000000,1.7503
1628801688083000,0,123.99998667,1.7569
1628801700521000,0,123.99998667,1.7530
1628801719265000,0,81.00000000,1.7545
1628801812074000,1,124.00000000,1.7488
1628801812074000,1,376.00000000,1.7400
1628802185106000,0,123.99998667,1.7575
1628802217301000,0,123.99998667,1.7561
1628802232495000,0,123.99998667,1.7548
1628802251097000,0,123.99998667,1.7541
1628809512280000,0,31.27200000,1.7285
1628811603634000,1,61.43900000,1.7889
1628811603634000,1,0.93075000,1.7886
1628811628345000,1,25.93500000,1.8082
1628811628345000,1,22.09300000,1.8078
1628811837989000,1,224.44599138,1.7878
1628811837990000,1,0.00000862,1.7878
