timestamp ms,type,amount,price
1628643217771000,0,64.10800000,1.7745
1628645022567000,0,55.71300000,1.7747
1628645022567000,0,72.69000000,1.7748
1628645043703000,0,55.71300000,1.7748
1628645057795000,1,42.50000000,1.7758
1628645109658000,0,50.89200000,1.7766
1628645109658000,0,99.84298548,1.7767
1628645378133000,1,71.00000000,1.7804
1628645381967000,1,13.19700000,1.7804
1628645381967000,1,57.80300000,1.7801
1628645421947000,1,42.50000000,1.7806
1628645425935000,1,42.50000000,1.7807
1628645466127000,1,71.00000000,1.7805
1628645472409000,1,71.00000000,1.7805
1628645484363000,1,42.50000000,1.7795
1628647384034000,1,42.50000000,1.7805
1628647388444000,1,42.50000000,1.7804
1628647739164000,0,32.63000000,1.7835
1628652202159000,1,42.50000000,1.7794
1628652276573000,0,66.24600000,1.7796
1628652293072000,0,30.23200000,1.7798
1628652326615000,0,48.81300000,1.7815
1628652877707000,1,42.40000000,1.7847
1628652953444000,0,56.97400000,1.7877
1628653283912000,0,79.52200000,1.7892
1628653597715000,1,42.40000000,1.7902
1628653636898000,0,70.42900000,1.7908
1628653660421000,0,42.33700000,1.7914
1628653672938000,1,70.50000000,1.7924
1628653678019000,1,70.50000000,1.7924
1628653682512000,1,70.50000000,1.7924
1628655285989000,0,175.52400000,1.7947
1628655330017000,1,140.60000000,1.7977
1628655336012000,1,42.30000000,1.7977
1628655347603000,1,42.30000000,1.7967
1628655436205000,0,200.00000000,1.8038
1628655436205000,0,269.19567880,1.8038
1628655816350000,1,42.30000000,1.7986
1628656041845000,1,42.20000000,1.8006
1628656052677000,1,42.20000000,1.8012
1628656176514000,1,42.20000000,1.8032
1628656201339000,1,70.00000000,1.8045
1628656206566000,1,70.00000000,1.8046
1628656211406000,1,70.00000000,1.8048
1628656655818000,0,253.84315174,1.7932
1628656655884000,0,13.57984826,1.7932
1628656792151000,0,76.56700000,1.7942
1628656792419000,0,81.70200000,1.7946
1628656850579000,0,76.56700000,1.7962
1628656856443000,0,89.21500000,1.7965
1628657093229000,0,44.85400000,1.7996
1628657120436000,0,54.82200000,1.8015
1628657211838000,1,42.20000000,1.8032
1628658011430000,0,49.22300000,1.8048
1628658011430000,0,181.59000000,1.8051
1628658497822000,0,71.27594855,1.8035
1628658499960000,0,101.50905144,1.8035
1628658516610000,0,0.00000001,1.8035
1628658516610000,0,252.99732979,1.8038
1628658544134000,0,45.36467021,1.8038
1628659259211000,0,253.09431539,1.8022
1628659264555000,0,239.88668461,1.8022
1628659337402000,0,252.83791454,1.8042
1628659477106000,0,202.22200000,1.8042
1628659477116000,0,0.00008546,1.8042
1628659477116000,0,79.74400000,1.8047
1628659644333000,1,42.20000000,1.8066
1628659957576000,0,49.22700000,1.8060
1628659957576000,0,40.73600000,1.8062
1628660035229000,1,42.20000000,1.8062
1628660037753000,0,49.22700000,1.8062
1628660156803000,1,42.10000000,1.8093
1628660169849000,1,42.10000000,1.8086
1628660195270000,1,42.10000000,1.8087
1628660220020000,1,42.10000000,1.8101
1628660233801000,1,42.10000000,1.8096
1628660240598000,1,69.80000000,1.8098
1628660245894000,1,69.80000000,1.8098
1628660250627000,1,69.80000000,1.8098
1628660255607000,1,30.70000000,1.8098
1628660425636000,1,69.70000000,1.8119
1628660431430000,1,69.70000000,1.8120
1628660435909000,1,69.70000000,1.8121
1628660440886000,1,69.70000000,1.8122
1628660791415000,0,109.68787623,1.8190
1628661627145000,1,42.10000000,1.8158
1628661632906000,1,42.10000000,1.8159
1628661644720000,1,42.00000000,1.8176
1628661666702000,1,212.76600000,1.8181
1628661667004000,0,34.05360217,1.8167
1628661667004000,0,211.80939783,1.8176
1628661670750000,1,42.00000000,1.8127
1628661676327000,1,69.50000000,1.8128
1628662167945000,1,42.00000000,1.8154
1628662172118000,1,42.00000000,1.8155
1628662190387000,1,42.00000000,1.8162
1628663114510000,0,230.95000000,1.8157
1628663114877000,0,9.95280894,1.8157
1628663119819000,1,186.78419106,1.8171
1628663320489000,1,42.00000000,1.8173
1628663341804000,1,42.00000000,1.8182
1628663955035000,1,42.00000000,1.8214
1628664509240000,0,107.88800000,1.8069
1628664513210000,0,106.61899999,1.8088
1628664580938000,0,0.00000001,1.8088
1628664879466000,1,42.00000000,1.8267
1628664889907000,0,161.26652871,1.8290
1628664900619000,1,42.00000000,1.8280
1628664911451000,1,42.00000000,1.8268
1628664914064000,1,69.20000000,1.8268
1628665482728000,0,114.05764023,1.8290
1628665483590000,0,96.62750000,1.8290
1628666008116000,0,0.00001827,1.8290
1628666228126000,0,252.26917278,1.8390
1628666228216000,0,252.27762958,1.8390
1628666228231000,0,252.27762958,1.8390
1628666275077000,1,137.40000000,1.8388
1628666279981000,1,68.70000000,1.8381
1628666285069000,1,68.70000000,1.8383
1628666303375000,1,47.10000000,1.8358
1628666400008000,0,133.46989512,1.8380
1628667695527000,1,57.78203855,1.8465
1628667695574000,1,66.21796145,1.8465
1628667695667000,1,36.49122980,1.8458
1628667987905000,0,56.64217380,1.8404
1628667987922000,0,49.03482620,1.8404
1628668032543000,0,139.18400000,1.8424
1628668350013000,0,49.16800000,1.8243
1628668350013000,0,59.56200000,1.8249
1628668482643000,0,49.16800000,1.8249
1628668482643000,0,41.05300000,1.8262
1628668482946000,0,58.68460000,1.8269
1628668483265000,0,53.44340000,1.8269
1628668821240000,0,50.40800000,1.8299
1628668821240000,0,363.76100000,1.8301
1628668829028000,0,34.92937940,1.8301
1628668858784000,0,15.47862060,1.8301
1628668858784000,0,35.06600000,1.8319
1628668858784000,0,255.58137940,1.8321
1628668858922000,0,50.54462060,1.8321
1628669050244000,1,200.00000000,1.8330
1628669713068000,0,61.48400000,1.8189
1628669734292000,0,67.27100000,1.8208
1628669734302000,0,20.28100000,1.8209
1628669809049000,0,23.33400000,1.8229
1628669809049000,0,26.78600000,1.8230
1628670100419000,1,254.19035095,1.8128
1628670100422000,1,209.18121905,1.8128
1628670100422000,1,45.00913190,1.8128
1628670100425000,1,254.19035095,1.8128
1628670100425000,1,164.17720715,1.8128
1628670100425000,1,90.01314380,1.8125
1628670100429000,1,33.98685620,1.8125
1628670320815000,0,406.14000000,1.8062
1628670402420000,0,58.36700000,1.8067
1628670425088000,0,185.43600000,1.8071
1628670429934000,0,165.82200000,1.8090
1628670610178000,0,91.54300000,1.8158
1628670693412000,0,42.68399999,1.8168
1628671037085000,1,44.95599999,1.8184
1628671037124000,1,0.00000001,1.8184
1628671037124000,1,59.07100000,1.8181
1628671401446000,1,211.50800000,1.8194
1628671402041000,1,204.29700000,1.8191
1628671549475000,1,23.95200000,1.8221
1628671549475000,1,31.43700000,1.8217
1628672312277000,1,26.27799999,1.8230
1628672312280000,1,0.00000001,1.8230
1628673807612000,0,200.00000000,1.8050
1628674303818000,0,223.26000000,1.8151
1628674331734000,0,26.81799999,1.8163
1628674331737000,0,0.00000001,1.8163
1628674415930000,0,71.79456486,1.8169
1628674415977000,0,43.18943514,1.8169
1628674428258000,0,30.26299999,1.8178
1628674471090000,0,54.18000000,1.8175
1628674704796000,0,37.55500000,1.8182
1628674736786000,0,34.51100000,1.8190
1628675459995000,0,41.66199999,1.8217
1628675532552000,0,29.34000000,1.8219
1628675677499000,0,200.00000000,1.8207
1628675699462000,1,89.99999999,1.8199
1628676641006000,1,35.41799999,1.8217
1628676641027000,1,0.00000001,1.8217
1628676641027000,1,34.21100000,1.8213
1628677195599000,1,13.98180000,1.8304
1628677220456000,1,22.29400000,1.8316
1628677220456000,1,25.64999999,1.8312
1628677220456000,1,0.00000001,1.8312
1628677696063000,1,59.89068297,1.8160
1628677696063000,1,149.45205473,1.8160
1628677700976000,1,51.64289687,1.8160
1628677700976000,1,127.31995804,1.8160
1628677704184000,1,21.33224966,1.8160
1628677704184000,1,55.44976946,1.8160
1628679232776000,0,31.35100000,1.8312
1628679684997000,0,38.20000000,1.8295
1628679684997000,0,80.08799999,1.8297
1628679707250000,0,0.00000001,1.8297
1628679707250000,0,29.41100000,1.8315
1628679707433000,0,75.42199999,1.8317
1628679713679000,0,39.89000000,1.8303
1628680519335000,0,54.72448219,1.8393
1628680527499000,0,41.02897282,1.8393
1628681404211000,0,55.86158616,1.8360
1628682736207000,0,92.51700000,1.8033
1628682741393000,0,90.68600000,1.8053
1628682785848000,1,23.33000000,1.8077
1628682785848000,1,20.27900000,1.8073
1628682967217000,1,20.52400000,1.8059
1628682967217000,1,22.85599999,1.8055
1628682967245000,1,0.00000001,1.8055
1628683088973000,1,232.20700000,1.8078
1628683088973000,1,22.00097053,1.8075
1628683088974000,1,210.20602947,1.8075
1628683464354000,1,25.11500000,1.8010
1628683464354000,1,20.13700000,1.8007
1628683785521000,1,48.96900000,1.8033
1628683785521000,1,36.94200000,1.8029
1628684170036000,1,88.38699999,1.8039
1628684170056000,1,0.00000001,1.8039
1628685031539000,0,33.31985240,1.8084
1628685718981000,0,109.83007715,1.8358
1628685719091000,0,192.54192285,1.8358
1628686453181000,0,200.00000000,1.8418
1628686517952000,0,102.88716650,1.8518
1628686649825000,0,200.00000000,1.8595
1628686951916000,0,200.00000000,1.8513
1628687054629000,1,235.37491405,1.8638
1628687657634000,0,248.44263851,1.8583
1628687657639000,0,205.70507149,1.8583
1628687756404000,0,27.41300000,1.8597
1628688105358000,0,163.62900000,1.8647
1628688113787000,0,116.07799999,1.8667
1628688113813000,0,0.00000001,1.8667
1628689303295000,0,97.10300000,1.8598
1628689650566000,0,86.09300000,1.8590
1628689650566000,0,13.90700000,1.8610
1628689759546000,0,33.57500000,1.8584
1628689847943000,0,22.85400000,1.8604
1628689847943000,0,23.50900000,1.8605
1628691072609000,0,26.49800000,1.8547
1628691170395000,0,21.35300000,1.8602
1628691170395000,0,100.00000000,1.8605
1628692740915000,1,35.12586242,1.8657
1628693056493000,0,175.99225974,1.8742
1628693056493000,0,24.00774026,1.8742
1628693436031000,1,129.64300000,1.8706
1628693436031000,1,119.76639117,1.8702
1628693436034000,1,14.01360883,1.8702
1628693780175000,1,10.74728169,1.8615
1628693830713000,1,34.01000000,1.8650
1628693830713000,1,33.61500000,1.8646
1628693988747000,1,35.88500000,1.8631
1628693988747000,1,34.47900000,1.8628
1628694159328000,1,53.75700000,1.8537
1628694159328000,1,38.92700000,1.8533
1628694934644000,0,25.01876408,1.8648
1628694936550000,0,25.01876408,1.8647
1628694938691000,0,25.01876408,1.8647
1628695292957000,0,25.05010021,1.8628
1628695295538000,0,25.04382671,1.8628
1628695296265000,0,25.04382671,1.8628
1628695296839000,0,25.03755634,1.8628
1628695297386000,0,25.03755634,1.8628
1628695299551000,0,25.03755634,1.8629
1628695368783000,0,25.06893959,1.8601
1628695570076000,0,25.01876408,1.8640
1628695816279000,0,25.02502504,1.8643
1628695821381000,0,25.02502504,1.8642
1628695824705000,0,25.02502504,1.8641
1628695826526000,0,25.02502504,1.8641
1628695827272000,0,25.02502504,1.8641
1628695827871000,0,25.02502504,1.8641
1628695828473000,0,25.02502504,1.8641
1628695830459000,0,25.02502504,1.8641
1628695830976000,0,25.02502504,1.8641
1628695831460000,0,25.02502504,1.8641
1628695832578000,0,25.02502504,1.8641
1628695834186000,0,25.02502504,1.8641
1628695834864000,0,25.02502504,1.8641
1628695835471000,0,25.02502504,1.8641
1628695836083000,0,25.02502504,1.8641
1628695836687000,0,25.02502504,1.8641
1628695837594000,0,25.02502504,1.8641
1628696674985000,0,25.01250626,1.8632
1628696676097000,0,25.00625157,1.8632
1628696677066000,0,25.00625157,1.8632
1628696677778000,0,25.00625157,1.8632
1628696678382000,0,25.00625157,1.8632
1628696679037000,0,25.00625157,1.8632
1628696706970000,1,65.09303650,1.8625
1628696708084000,1,46.22453524,1.8625
1628696708100000,1,250.47169001,1.8625
1628696738352000,1,143.65800000,1.8627
1628696738352000,1,106.97735467,1.8624
1628696738448000,1,34.90664533,1.8624
1628696777126000,1,40.09700000,1.8624
1628696777126000,1,27.86500000,1.8621
1628697005959000,1,114.16474028,1.8452
1628697171975000,1,124.28600000,1.8506
1628697172668000,1,104.02876757,1.8502
1628697176331000,1,50.97923243,1.8502
1628697438175000,1,28.61100000,1.8404
1628697438175000,1,27.94600000,1.8400
1628697459616000,0,454.85510000,1.8424
1628698346489000,1,25.23600000,1.8379
1628698448671000,0,63.76400000,1.8379
1628698634705000,1,171.57300000,1.8479
1628698634705000,1,80.28922048,1.8475
1628698658311000,1,46.07100000,1.8481
1628698677533000,1,32.01600000,1.8477
1628699072285000,1,35.62600000,1.8485
1628699072285000,1,44.53300000,1.8481
1628699072925000,0,44.33500000,1.8472
1628699073263000,0,51.55200000,1.8472
1628699999310000,1,54.79800000,1.8498
1628699999310000,1,46.00999999,1.8495
1628699999334000,1,0.00000001,1.8495
1628700368610000,1,24.61700000,1.8472
1628700802620000,1,28.00699999,1.8419
1628701052747000,1,75.64300000,1.8406
1628701052747000,1,57.06400000,1.8402
1628701150075000,1,81.79928817,1.8423
1628701164942000,1,33.52171183,1.8423
1628701165002000,1,90.60899999,1.8419
1628701165004000,1,0.00000001,1.8419
1628701483465000,1,33.21051100,1.8411
1628701502299000,1,13.48346746,1.8411
1628704473238000,1,130.01800000,1.8593
1628704473238000,1,119.19954955,1.8589
1628704473241000,1,30.39245045,1.8589
1628704817027000,0,350.83970000,1.8732
1628705169199000,1,100.90088079,1.8835
1628705311892000,1,66.84400000,1.8846
1628705311892000,1,75.39400000,1.8842
1628705476667000,0,103.06445100,1.8824
1628705486944000,1,200.00000000,1.8812
1628705546132000,1,199.99999999,1.8833
1628705779281000,0,200.00000000,1.8844
1628705897601000,1,200.00000000,1.8838
1628705990494000,0,11.00000000,1.8856
1628706001380000,1,229.85875605,1.8953
1628706001381000,1,7.47999233,1.8953
1628706001699000,0,135.13949800,1.8944
1628706002897000,0,49.00000000,1.8998
1628706070468000,0,229.85875605,1.8982
1628706302640000,1,153.92800000,1.8998
1628706302659000,1,180.69800000,1.8994
1628706351196000,1,88.20444968,1.8959
1628706355407000,1,243.99823738,1.8959
1628706356709000,1,170.57598847,1.8959
1628706546626000,1,15.67342000,1.9025
1628706575470000,1,15.70181000,1.9026
1628706583592000,1,186.84819000,1.9026
1628706583592000,1,162.40600000,1.9022
1628707276879000,0,32.63000000,1.8947
1628707276879000,0,91.92439100,1.8982
1628707317839000,0,86.30714692,1.8991
1628707317839000,0,158.33859803,1.9001
1628707317843000,0,41.66140197,1.9001
1628707317843000,0,202.98434298,1.9001
1628707317845000,0,12.92684019,1.9001
1628707317946000,0,215.69336057,1.9009
1628707867909000,0,182.99000000,1.8887
1628707905600000,0,71.11600000,1.8921
1628707907110000,0,62.88199999,1.8941
1628709091491000,0,24.73000000,1.8739
1628709694398000,0,200.00000000,1.8727
1628709882628000,1,87.50000000,1.8699
1628710138804000,0,149.99300000,1.8794
1628710189885000,0,21.48700000,1.8797
1628710189885000,0,48.38000000,1.8798
1628711198975000,1,106.21002291,1.8938
1628711199038000,1,200.00000000,1.8933
1628711801260000,0,78.37600000,1.8980
1628711954876000,0,30.47799999,1.8968
1628711955010000,0,0.00000001,1.8968
1628712071801000,0,114.17100000,1.8978
1628712124701000,0,44.04200000,1.8985
1628712321570000,0,32.31999999,1.8994
1628712924384000,1,30.48700000,1.8995
1628712924384000,1,35.45800000,1.8991
1628713766625000,1,86.44099999,1.8993
1628713767162000,1,0.00000001,1.8993
1628713767162000,1,70.72500000,1.8990
1628716039876000,0,68.74608538,1.8348
1628716039876000,0,182.16039214,1.8348
1628716064385000,0,132.17400000,1.8451
1628716072621000,0,133.59600000,1.8470
1628716351810000,0,200.00000000,1.8387
1628716563313000,1,200.00000000,1.8288
1628716667026000,0,96.15700000,1.8279
1628717593964000,0,107.46182681,1.8567
1628717713378000,1,132.02700000,1.8602
1628717814383000,1,73.34100000,1.8601
1628717814383000,1,69.06800000,1.8598
1628718414191000,1,47.69800000,1.8700
1628718415868000,1,47.31400000,1.8715
1628718415868000,1,45.16400000,1.8711
1628719523308000,1,20.21700000,1.8647
1628719534408000,1,53.95700000,1.8584
1628719534408000,1,64.87000000,1.8580
1628720537607000,1,200.00000000,1.8213
1628720537930000,1,107.46182681,1.8180
1628720812935000,0,146.18740000,1.8085
1628720851592000,0,68.40000000,1.8130
1628721330730000,1,91.35900000,1.8195
1628721336393000,1,77.82500000,1.8191
1628721447320000,1,42.27304839,1.8204
1628721519136000,1,58.12799999,1.8207
1628721529652000,1,47.09600000,1.8209
1628721529652000,1,57.56300000,1.8205
1628721748610000,1,90.60000000,1.8253
1628721748610000,1,89.50799999,1.8250
1628721748753000,1,0.00000001,1.8250
1628721748753000,1,38.20600000,1.8246
1628721994666000,1,45.53199999,1.8193
1628721996054000,1,0.00000001,1.8193
1628721996054000,1,50.95300000,1.8190
1628722091020000,1,21.44900000,1.8136
1628722091020000,1,27.29999999,1.8133
1628722100810000,1,26.22999999,1.8138
1628722101804000,1,0.00000001,1.8138
1628722101804000,1,33.44399998,1.8134
1628722280585000,1,72.30900000,1.8130
1628722280786000,1,43.71534447,1.8127
1628722327652000,1,35.57099999,1.8125
1628722333383000,1,0.00000001,1.8125
1628722333383000,1,40.26200000,1.8121
1628722335180000,1,67.40299999,1.8125
1628722396143000,0,30.35900000,1.8123
1628722396480000,0,31.60000000,1.8116
1628722809223000,1,24.67700000,1.8188
1628722809223000,1,26.73400000,1.8185
1628722830488000,0,32.00000000,1.8235
1628723084035000,1,27.05400000,1.8240
1628723084035000,1,9.54259522,1.8236
1628723087579000,1,13.99440478,1.8236
1628723410200000,1,47.92718945,1.8256
1628723413367000,1,26.17081055,1.8256
1628723413623000,1,72.63100000,1.8252
1628723644831000,1,21.66300000,1.8234
1628723656522000,1,20.81400000,1.8231
1628723962793000,1,144.58300000,1.8274
1628723962793000,1,35.65860122,1.8270
1628723967453000,1,115.16699401,1.8278
1628723967955000,1,0.00000599,1.8278
1628723967955000,1,73.17808411,1.8275
1628723968631000,1,15.81491589,1.8275
1628724463427000,1,29.71030458,1.8273
1628724470109000,1,12.06238366,1.8273
1628724478905000,0,291.27700000,1.8270
1628724557654000,1,133.41198470,1.8263
1628724650210000,1,68.58400000,1.8262
1628724650210000,1,63.79900000,1.8258
1628724660375000,1,27.11600000,1.8255
1628725186528000,1,301.73999128,1.8339
1628725190219000,1,0.00000872,1.8339
1628725193543000,1,263.93446400,1.8335
1628725193623000,1,119.20461800,1.8335
1628725433982000,1,136.20192752,1.8400
1628725553953000,1,68.73500000,1.8401
1628725553953000,1,67.13530364,1.8397
1628725731377000,1,60.70651401,1.8293
1628726034130000,1,135.83191615,1.8443
1628726172755000,1,108.54299043,1.8458
1628726274136000,1,97.00400000,1.8422
