timestamp ms,type,amount,price
1627344093390000,1,38.35200000,1.3843
1627344093390000,1,35.40300000,1.3841
1627344349599000,0,606.65588000,1.3846
1627344350943000,0,269.75093194,1.3846
1627344351021000,0,269.75093194,1.3846
1627344351095000,0,159.19162402,1.3846
1627344352552000,0,269.66961626,1.3846
1627344352554000,0,269.66961626,1.3846
1627344352611000,0,55.48862887,1.3846
1627344353598000,0,269.69095895,1.3846
1627344353611000,0,217.23699162,1.3846
1627344353633000,0,269.69095895,1.3846
1627344353677000,0,269.65502523,1.3846
1627344353771000,0,206.60031803,1.3846
1627344355609000,0,179.17246416,1.3846
1627344358833000,0,606.61645000,1.3846
1627344361197000,0,269.63029440,1.3846
1627344361206000,0,269.63029440,1.3846
1627344361353000,0,129.14658799,1.3846
1627344362477000,0,606.48505000,1.3846
1627344364567000,0,72.22824124,1.3845
1627344365336000,0,72.22824124,1.3845
1627344366357000,0,72.22824124,1.3845
1627344367143000,0,35.07752629,1.3845
1627344380429000,0,72.22093829,1.3846
1627344381413000,0,72.22093829,1.3846
1627344381688000,0,732.46400000,1.3846
1627344381882000,0,269.25222017,1.3846
1627344381885000,0,243.37858144,1.3846
1627344383603000,0,72.14070323,1.3862
1627344383639000,0,77.85491586,1.3862
1627344392632000,0,72.11625140,1.3866
1627344394544000,0,72.11625140,1.3866
1627344395547000,0,72.11625140,1.3866
1627344396128000,0,31.01535538,1.3866
1627344446100000,0,261.09720000,1.3925
1627344466877000,1,200.00000000,1.3923
1627344466877000,1,68.45864090,1.3923
1627344466877000,1,116.71357610,1.3923
1627344487650000,1,116.71355415,1.3910
1627344487650000,1,152.25433782,1.3910
1627344487702000,1,116.20428366,1.3910
1627344487702000,1,152.76360831,1.3909
1627344487849000,1,47.23639169,1.3909
1627344487849000,1,221.97492154,1.3909
1627344488326000,1,200.00000000,1.3910
1627344488326000,1,46.48369994,1.3909
1627345079077000,1,28.86400000,1.3662
1627345096709000,1,26.11600000,1.3659
1627345233962000,1,32.43200000,1.3676
1627345233962000,1,22.07600000,1.3673
1627345233962000,1,110.15206594,1.3650
1627345348591000,1,32.67300000,1.3710
1627345348591000,1,29.97800000,1.3707
1627345474291000,1,24.66400000,1.3718
1627345474291000,1,157.72587794,1.3689
1627345594328000,1,123.28219828,1.3782
1627345816957000,1,152.99999999,1.3812
1627345912902000,1,98.23300000,1.3842
1627345912902000,1,76.80099999,1.3840
1627345912954000,1,0.00000001,1.3840
1627346376858000,1,122.55500000,1.3764
1627346377104000,1,136.17300000,1.3761
1627346885774000,1,153.00000000,1.3916
1627346912398000,1,200.00000000,1.3891
1627347009987000,1,22.01000000,1.3935
1627347009987000,1,23.40000000,1.3932
1627347390978000,1,38.53800000,1.3917
1627347390978000,1,29.28558214,1.3915
1627347994542000,1,23.77300000,1.3971
1627347995659000,1,24.74300000,1.3968
1627349006681000,1,26.15700000,1.3684
1627349091283000,1,81.35300000,1.3609
1627349223151000,1,55.52800000,1.3635
1627349230896000,1,60.56600000,1.3635
1627349231961000,1,42.08800000,1.3632
1627349497531000,1,21.59700000,1.3636
1627349497746000,1,20.81600000,1.3634
1627349639829000,1,108.70500000,1.3605
1627349657636000,1,24.39300000,1.3601
1627349659803000,1,28.41100000,1.3599
1627349794466000,1,114.29800000,1.3568
1627349797913000,1,54.35200000,1.3570
1627349806672000,1,51.76400000,1.3567
1627349898062000,1,23.45200000,1.3559
1627349899173000,1,22.37400000,1.3556
1627350530803000,1,36.82100000,1.3625
1627350533038000,1,32.72900000,1.3623
1627350677543000,1,155.41000000,1.3586
1627350678409000,1,175.25100000,1.3584
1627350999671000,1,36.86700000,1.3587
1627351001237000,1,33.10600000,1.3586
1627351001538000,0,32.09200000,1.3581
1627351721625000,1,21.58700000,1.3574
1627351722659000,1,22.59200000,1.3571
1627352172756000,1,102.38500000,1.3570
1627352219309000,1,78.37800000,1.3570
1627352231728000,1,68.97300000,1.3567
1627352247213000,1,42.15100000,1.3541
1627352255802000,1,44.75300000,1.3539
1627352537976000,0,58.27600000,1.3564
1627352766054000,1,99.04500000,1.3562
1627353021938000,0,68.40100000,1.3537
1627353205950000,1,87.81500000,1.3534
1627353230971000,1,49.01100000,1.3532
1627353230971000,1,35.44500000,1.3530
1627353654646000,1,37.69300000,1.3502
1627353781589000,1,20.69200000,1.3489
1627354251571000,1,319.29913624,1.3530
1627354287695000,1,63.69876000,1.3543
1627354301638000,1,139.13224000,1.3543
1627354301638000,1,149.91900000,1.3540
1627354531465000,1,50.09800000,1.3522
1627354531465000,1,42.18800000,1.3519
1627354732978000,0,81.50600000,1.3444
1627354733325000,0,64.04100000,1.3444
1627354733327000,1,179.80869922,1.3334
1627355037763000,1,41.60900000,1.3348
1627355038044000,0,40.22200000,1.3343
1627355500572000,1,103.64000000,1.3322
1627355620824000,1,117.77898798,1.3350
1627355741017000,1,45.93100000,1.3416
1627355741017000,1,50.52400000,1.3414
1627356264785000,1,45.85000000,1.3508
1627356621130000,1,31.43800000,1.3534
1627356621130000,1,25.20800000,1.3532
1627356991704000,0,45.60500000,1.3472
1627356992061000,0,42.94800000,1.3472
1627357787848000,1,78.67800000,1.3532
1627357787848000,1,99.04200000,1.3529
1627358174745000,0,38.61000000,1.3496
1627358175091000,0,27.95900000,1.3496
1627358909550000,1,54.57600000,1.3513
1627358909550000,1,79.81800000,1.3510
1627359089748000,1,52.54200000,1.3519
1627359089748000,1,56.97300000,1.3516
1627359940917000,1,25.89400000,1.3484
1627359941089000,0,10.00792000,1.3478
1627363772074000,0,62.15900000,1.3725
1627363772074000,0,39.89501565,1.3739
1627365323716000,1,183.10000000,1.3803
1627365328870000,1,91.50000000,1.3803
1627365333696000,1,300.83107300,1.3826
1627365333698000,1,332.90592700,1.3826
1627365333739000,1,91.50000000,1.3823
1627365338815000,1,91.50000000,1.3823
1627365343808000,1,48.80000000,1.3823
1627365348767000,1,220.56807800,1.3823
1627366190005000,1,173.18067956,1.3746
1627366878126000,1,21.78900000,1.3890
1627366878126000,1,0.11451000,1.3887
1627367234642000,0,37.18000000,1.3976
1627367234994000,0,37.93100000,1.3976
1627367570595000,0,46.89833538,1.4039
1627367708462000,1,42.98000000,1.4004
1627367708462000,1,35.88300000,1.4002
1627367912444000,1,46.40791848,1.3812
1627372670839000,1,132.24313013,1.3693
1627372670896000,1,17.31786987,1.3693
1627372670896000,1,134.00311887,1.3690
1627372683652000,1,31.43900000,1.3709
1627372867619000,1,112.39098984,1.3716
1627372867626000,1,3.44001016,1.3716
1627372872248000,1,112.39098984,1.3713
1627373254975000,1,72.39500000,1.3763
1627373255404000,0,66.76400000,1.3759
1627373263859000,1,21.71900000,1.3757
1627373948327000,1,62.49100000,1.3794
1627373965596000,1,56.92200000,1.3791
1627374550317000,0,36.99400000,1.3841
1627374550653000,0,27.90800000,1.3841
1627376235164000,1,67.06800000,1.3919
1627376235164000,1,46.28786000,1.3916
1627377033820000,1,48.10000000,1.3899
1627378939380000,1,42.65300000,1.3959
1627378939380000,1,45.67896000,1.3957
1627379078799000,1,28.50700000,1.3986
1627379078799000,1,0.02866000,1.3983
1627379450572000,1,26.63600000,1.4045
1627379450572000,1,7.14156000,1.4042
1627379519556000,1,181.20000000,1.3942
1627379524924000,1,48.00000000,1.3945
1627380263777000,1,605.78961000,1.3866
1627380263777000,1,200.00000000,1.3866
1627381247402000,0,1224.73219836,1.3865
1627381256211000,0,605.83767000,1.3865
1627381269032000,0,714.00000000,1.3865
1627381273840000,0,714.00000000,1.3865
1627381277965000,0,714.00000000,1.3865
1627381281968000,0,714.00000000,1.3865
1627381288840000,0,714.00000000,1.3865
1627381293680000,0,714.00000000,1.3865
1627381298099000,0,714.00000000,1.3865
1627381298349000,0,522.00000000,1.3865
1627381316296000,0,60.24340193,1.3865
1627381638867000,1,36.55212082,1.3990
1627381870299000,1,36.11835392,1.4024
1627381926895000,1,49.87658532,1.4037
1627381928096000,1,89.59141468,1.4037
1627381928096000,1,117.37675423,1.4034
1627383061400000,1,24.76600000,1.4060
1627383061400000,1,23.13400000,1.4057
1627383066994000,1,0.40600000,1.4057
1627383066994000,1,47.49400000,1.4038
1627383349435000,0,102.95700000,1.4039
1627383349794000,0,102.95700000,1.4037
1627383932194000,1,32.20400000,1.4016
1627383934861000,1,23.80400000,1.4014
1627385006889000,0,30.32600000,1.4014
1627386228336000,1,33.77300000,1.4093
1627386228336000,1,14.02700000,1.4090
1627388408793000,0,245.25600000,1.4016
1627388675874000,0,71.39083627,1.4007
1627388678759000,0,31.78716373,1.4007
1627388678759000,0,81.06900000,1.4022
1627388678759000,0,200.00000000,1.4089
1627388678759000,0,250.07776000,1.4089
1627388678759000,0,153.00000000,1.4112
1627388678759000,0,104.33761584,1.4176
1627388678759000,0,522.00000000,1.4176
1627388678759000,0,4512.00000000,1.4176
1627388678759000,0,225.41853368,1.4255
1627388678759000,0,95.98873899,1.4262
1627388678759000,0,701.95888135,1.4370
1627388678759000,0,159.76154976,1.4370
1627388796426000,1,78.53752000,1.4083
1627389036343000,1,633.41709466,1.4097
1627389170051000,0,173.53100000,1.4114
1627389199288000,1,39.75800000,1.4133
1627389262802000,1,47.70000000,1.4133
1627389502534000,1,89.30000000,1.4152
1627389507166000,1,89.30000000,1.4163
1627389512162000,1,89.30000000,1.4163
1627389517291000,1,51.60000000,1.4157
1627389592033000,1,47.70000000,1.4157
1627389612361000,1,47.60000000,1.4171
1627389682444000,1,89.20000000,1.4172
1627389687518000,1,89.20000000,1.4191
1627389692419000,1,89.20000000,1.4162
1627389697595000,1,51.60000000,1.4162
1627390061313000,0,75.37500000,1.4174
1627390069569000,1,39.26348228,1.4175
1627390071624000,0,85.65400000,1.4190
1627390136461000,1,368.99999296,1.4197
1627390312194000,1,89.10000000,1.4227
1627390317273000,1,89.00000000,1.4229
1627390322329000,1,89.00000000,1.4230
1627390327280000,1,89.00000000,1.4230
1627390332391000,1,47.60000000,1.4225
1627390574285000,1,98.40959000,1.4252
1627390593182000,1,115.21200000,1.4292
1627390593443000,1,117.63700000,1.4290
1627390595320000,1,115.41327000,1.4197
1627390892889000,1,47.60000000,1.4217
1627390898019000,1,47.60000000,1.4220
1627390917882000,1,88.90000000,1.4239
1627390922847000,1,88.90000000,1.4241
1627390927797000,1,88.80000000,1.4240
1627390937705000,1,52.00000000,1.4240
1627393463664000,1,152.00000000,1.4240
1627393463664000,1,25.40000000,1.4195
1627393468668000,1,88.70000000,1.4241
1627393473745000,1,52.30000000,1.4227
1627394273999000,1,47.50000000,1.4250
1627394483510000,1,177.50000000,1.4276
1627394484284000,1,88.50000000,1.4276
1627394488539000,1,47.40000000,1.4276
1627394613759000,1,52.56092160,1.4227
1627398751731000,1,47.50000000,1.4211
1627401481343000,1,27.41500000,1.3958
1627401481343000,1,22.35800000,1.3956
1627402811760000,1,154.00000000,1.3773
1627402811760000,1,200.00000000,1.3740
1627402811760000,1,499.00000000,1.3739
1627402811760000,1,611.38930000,1.3739
1627402811760000,1,263.59229431,1.3717
1627402811760000,1,182.87103153,1.3714
1627402811760000,1,457.17757883,1.3714
1627402811760000,1,254.37484215,1.3714
1627402811760000,1,1194.58446513,1.3687
1627402811760000,1,3220.40973140,1.3687
1627404860928000,0,49.56300000,1.3652
1627404861283000,0,45.83200000,1.3652
1627405234312000,0,23.30300000,1.3584
1627405234679000,0,28.13500000,1.3584
1627405678049000,0,44.85000000,1.3579
1627405678383000,0,52.96259070,1.3579
1627405678383000,0,9.93640930,1.3579
1627406447289000,1,174.52400000,1.3616
1627406466286000,1,66.05100000,1.3613
1627406683913000,1,49.40773000,1.3626
1627406696419000,1,20.63627000,1.3626
1627406699610000,0,48.51900000,1.3612
1627406699969000,0,44.86700000,1.3612
1627407298506000,0,154.00000000,1.3643
1627407298558000,1,116.83923132,1.3653
1627407298566000,1,89.27076868,1.3653
1627407298845000,0,46.73569253,1.3643
1627407298845000,0,116.83923132,1.3643
1627407313603000,1,154.98407615,1.3651
1627408115273000,1,60.69100000,1.3641
1627408133760000,1,56.31100000,1.3639
1627408843944000,1,121.10700000,1.3648
1627408845832000,0,114.52500000,1.3644
1627408846191000,0,53.20655964,1.3640
1627408846191000,0,71.84944036,1.3640
1627408846534000,0,23.69600000,1.3640
1627411254998000,0,22.52200000,1.3798
1627413218597000,0,71.41500000,1.3803
1627413400849000,1,26.48900000,1.3799
1627414146711000,1,50.40200000,1.3802
1627414180115000,1,28.94672000,1.3798
1627415903079000,0,34.86100000,1.3878
1627415903422000,0,29.69600000,1.3876
1627416195301000,1,48.10000000,1.3873
1627416258472000,1,48.10000000,1.3905
1627416283007000,1,90.90000000,1.3902
1627416287998000,1,90.90000000,1.3894
1627416328174000,1,90.80000000,1.3922
1627416333233000,1,90.80000000,1.3913
1627416338207000,1,90.80000000,1.3907
1627416343284000,1,49.60000000,1.3908
1627416356515000,1,48.00000000,1.3891
1627418344281000,1,90.40000000,1.3965
1627418349193000,1,90.40000000,1.3967
1627418354274000,1,90.40000000,1.3960
1627418359350000,1,50.10000000,1.3957
1627419310023000,1,180.70000000,1.3982
1627419315402000,1,90.30000000,1.3981
1627419320233000,1,90.30000000,1.3962
1627420470431000,1,180.70000000,1.3986
1627420475460000,1,90.30000000,1.3988
1627420480635000,1,65.80000000,1.3991
1627420515618000,1,90.30000000,1.4000
1627420520632000,1,90.30000000,1.4001
1627420555703000,1,47.90000000,1.4009
1627420602346000,1,180.50000000,1.4040
1627420605521000,1,90.20000000,1.4034
1627420607350000,1,90.20000000,1.4038
1627420860531000,1,89.90000000,1.4059
1627420870582000,1,89.80000000,1.4059
1627420875544000,1,89.80000000,1.4059
1627420880597000,1,89.80000000,1.4059
1627420985988000,1,89.80000000,1.4079
1627420990609000,1,89.70000000,1.4080
1627420995482000,1,89.70000000,1.4078
1627421000590000,1,50.90000000,1.4077
1627421882874000,1,107.31291920,1.4093
1627421882874000,1,134.86798869,1.4093
1627422331340000,1,47.70000000,1.4099
1627423242937000,1,200.00000000,1.4046
1627423638464000,0,272.60844268,1.4013
1627425255668000,1,47.70000000,1.4139
1627425406372000,1,47.60000000,1.4166
1627425916415000,1,88.70000000,1.4284
1627425921330000,1,88.70000000,1.4285
1627425926363000,1,88.70000000,1.4287
1627426187080000,1,88.20000000,1.4353
1627426192072000,1,88.20000000,1.4353
1627426197074000,1,88.20000000,1.4360
1627426202102000,1,88.20000000,1.4360
1627426207215000,1,53.90000000,1.4360
1627426367201000,1,87.90000000,1.4429
1627426367207000,0,271.12803398,1.4447
1627426372217000,1,47.20000000,1.4439
1627426714396000,0,138.90299999,1.4350
1627426784619000,0,0.00000001,1.4350
1627426784619000,0,120.72900000,1.4366
1627426958888000,1,200.00000000,1.4406
1627427013924000,0,62.62699999,1.4410
1627427014035000,0,0.00000001,1.4410
1627427014035000,0,70.62200000,1.4426
1627427892240000,0,61.68424225,1.4289
1627429162766000,0,274.61557445,1.4180
1627429162782000,0,73.68942555,1.4180
1627429288497000,0,144.10000000,1.4185
1627429327181000,0,206.36600000,1.4200
1627430083529000,0,33.71900000,1.4274
