timestamp ms,type,amount,price
1627344093390000,1,38.35200000,1.3843
1627344093390000,1,35.40300000,1.3841
1627344349599000,0,606.65588000,1.3846
1627344350943000,0,269.75093194,1.3846
1627344351021000,0,269.75093194,1.3846
1627344351095000,0,159.19162402,1.3846
1627344352552000,0,269.66961626,1.3846
1627344352554000,0,269.66961626,1.3846
1627344352611000,0,55.48862887,1.3846
1627344353598000,0,269.69095895,1.3846
1627344353611000,0,217.23699162,1.3846
1627344353633000,0,269.69095895,1.3846
1627344353677000,0,269.65502523,1.3846
1627344353771000,0,206.60031803,1.3846
1627344355609000,0,179.17246416,1.3846
1627344358833000,0,606.61645000,1.3846
1627344361197000,0,269.63029440,1.3846
1627344361206000,0,269.63029440,1.3846
1627344361353000,0,129.14658799,1.3846
1627344362477000,0,606.48505000,1.3846
1627344364567000,0,72.22824124,1.3845
1627344365336000,0,72.22824124,1.3845
1627344366357000,0,72.22824124,1.3845
1627344367143000,0,35.07752629,1.3845
1627344380429000,0,72.22093829,1.3846
1627344381413000,0,72.22093829,1.3846
1627344381688000,0,732.46400000,1.3846
1627344381882000,0,269.25222017,1.3846
1627344381885000,0,243.37858144,1.3846
1627344383603000,0,72.14070323,1.3862
1627344383639000,0,77.85491586,1.3862
1627344392632000,0,72.11625140,1.3866
1627344394544000,0,72.11625140,1.3866
1627344395547000,0,72.11625140,1.3866
1627344396128000,0,31.01535538,1.3866
1627344446100000,0,261.09720000,1.3925
1627344466877000,1,200.00000000,1.3923
1627344466877000,1,68.45864090,1.3923
1627344466877000,1,116.71357610,1.3923
1627344487650000,1,116.71355415,1.3910
1627344487650000,1,152.25433782,1.3910
1627344487702000,1,116.20428366,1.3910
1627344487702000,1,152.76360831,1.3909
1627344487849000,1,47.23639169,1.3909
1627344487849000,1,221.97492154,1.3909
1627344488326000,1,200.00000000,1.3910
1627344488326000,1,46.48369994,1.3909
1627345079077000,1,28.86400000,1.3662
1627345096709000,1,26.11600000,1.3659
1627345233962000,1,32.43200000,1.3676
1627345233962000,1,22.07600000,1.3673
1627345233962000,1,110.15206594,1.3650
1627345348591000,1,32.67300000,1.3710
1627345348591000,1,29.97800000,1.3707
1627345474291000,1,24.66400000,1.3718
1627345474291000,1,157.72587794,1.3689
1627345594328000,1,123.28219828,1.3782
1627345816957000,1,152.99999999,1.3812
1627345912902000,1,98.23300000,1.3842
1627345912902000,1,76.80099999,1.3840
1627345912954000,1,0.00000001,1.3840
1627346376858000,1,122.55500000,1.3764
1627346377104000,1,136.17300000,1.3761
1627346885774000,1,153.00000000,1.3916
1627346912398000,1,200.00000000,1.3891
1627347009987000,1,22.01000000,1.3935
1627347009987000,1,23.40000000,1.3932
1627347390978000,1,38.53800000,1.3917
1627347390978000,1,29.28558214,1.3915
1627347994542000,1,23.77300000,1.3971
1627347995659000,1,24.74300000,1.3968
1627349006681000,1,26.15700000,1.3684
1627349091283000,1,81.35300000,1.3609
1627349223151000,1,55.52800000,1.3635
1627349230896000,1,60.56600000,1.3635
1627349231961000,1,42.08800000,1.3632
1627349497531000,1,21.59700000,1.3636
1627349497746000,1,20.81600000,1.3634
1627349639829000,1,108.70500000,1.3605
1627349657636000,1,24.39300000,1.3601
1627349659803000,1,28.41100000,1.3599
1627349794466000,1,114.29800000,1.3568
1627349797913000,1,54.35200000,1.3570
1627349806672000,1,51.76400000,1.3567
1627349898062000,1,23.45200000,1.3559
1627349899173000,1,22.37400000,1.3556
1627350530803000,1,36.82100000,1.3625
1627350533038000,1,32.72900000,1.3623
1627350677543000,1,155.41000000,1.3586
1627350678409000,1,175.25100000,1.3584
1627350999671000,1,36.86700000,1.3587
1627351001237000,1,33.10600000,1.3586
1627351001538000,0,32.09200000,1.3581
1627351721625000,1,21.58700000,1.3574
1627351722659000,1,22.59200000,1.3571
1627352172756000,1,102.38500000,1.3570
1627352219309000,1,78.37800000,1.3570
1627352231728000,1,68.97300000,1.3567
1627352247213000,1,42.15100000,1.3541
1627352255802000,1,44.75300000,1.3539
1627352537976000,0,58.27600000,1.3564
1627352766054000,1,99.04500000,1.3562
1627353021938000,0,68.40100000,1.3537
1627353205950000,1,87.81500000,1.3534
1627353230971000,1,49.01100000,1.3532
1627353230971000,1,35.44500000,1.3530
1627353654646000,1,37.69300000,1.3502
1627353781589000,1,20.69200000,1.3489
1627354251571000,1,319.29913624,1.3530
1627354287695000,1,63.69876000,1.3543
1627354301638000,1,139.13224000,1.3543
1627354301638000,1,149.91900000,1.3540
1627354531465000,1,50.09800000,1.3522
1627354531465000,1,42.18800000,1.3519
1627354732978000,0,81.50600000,1.3444
1627354733325000,0,64.04100000,1.3444
1627354733327000,1,179.80869922,1.3334
1627355037763000,1,41.60900000,1.3348
1627355038044000,0,40.22200000,1.3343
1627355500572000,1,103.64000000,1.3322
1627355620824000,1,117.77898798,1.3350
1627355741017000,1,45.93100000,1.3416
1627355741017000,1,50.52400000,1.3414
1627356264785000,1,45.85000000,1.3508
1627356621130000,1,31.43800000,1.3534
1627356621130000,1,25.20800000,1.3532
1627356991704000,0,45.60500000,1.3472
1627356992061000,0,42.94800000,1.3472
1627357787848000,1,78.67800000,1.3532
1627357787848000,1,99.04200000,1.3529
1627358174745000,0,38.61000000,1.3496
1627358175091000,0,27.95900000,1.3496
1627358909550000,1,54.57600000,1.3513
1627358909550000,1,79.81800000,1.3510
1627359089748000,1,52.54200000,1.3519
1627359089748000,1,56.97300000,1.3516
1627359940917000,1,25.89400000,1.3484
1627359941089000,0,10.00792000,1.3478
1627363772074000,0,62.15900000,1.3725
1627363772074000,0,39.89501565,1.3739
1627365323716000,1,183.10000000,1.3803
1627365328870000,1,91.50000000,1.3803
1627365333696000,1,300.83107300,1.3826
1627365333698000,1,332.90592700,1.3826
1627365333739000,1,91.50000000,1.3823
1627365338815000,1,91.50000000,1.3823
1627365343808000,1,48.80000000,1.3823
1627365348767000,1,220.56807800,1.3823
1627366190005000,1,173.18067956,1.3746
1627366878126000,1,21.78900000,1.3890
1627366878126000,1,0.11451000,1.3887
1627367234642000,0,37.18000000,1.3976
1627367234994000,0,37.93100000,1.3976
1627367570595000,0,46.89833538,1.4039
1627367708462000,1,42.98000000,1.4004
1627367708462000,1,35.88300000,1.4002
1627367912444000,1,46.40791848,1.3812
1627372670839000,1,132.24313013,1.3693
1627372670896000,1,17.31786987,1.3693
1627372670896000,1,134.00311887,1.3690
1627372683652000,1,31.43900000,1.3709
1627372867619000,1,112.39098984,1.3716
1627372867626000,1,3.44001016,1.3716
1627372872248000,1,112.39098984,1.3713
1627373254975000,1,72.39500000,1.3763
1627373255404000,0,66.76400000,1.3759
1627373263859000,1,21.71900000,1.3757
1627373948327000,1,62.49100000,1.3794
1627373965596000,1,56.92200000,1.3791
1627374550317000,0,36.99400000,1.3841
1627374550653000,0,27.90800000,1.3841
1627376235164000,1,67.06800000,1.3919
1627376235164000,1,46.28786000,1.3916
1627377033820000,1,48.10000000,1.3899
1627378939380000,1,42.65300000,1.3959
1627378939380000,1,45.67896000,1.3957
1627379078799000,1,28.50700000,1.3986
1627379078799000,1,0.02866000,1.3983
1627379450572000,1,26.63600000,1.4045
1627379450572000,1,7.14156000,1.4042
1627379519556000,1,181.20000000,1.3942
1627379524924000,1,48.00000000,1.3945
1627380263777000,1,605.78961000,1.3866
1627380263777000,1,200.00000000,1.3866
1627381247402000,0,1224.73219836,1.3865
1627381256211000,0,605.83767000,1.3865
1627381269032000,0,714.00000000,1.3865
1627381273840000,0,714.00000000,1.3865
1627381277965000,0,714.00000000,1.3865
1627381281968000,0,714.00000000,1.3865
1627381288840000,0,714.00000000,1.3865
1627381293680000,0,714.00000000,1.3865
1627381298099000,0,714.00000000,1.3865
1627381298349000,0,522.00000000,1.3865
1627381316296000,0,60.24340193,1.3865
1627381638867000,1,36.55212082,1.3990
1627381870299000,1,36.11835392,1.4024
1627381926895000,1,49.87658532,1.4037
1627381928096000,1,89.59141468,1.4037
1627381928096000,1,117.37675423,1.4034
1627383061400000,1,24.76600000,1.4060
1627383061400000,1,23.13400000,1.4057
1627383066994000,1,0.40600000,1.4057
1627383066994000,1,47.49400000,1.4038
1627383349435000,0,102.95700000,1.4039
1627383349794000,0,102.95700000,1.4037
1627383932194000,1,32.20400000,1.4016
1627383934861000,1,23.80400000,1.4014
1627385006889000,0,30.32600000,1.4014
1627386228336000,1,33.77300000,1.4093
1627386228336000,1,14.02700000,1.4090
1627388408793000,0,245.25600000,1.4016
1627388675874000,0,71.39083627,1.4007
1627388678759000,0,31.78716373,1.4007
1627388678759000,0,81.06900000,1.4022
1627388678759000,0,200.00000000,1.4089
1627388678759000,0,250.07776000,1.4089
1627388678759000,0,153.00000000,1.4112
1627388678759000,0,104.33761584,1.4176
1627388678759000,0,522.00000000,1.4176
1627388678759000,0,4512.00000000,1.4176
1627388678759000,0,225.41853368,1.4255
1627388678759000,0,95.98873899,1.4262
1627388678759000,0,701.95888135,1.4370
1627388678759000,0,159.76154976,1.4370
1627388796426000,1,78.53752000,1.4083
1627389036343000,1,633.41709466,1.4097
1627389170051000,0,173.53100000,1.4114
1627389199288000,1,39.75800000,1.4133
1627389262802000,1,47.70000000,1.4133
1627389502534000,1,89.30000000,1.4152
1627389507166000,1,89.30000000,1.4163
1627389512162000,1,89.30000000,1.4163
1627389517291000,1,51.60000000,1.4157
1627389592033000,1,47.70000000,1.4157
1627389612361000,1,47.60000000,1.4171
1627389682444000,1,89.20000000,1.4172
1627389687518000,1,89.20000000,1.4191
1627389692419000,1,89.20000000,1.4162
1627389697595000,1,51.60000000,1.4162
1627390061313000,0,75.37500000,1.4174
1627390069569000,1,39.26348228,1.4175
1627390071624000,0,85.65400000,1.4190
1627390136461000,1,368.99999296,1.4197
1627390312194000,1,89.10000000,1.4227
1627390317273000,1,89.00000000,1.4229
1627390322329000,1,89.00000000,1.4230
1627390327280000,1,89.00000000,1.4230
1627390332391000,1,47.60000000,1.4225
1627390574285000,1,98.40959000,1.4252
1627390593182000,1,115.21200000,1.4292
1627390593443000,1,117.63700000,1.4290
1627390595320000,1,115.41327000,1.4197
1627390892889000,1,47.60000000,1.4217
1627390898019000,1,47.60000000,1.4220
1627390917882000,1,88.90000000,1.4239
1627390922847000,1,88.90000000,1.4241
1627390927797000,1,88.80000000,1.4240
1627390937705000,1,52.00000000,1.4240
1627393463664000,1,152.00000000,1.4240
1627393463664000,1,25.40000000,1.4195
1627393468668000,1,88.70000000,1.4241
1627393473745000,1,52.30000000,1.4227
1627394273999000,1,47.50000000,1.4250
1627394483510000,1,177.50000000,1.4276
1627394484284000,1,88.50000000,1.4276
1627394488539000,1,47.40000000,1.4276
1627394613759000,1,52.56092160,1.4227
1627398751731000,1,47.50000000,1.4211
1627401481343000,1,27.41500000,1.3958
1627401481343000,1,22.35800000,1.3956
1627402811760000,1,154.00000000,1.3773
1627402811760000,1,200.00000000,1.3740
1627402811760000,1,499.00000000,1.3739
1627402811760000,1,611.38930000,1.3739
1627402811760000,1,263.59229431,1.3717
1627402811760000,1,182.87103153,1.3714
1627402811760000,1,457.17757883,1.3714
1627402811760000,1,254.37484215,1.3714
1627402811760000,1,1194.58446513,1.3687
1627402811760000,1,3220.40973140,1.3687
1627404860928000,0,49.56300000,1.3652
1627404861283000,0,45.83200000,1.3652
1627405234312000,0,23.30300000,1.3584
1627405234679000,0,28.13500000,1.3584
1627405678049000,0,44.85000000,1.3579
1627405678383000,0,52.96259070,1.3579
1627405678383000,0,9.93640930,1.3579
1627406447289000,1,174.52400000,1.3616
1627406466286000,1,66.05100000,1.3613
1627406683913000,1,49.40773000,1.3626
1627406696419000,1,20.63627000,1.3626
1627406699610000,0,48.51900000,1.3612
1627406699969000,0,44.86700000,1.3612
1627407298506000,0,154.00000000,1.3643
1627407298558000,1,116.83923132,1.3653
1627407298566000,1,89.27076868,1.3653
1627407298845000,0,46.73569253,1.3643
1627407298845000,0,116.83923132,1.3643
1627407313603000,1,154.98407615,1.3651
1627408115273000,1,60.69100000,1.3641
1627408133760000,1,56.31100000,1.3639
1627408843944000,1,121.10700000,1.3648
1627408845832000,0,114.52500000,1.3644
1627408846191000,0,53.20655964,1.3640
1627408846191000,0,71.84944036,1.3640
1627408846534000,0,23.69600000,1.3640
1627411254998000,0,22.52200000,1.3798
1627413218597000,0,71.41500000,1.3803
1627413400849000,1,26.48900000,1.3799
1627414146711000,1,50.40200000,1.3802
1627414180115000,1,28.94672000,1.3798
1627415903079000,0,34.86100000,1.3878
1627415903422000,0,29.69600000,1.3876
1627416195301000,1,48.10000000,1.3873
1627416258472000,1,48.10000000,1.3905
1627416283007000,1,90.90000000,1.3902
1627416287998000,1,90.90000000,1.3894
1627416328174000,1,90.80000000,1.3922
1627416333233000,1,90.80000000,1.3913
1627416338207000,1,90.80000000,1.3907
1627416343284000,1,49.60000000,1.3908
1627416356515000,1,48.00000000,1.3891
1627418344281000,1,90.40000000,1.3965
1627418349193000,1,90.40000000,1.3967
1627418354274000,1,90.40000000,1.3960
1627418359350000,1,50.10000000,1.3957
1627419310023000,1,180.70000000,1.3982
1627419315402000,1,90.30000000,1.3981
1627419320233000,1,90.30000000,1.3962
1627420470431000,1,180.70000000,1.3986
1627420475460000,1,90.30000000,1.3988
1627420480635000,1,65.80000000,1.3991
1627420515618000,1,90.30000000,1.4000
1627420520632000,1,90.30000000,1.4001
1627420555703000,1,47.90000000,1.4009
1627420602346000,1,180.50000000,1.4040
1627420605521000,1,90.20000000,1.4034
1627420607350000,1,90.20000000,1.4038
1627420860531000,1,89.90000000,1.4059
1627420870582000,1,89.80000000,1.4059
1627420875544000,1,89.80000000,1.4059
1627420880597000,1,89.80000000,1.4059
1627420985988000,1,89.80000000,1.4079
1627420990609000,1,89.70000000,1.4080
1627420995482000,1,89.70000000,1.4078
1627421000590000,1,50.90000000,1.4077
1627421882874000,1,107.31291920,1.4093
1627421882874000,1,134.86798869,1.4093
1627422331340000,1,47.70000000,1.4099
1627423242937000,1,200.00000000,1.4046
1627423638464000,0,272.60844268,1.4013
1627425255668000,1,47.70000000,1.4139
1627425406372000,1,47.60000000,1.4166
1627425916415000,1,88.70000000,1.4284
1627425921330000,1,88.70000000,1.4285
1627425926363000,1,88.70000000,1.4287
1627426187080000,1,88.20000000,1.4353
1627426192072000,1,88.20000000,1.4353
1627426197074000,1,88.20000000,1.4360
1627426202102000,1,88.20000000,1.4360
1627426207215000,1,53.90000000,1.4360
1627426367201000,1,87.90000000,1.4429
1627426367207000,0,271.12803398,1.4447
1627426372217000,1,47.20000000,1.4439
1627426714396000,0,138.90299999,1.4350
1627426784619000,0,0.00000001,1.4350
1627426784619000,0,120.72900000,1.4366
1627426958888000,1,200.00000000,1.4406
1627427013924000,0,62.62699999,1.4410
1627427014035000,0,0.00000001,1.4410
1627427014035000,0,70.62200000,1.4426
1627427892240000,0,61.68424225,1.4289
1627429162766000,0,274.61557445,1.4180
1627429162782000,0,73.68942555,1.4180
1627429288497000,0,144.10000000,1.4185
1627429327181000,0,206.36600000,1.4200
1627430083529000,0,33.71900000,1.4274
1627430226839000,0,41.11740000,1.4290
1627430737275000,0,31.79900000,1.4251
1627430737275000,0,21.64500000,1.4266
1627431871264000,0,73.81200000,1.4284
1627431889603000,0,72.03300000,1.4299
1627432937300000,1,200.00000000,1.4154
1627432937327000,1,154.00000000,1.4155
1627432937378000,1,87.10304518,1.4151
1627433032050000,0,35.25599999,1.4129
1627433091865000,0,0.00000001,1.4129
1627433857408000,1,279.05970695,1.4016
1627433857412000,1,279.05970695,1.4016
1627434941750000,1,35.92199999,1.4031
1627434949214000,1,0.00000001,1.4031
1627434949214000,1,38.58299998,1.4028
1627435073030000,1,232.87101896,1.4037
1627435133426000,1,34.76376464,1.4049
1627435146549000,1,98.97123535,1.4049
1627435188790000,1,48.16000000,1.4052
1627435188790000,1,36.63681249,1.4049
1627435188818000,1,16.13418751,1.4049
1627435331327000,1,127.30500000,1.4061
1627435331327000,1,108.44600000,1.4058
1627435905574000,1,276.41100000,1.4078
1627435905633000,1,165.36947733,1.4075
1627435906853000,1,104.46690296,1.4075
1627436933902000,0,193.43600000,1.4240
1627436964504000,0,17.48573701,1.4233
1627436964504000,0,43.71434254,1.4233
1627436964504000,0,46.38092045,1.4233
1627436964860000,0,95.40200000,1.4229
1627437755374000,0,154.51600000,1.4268
1627437764862000,1,114.20700000,1.4267
1627438681952000,1,47.40000000,1.4284
1627438826631000,1,88.30000000,1.4342
1627438831550000,1,88.30000000,1.4342
1627438836752000,1,88.30000000,1.4342
1627438841602000,1,88.30000000,1.4349
1627438846758000,1,88.30000000,1.4349
1627438948956000,1,87.80800000,1.4359
1627439225450000,1,112.43700000,1.4356
1627439900983000,0,280.80376736,1.4242
1627439904112000,0,280.54065960,1.4242
1627439909345000,0,70.62357304,1.4242
1627439988773000,0,137.22100000,1.4244
1627440549292000,0,28.11357887,1.4187
1627440553476000,0,0.20542113,1.4187
1627440565096000,0,281.32805384,1.4187
1627440570479000,0,281.26083649,1.4187
1627440595758000,0,50.66141289,1.4187
1627440596440000,0,28.14522939,1.4187
1627440639321000,0,188.91544647,1.4187
1627440855543000,0,40.01772972,1.4181
1627441195890000,0,205.08100000,1.4126
1627441216753000,0,170.90100000,1.4142
1627441434859000,0,175.56100000,1.4054
1627441563948000,0,71.30684047,1.4024
1627441596665000,0,25.73215953,1.4024
1627441672943000,0,505.50947400,1.4025
1627441677897000,0,228.12850470,1.4025
1627441679780000,0,0.00002130,1.4025
1627441719867000,0,50.63999999,1.4035
1627441855458000,0,0.00000001,1.4035
1627442161250000,0,29.88635187,1.4040
1627442161351000,0,16.48364813,1.4040
1627442161351000,0,50.06951109,1.4040
1627442413262000,0,80.68600000,1.4021
1627442413262000,0,58.92682263,1.4036
1627442419034000,0,3.19417737,1.4036
1627442449891000,0,69.68500000,1.4062
1627442457662000,0,69.19607579,1.4078
1627443557797000,1,154.00000000,1.4228
1627444061098000,1,35.81000000,1.4127
1627444065141000,1,31.12400000,1.4124
1627444996979000,1,29.45200000,1.4084
1627445224707000,1,20.47000000,1.4004
1627445224707000,1,23.56500000,1.4001
1627445310943000,1,32.60800000,1.4005
1627445310943000,1,22.30098071,1.4002
1627445325192000,1,3.78501929,1.4002
1627445325192000,1,154.00000000,1.3955
1627445512540000,1,25.24000000,1.3957
1627445512880000,0,20.95400000,1.3942
1627445953723000,1,37.98300000,1.3954
1627445953723000,1,49.90700000,1.3951
1627446593004000,1,27.39900000,1.3955
1627446593004000,1,27.09800000,1.3952
1627446839393000,1,52.77099999,1.3940
1627446842238000,1,0.00000001,1.3940
1627446842238000,1,38.85800000,1.3937
1627446845677000,1,33.18800000,1.3944
1627446845677000,1,24.03400000,1.3942
1627447560043000,0,72.05597308,1.3878
1627447560821000,0,72.05597308,1.3878
1627447565422000,0,71.99890562,1.3889
1627447566260000,0,71.99890562,1.3889
1627447566969000,0,71.99890562,1.3889
1627447567775000,0,55.51637512,1.3889
1627447570185000,0,6.16848612,1.3889
1627447577221000,0,71.98853942,1.3891
1627447577747000,0,71.98853942,1.3891
1627447578542000,0,28.57142858,1.3891
1627448939955000,1,57.95000000,1.3976
1627448981166000,1,34.37999999,1.3978
1627449285485000,1,68.38899999,1.4047
1627449307832000,1,42.06300000,1.4046
1627449307832000,1,41.23000000,1.4043
1627449837417000,1,53.57100000,1.4077
1627449837417000,1,20.71195594,1.4075
1627450187010000,1,44.99300000,1.4089
1627450328865000,1,28.82400000,1.4083
1627450328865000,1,25.56100000,1.4080
1627450934539000,0,246.08900000,1.4144
1627450972395000,1,200.00000000,1.4317
1627451160396000,1,22.87700000,1.4193
1627451160396000,1,27.13299999,1.4190
1627452111597000,0,115.00000000,1.4248
1627453111781000,0,25.71200000,1.4169
1627453111781000,0,23.85600000,1.4184
1627457211347000,1,34.72300000,1.4191
1627457211347000,1,25.19700000,1.4188
1627457467193000,1,56.86800000,1.4204
1627457490959000,1,36.92300000,1.4206
1627457490959000,1,41.59100000,1.4203
1627457877165000,0,39.20100000,1.4232
1627457877504000,0,41.62600000,1.4232
1627459550672000,0,32.93856312,1.4241
1627459932561000,0,43.36100000,1.4233
1627459932561000,0,34.59300000,1.4234
1627459932561000,0,53.33000000,1.4248
1627459932561000,0,39.01000000,1.4249
1627460454214000,1,33.05899999,1.4218
1627461492038000,0,273.84025804,1.4124
1627461522806000,0,22.14323894,1.4116
1627461522806000,0,21.50928684,1.4123
1627461527451000,1,276.19916955,1.4125
1627461553903000,0,18.60109057,1.4118
1627461641434000,1,357.75800000,1.4122
1627461668449000,1,92.71297000,1.4119
1627461675275000,1,136.69803000,1.4119
1627461681944000,1,70.96600000,1.4116
1627461681944000,1,80.48600000,1.4113
1627463398097000,1,73.31400000,1.4140
1627463399846000,0,74.74800000,1.4124
1627463400229000,0,79.25200000,1.4124
1627464966417000,1,20.82361455,1.4159
1627465176930000,1,27.76900000,1.4192
1627465441076000,1,78.27700000,1.4190
1627465449388000,1,56.94700000,1.4187
1627465466722000,1,60.47000000,1.4184
1627465722197000,0,125.65300000,1.4160
1627465839515000,0,57.11600000,1.4166
1627465840353000,0,57.69800000,1.4163
1627467252426000,0,28.30455704,1.4193
1627467262811000,0,70.38981882,1.4207
1627467263549000,0,70.38981882,1.4207
1627467264349000,0,44.02925624,1.4207
1627467410560000,1,314.04700000,1.4203
1627467410560000,1,55.09889766,1.4200
1627467523420000,0,98.44200000,1.4203
1627467523759000,0,91.18900000,1.4202
1627468491029000,0,20.46300000,1.4191
1627468658213000,0,70.37050069,1.4210
1627468658747000,0,70.37050069,1.4210
1627468659343000,0,70.37050069,1.4210
1627469065730000,0,70.44485929,1.4196
1627469068092000,0,34.70322664,1.4196
1627469070426000,0,3.85591407,1.4196
1627469079681000,0,70.36951030,1.4211
1627469082149000,0,51.72704073,1.4211
1627469083029000,0,5.74744897,1.4211
1627469086835000,0,27.79600000,1.4223
1627469497184000,0,22.79200000,1.4217
1627470425614000,0,70.27159973,1.4230
1627470434545000,0,70.23951675,1.4237
1627470524740000,0,70.15869898,1.4253
1627470525551000,0,70.15869898,1.4252
1627470667043000,0,70.35168809,1.4214
1627470667851000,0,70.35168809,1.4214
1627470668597000,0,53.36696144,1.4214
1627470822643000,1,46.63500000,1.4207
1627470824494000,1,40.53400000,1.4204
1627471544862000,0,70.20056301,1.4245
1627471885952000,0,26.88222844,1.4321
1627471893871000,0,69.77831430,1.4331
1627471897797000,0,69.71021464,1.4345
1627472061161000,1,45.25800000,1.4376
1627472061470000,1,65.12800000,1.4373
1627472839483000,0,15.80678972,1.4378
1627473410883000,0,34.71100000,1.4370
1627473701945000,1,47.30000000,1.4351
1627473716949000,1,47.30000000,1.4349
1627473813468000,1,319.85000000,1.4348
1627473820479000,1,265.01800000,1.4345
1627473823401000,1,24.37000000,1.4343
1627474182568000,0,69.37170051,1.4414
1627474183244000,0,69.37747591,1.4414
1627474184011000,0,69.37747591,1.4414
1627474187004000,0,69.39191862,1.4411
1627474187751000,0,69.39191862,1.4411
1627474188554000,0,69.39240014,1.4411
1627474189355000,0,55.09411312,1.4411
1627474197271000,0,69.28374465,1.4433
1627474198654000,0,69.28374465,1.4433
1627474199202000,0,69.28374465,1.4433
1627474199956000,0,69.28374465,1.4433
1627474427316000,1,87.90000000,1.4383
1627474432331000,1,47.30000000,1.4383
1627474967657000,1,47.20000000,1.4378
1627474972644000,1,47.20000000,1.4378
1627474983397000,1,47.20000000,1.4385
1627476103962000,0,35.89560000,1.4394
1627476434628000,0,21.87900000,1.4187
1627476472856000,0,27.45900000,1.4186
1627476492803000,1,137.30893200,1.4149
1627477146173000,0,43.91500000,1.4066
1627477203552000,0,27.84500000,1.4069
1627478270346000,1,42.30100000,1.4205
1627478271121000,0,39.04800000,1.4202
1627479177240000,1,24.09200000,1.4219
1627479177240000,1,22.52100000,1.4216
1627479450598000,0,30.71500000,1.4200
1627479450955000,0,23.38800000,1.4200
1627480194006000,0,25.54100000,1.4130
1627482584813000,0,20.23100000,1.4223
1627482584813000,0,200.00000000,1.4259
1627482584813000,0,58.91871409,1.4259
1627482584814000,0,279.14971409,1.4259
1627482584814000,0,47.30409182,1.4259
1627483377264000,0,154.00000000,1.4281
1627483377264000,0,55.37833726,1.4331
1627483510271000,0,120.94100000,1.4272
1627483510663000,0,163.62700000,1.4270
1627483914030000,1,307.61025000,1.4218
1627483930955000,0,128.94600000,1.4212
1627483931300000,0,25.05400000,1.4212
1627483978150000,1,30.06100000,1.4236
1627483978150000,1,15.48559000,1.4233
1627484683862000,0,46.45600000,1.4203
1627484775504000,0,26.30000000,1.4224
1627484775851000,0,32.80100000,1.4224
1627485195386000,0,89.42100000,1.4228
1627485195733000,0,64.57900000,1.4228
1627485738013000,0,79.35500000,1.4260
1627485799763000,0,65.62000000,1.4253
1627485800103000,0,48.16100000,1.4253
1627486825202000,0,46.98061000,1.4285
1627486825202000,0,154.00000000,1.4285
1627486850029000,0,117.60700000,1.4302
1627486850384000,0,36.39300000,1.4302
1627486878939000,0,26.94800000,1.4302
1627486879306000,0,25.38000000,1.4302
1627487297075000,0,154.00000000,1.4256
1627487327289000,0,154.00000000,1.4251
1627487345178000,0,154.00000000,1.4329
1627487345286000,1,433.24980555,1.4329
1627487348649000,1,522.05448400,1.4329
1627487348723000,1,1852.79558100,1.4329
1627487365718000,1,177.00000000,1.4150
1627487370690000,1,88.50000000,1.4145
1627487375757000,1,88.50000000,1.4145
1627487380717000,1,88.50000000,1.4130
1627487385811000,1,88.50000000,1.4153
1627487504803000,1,20.61900000,1.4143
1627487729396000,1,52.72200000,1.4126
1627487748219000,0,21.62800000,1.4126
1627487872971000,0,37.22400000,1.4096
1627487873308000,0,28.08200000,1.4096
1627488142625000,1,22.43800000,1.4078
1627488143543000,0,24.64900000,1.4077
1627488143882000,0,23.21300000,1.4077
1627488508973000,1,259.27900000,1.4022
1627488508973000,1,254.14500000,1.4019
1627488561170000,1,305.00000000,1.3969
1627489135629000,0,32.67100000,1.4065
1627489226121000,0,27.99800000,1.4080
1627489226456000,0,22.44900000,1.4080
1627490461102000,0,31.06600000,1.4084
1627490461439000,0,35.74200000,1.4084
1627492024540000,0,70.08254037,1.4198
1627492297253000,1,47.30400000,1.4201
1627492562366000,0,21.07900000,1.4185
1627492787436000,0,70.38981882,1.4207
1627493241389000,1,23.15900000,1.4207
1627493697908000,1,56.62700000,1.3959
1627493697908000,1,62.02000000,1.3956
1627493919700000,0,75.76000000,1.3940
1627493920051000,0,77.24000000,1.3940
1627493924243000,1,4.83500000,1.3945
1627494594843000,1,39.90500000,1.3854
1627494618063000,1,20.48400000,1.3861
1627494618063000,1,23.65400000,1.3858
1627494978419000,1,108.34300000,1.3793
1627495002110000,0,81.62300000,1.3792
1627495002443000,0,60.33100000,1.3792
1627495219151000,1,170.02621419,1.3779
1627495219277000,1,97.66878581,1.3779
1627495219277000,1,135.00120062,1.3776
1627495272320000,1,55.96700000,1.3784
1627495392720000,0,21.54600000,1.3849
1627495393067000,0,22.62400000,1.3848
1627496359761000,1,47.66259181,1.3940
1627496402270000,1,33.22600684,1.3941
1627497403603000,0,25.97791907,1.4020
1627497432936000,0,41.13300000,1.4009
1627497433285000,0,33.65500000,1.4009
1627497796868000,0,71.11060544,1.4063
1627497802188000,0,18.79708526,1.4063
1627497804237000,0,71.09543852,1.4066
1627497805089000,0,71.09543852,1.4066
1627497829888000,1,79.86249525,1.4046
1627498010946000,0,70.91092170,1.4102
1627498012233000,0,70.91092170,1.4102
1627498012943000,0,70.91092170,1.4102
1627498013664000,0,45.48572226,1.4102
1627498014543000,0,5.05396914,1.4102
1627498028263000,0,70.64042610,1.4156
1627498030240000,0,9.67288390,1.4156
1627498294253000,0,70.42303115,1.4200
1627498296061000,0,70.42253521,1.4200
1627498510104000,0,62.03982600,1.4233
1627498959152000,0,70.67587338,1.4149
1627498959943000,0,70.67587338,1.4149
1627498960753000,0,52.78342792,1.4149
1627498961445000,0,5.86482532,1.4149
1627498963716000,0,70.67537387,1.4149
1627498964341000,0,70.67537387,1.4149
1627499011081000,0,28.51439978,1.4222
1627501010805000,0,70.66738276,1.4151
1627501011554000,0,70.66738276,1.4151
1627501013826000,0,70.66738276,1.4151
1627501016730000,0,70.66738276,1.4151
1627501017554000,0,23.70605896,1.4151
1627502667966000,1,21.35200000,1.4124
1627503330627000,1,69.11800000,1.4042
1627503330627000,1,60.07500000,1.4039
1627503331421000,0,60.72100000,1.4035
1627503331766000,0,68.47200000,1.4035
1627506013909000,1,72.32300000,1.4035
1627506013909000,1,30.94461000,1.4032
1627506259121000,1,200.00000000,1.3965
1627506259121000,1,128.08416000,1.3965
1627506627722000,1,284.41100000,1.4056
1627506627722000,1,257.32500000,1.4053
1627508571052000,0,27.00800000,1.4091
1627509112406000,1,39.44137000,1.4351
1627509124486000,1,3.68263000,1.4351
1627509124486000,1,33.58700000,1.4348
1627510250508000,1,111.52700000,1.4311
1627510343337000,1,63.16500000,1.4339
1627510371960000,0,32.75600000,1.4336
1627510372310000,0,36.75100000,1.4336
1627515962414000,0,22.55100000,1.4270
1627516022801000,0,23.56500000,1.4285
1627516790642000,0,38.19600000,1.4270
1627516795005000,0,4.24400000,1.4270
1627516802000000,0,30.01050000,1.4286
