timestamp ms,type,amount,price
1622163251016000,1,78.15441000,1.8400
1622163251016000,1,100.00000000,1.8391
1622163251016000,1,11.20937862,1.8391
1622163256050000,1,189.36380000,1.8424
1622163276881000,1,135.14436800,1.8453
1622163383502000,1,27.20083247,1.8429
1622163383609000,1,27.32073000,1.8429
1622163383868000,1,27.20083000,1.8429
1622163934465000,0,100.00000000,1.8528
1622163934465000,0,455.48293430,1.8528
1622164539501000,0,28.46344000,1.8322
1622167747031000,1,39.60474000,1.8822
1622169571692000,1,89.07968000,1.8901
1622169572061000,1,10.92032000,1.8901
1622169572061000,1,77.65614000,1.8901
1622169582126000,1,100.52512000,1.8901
1622170524883000,1,728.90024400,1.9058
1622170525011000,1,718.46630532,1.9058
1622170527534000,1,579.64744000,1.9058
1622170758725000,1,636.00000000,1.9025
1622170915642000,1,727.17946441,1.8917
1622170920673000,1,0.00000996,1.8917
1622175216546000,0,200.00000000,1.8910
1622175263527000,0,636.00000000,1.8910
1622175292352000,0,100.00000000,1.8892
1622175297945000,0,636.00000000,1.8893
1622175332009000,0,636.00000000,1.8872
1622175831967000,1,100.00000000,1.8747
1622175831967000,1,500.91808000,1.8747
1622176348362000,1,198.25458000,1.8631
1622176349849000,1,100.00000000,1.8646
1622176349849000,1,81.42759842,1.8646
1622176351555000,1,100.00000000,1.8631
1622176351555000,1,98.25456224,1.8631
1622176354957000,1,130.78899374,1.8631
1622176358917000,1,27.15354908,1.8631
1622176368058000,1,80.95426008,1.8631
1622176368058000,1,100.00000000,1.8611
1622176368058000,1,1655.14730953,1.8611
1622176375952000,1,460.31087039,1.8595
1622176375953000,1,190.14362328,1.8595
1622176375953000,1,54.32674951,1.8595
1622176375968000,1,271.63374754,1.8595
1622176377433000,1,190.14362328,1.8595
1622176377436000,1,185.14578774,1.8595
1622176377436000,1,86.48795980,1.8485
1622176377437000,1,54.32674951,1.8485
1622176379433000,1,100.00000000,1.8455
1622176379433000,1,90.14362328,1.8455
1622176379435000,1,54.32674951,1.8455
1622176379436000,1,43.86182334,1.8455
1622176379436000,1,188.71780039,1.8446
1622176380029000,0,187.73043507,1.8585
1622176380622000,1,54.32674951,1.8437
1622176380623000,1,190.14362328,1.8437
1622176380767000,0,271.58874241,1.8511
1622176380767000,0,271.58872838,1.8511
1622176382068000,1,54.26879729,1.8500
1622176382072000,1,7.05991271,1.8500
1622176382072000,1,135.73252769,1.8437
1622176383749000,1,100.00000000,1.8463
1622176383749000,1,89.96865526,1.8463
1622176383749000,1,135.68579203,1.8463
1622176383750000,1,54.26879729,1.8463
1622176383758000,1,67.25834446,1.8463
1622176383758000,1,185.95668923,1.8459
1622176385431000,1,54.23349002,1.8450
1622176395059000,0,15.65631781,1.8601
1622176395059000,0,23.71018219,1.8604
1622176420033000,1,110.83941000,1.8463
1622176466276000,1,29.76254000,1.8463
1622176708356000,1,39.33371000,1.8400
1622176708356000,1,96.07150364,1.8380
1622176948485000,1,100.00000000,1.8309
1622177038401000,0,142.34187604,1.8352
1622177039678000,0,61.69194928,1.8352
1622177039678000,0,80.64993978,1.8361
1622177068561000,1,100.00000000,1.8211
1622177068761000,1,199.57243578,1.8211
1622177068761000,1,73.86840988,1.8200
1622177097195000,0,20.44153721,1.8284
1622177130800000,0,100.00000000,1.8323
1622177131060000,1,156.00696397,1.8323
1622177148719000,0,636.00000000,1.8303
1622177740553000,1,61.28388732,1.8240
1622178220143000,0,100.00000000,1.8441
1622178220143000,0,163.64361009,1.8442
1622178633760000,0,195.44550998,1.8435
1622178647409000,0,198.63316979,1.8444
1622178887609000,0,636.00000000,1.8480
1622180639036000,1,100.00000000,1.8200
1622180639036000,1,0.76733681,1.8200
1622181181081000,1,100.00000000,1.8244
1622181343001000,1,594.28600000,1.8329
1622182237502000,1,636.00000000,1.8200
1622182242496000,1,289.36425331,1.8200
1622182377276000,1,20.00000000,1.8061
1622182708504000,0,719.99999325,1.8005
1622182714721000,1,13.00000000,1.7912
1622182714721000,1,91.56065000,1.7901
1622182715412000,1,62.98237000,1.7901
1622182716063000,1,41.20642696,1.7901
1622182716063000,1,20.70969304,1.7900
1622182717447000,1,145.08952324,1.7900
1622182717448000,1,58.03580930,1.7900
1622182717449000,1,203.12533253,1.7900
1622182717452000,1,173.03964189,1.7900
1622182717452000,1,407.31845105,1.7743
1622182717452000,1,290.17904647,1.7743
1622182719160000,1,100.00000000,1.7291
1622182719160000,1,103.12533253,1.7291
1622182719163000,1,91.52356741,1.7291
1622182719163000,1,53.56595583,1.7291
1622182719170000,1,58.03580930,1.7291
1622182719547000,1,340.38569930,1.7714
1622182719601000,1,153.00857773,1.7714
1622182719944000,1,207.56103580,1.7714
1622182720366000,1,98.68962927,1.7714
1622182720451000,1,6.64470423,1.7714
1622182720451000,1,25.95469350,1.7301
1622182723789000,0,20.81598669,1.7570
1622182724566000,1,58.03979638,1.7299
1622182724568000,1,132.24547508,1.7299
1622182724568000,1,12.85401585,1.7290
1622182724765000,0,185.19999301,1.7292
1622182781455000,0,17.97241230,1.7490
1622182781455000,0,100.00000000,1.7500
1622182781455000,0,20.15678770,1.7500
1622182815445000,0,138.55790000,1.7434
1622182815926000,0,636.00000000,1.7434
1622182850715000,0,141.23490000,1.7489
1622183002322000,0,143.64631166,1.7607
1622183019738000,0,18.91274961,1.7615
1622183019738000,0,119.46875039,1.7636
1622183054951000,0,139.90710000,1.7593
1622183090514000,0,138.84260000,1.7588
1622183125545000,0,138.78860000,1.7671
1622183415670000,0,139.46230000,1.7641
1622183491892000,1,100.00000000,1.7261
1622183492451000,1,60.90314000,1.7261
1622183511218000,0,139.89920000,1.7430
1622183546187000,0,100.00000000,1.7504
1622183546187000,0,40.23670000,1.7504
1622183635742000,0,140.00890000,1.7553
1622183731391000,1,150.85842500,1.7408
1622183780745000,0,33.28658000,1.7311
1622183851993000,1,100.00000000,1.7337
1622183881212000,0,20.00000000,1.7444
1622184052592000,1,12.61193088,1.7444
1622184344865000,0,15.00000000,1.7480
1622184452695000,1,100.00000000,1.7430
1622184849948000,0,141.19510000,1.7316
1622184890631000,0,101.18299000,1.7285
1622184890631000,0,40.06791000,1.7356
1622184923724000,0,141.79570000,1.7382
1622185684637000,0,41.90587173,1.7506
1622185953884000,1,51.34022000,1.7461
1622186743282000,0,102.78914000,1.7500
1622186743520000,0,200.00000000,1.7500
1622186743664000,0,97.75976000,1.7500
1622186841112000,0,599.45110000,1.7500
1622187123095000,0,50.32505000,1.7675
1622187123465000,0,49.67495000,1.7675
1622187123465000,0,0.32506000,1.7675
1622187136832000,1,50.47880000,1.7675
1622187506834000,0,100.00000000,1.7627
1622187508856000,0,100.11740000,1.7627
1622187816714000,0,6979.22930692,1.7507
1622187816973000,0,361.69519000,1.7507
1622187849068000,0,100.00000000,1.7532
1622187849068000,0,14.06063091,1.7555
1622188130487000,0,300.03891707,1.7486
1622188130630000,0,617.17192709,1.7486
1622188130765000,0,5893.90210969,1.7486
1622188164928000,0,59.72238488,1.7496
1622188164928000,0,0.04259512,1.7787
1622188858480000,1,100.00000000,1.7666
1622188964556000,1,636.00000000,1.7578
1622188972600000,1,100.00000000,1.7578
1622188976298000,1,636.00000000,1.7578
1622188992725000,1,636.00000000,1.7604
1622188996281000,1,636.00000000,1.7604
1622189020177000,1,636.00000000,1.7630
1622189041890000,1,636.00000000,1.7680
1622189053706000,1,636.00000000,1.7704
1622189073900000,1,636.00000000,1.7786
1622190048399000,1,500.00000000,1.7592
1622190807784000,1,272.51601432,1.7674
1622191374376000,1,25.00000000,1.7640
1622192108557000,0,1242.68168279,1.7495
1622192124007000,0,139.05987100,1.7414
1622192804783000,1,172.42807825,1.7380
1622192916609000,1,100.00000000,1.7240
1622193384160000,1,352.79661000,1.7266
1622193384262000,1,352.79659212,1.7266
1622193384286000,1,933.35318023,1.7266
1622193384546000,1,113.01834262,1.7266
1622193384707000,1,105.23602500,1.7266
1622193384865000,1,164.25875320,1.7266
1622193386608000,1,577.78600000,1.7266
1622193389330000,1,83.40208346,1.7266
1622193394892000,1,33.86124588,1.7286
1622193396551000,1,450.99864000,1.7306
1622193401804000,1,13.74766583,1.7306
1622193408006000,1,191.69982200,1.7302
1622193408786000,1,164.21215198,1.7279
1622193410434000,0,100.00000000,1.7302
1622193410434000,0,197.43137200,1.7302
1622193410434000,0,38.66511266,1.7302
1622193410565000,1,38.67689162,1.7307
1622193414530000,1,182.13337655,1.7277
1622193416585000,1,130.75863846,1.7277
1622193417083000,1,131.83547800,1.7277
1622193420041000,1,160.83801900,1.7263
1622193420539000,1,439.16196942,1.7263
1622193428131000,1,14.82108000,1.7263
1622193428281000,1,85.17892000,1.7263
1622193428281000,1,19.00582272,1.7263
1622193435463000,1,145.78605200,1.7240
1622193440433000,1,54.21394800,1.7240
1622193440433000,1,74.78555817,1.7212
1622193440967000,1,25.21444183,1.7212
1622193440967000,1,84.89592821,1.7212
1622193441436000,1,128.99950617,1.7212
1622193516880000,1,106.89251600,1.7253
1622193637091000,1,74.89098141,1.7200
1622193637091000,1,34.80700759,1.7124
1622194117320000,1,144.46698900,1.6858
1622194352379000,0,79.96857961,1.7026
1622194352379000,0,64.01582039,1.7026
1622194389212000,0,29.51733257,1.6939
1622194422709000,0,130.80500000,1.6954
1622194422709000,0,13.16270000,1.6954
1622194671024000,1,100.00000000,1.6755
1622194671024000,1,791.89718227,1.6755
1622199614657000,1,199.99998821,1.6972
1622200683259000,1,21.05300000,1.7105
1622200800464000,1,76.99398000,1.6950
1622202654790000,1,157.27049136,1.6711
1622202858493000,1,636.00000000,1.6681
1622203129271000,1,636.00000000,1.6791
1622203250787000,1,100.00000000,1.6500
1622203250787000,1,219.17105000,1.6500
1622203251046000,1,40.82895000,1.6500
1622203251046000,1,364.49117614,1.6446
1622203251479000,1,205.23073700,1.6446
1622203251628000,1,188.43592400,1.6446
1622203251630000,1,205.23073696,1.6446
1622203257712000,1,99.39422261,1.6413
1622203258430000,1,599.26600000,1.6413
1622203259415000,1,700.81254505,1.6413
1622203260319000,1,100.00000000,1.6413
1622203260444000,1,632.58300000,1.6413
1622203264440000,1,24.37384885,1.6415
1622203292866000,1,109.34891849,1.6428
1622203320450000,1,109.34891849,1.6397
1622203405699000,1,83.90000000,1.6397
1622203442520000,1,100.00000000,1.6397
1622203442520000,1,269.71595184,1.6397
1622203557247000,1,111.29557239,1.6373
1622203607173000,1,250.79830689,1.6395
1622203610915000,1,100.00000000,1.6418
1622203610915000,1,150.79830689,1.6418
1622203612171000,1,225.42110600,1.6418
1622203612411000,1,175.55034058,1.6418
1622203778397000,0,50.00000000,1.6800
1622205610171000,0,200.00000000,1.7007
1622205610171000,0,920.59928617,1.7007
1622206474026000,1,14.50000000,1.6804
1622206506407000,0,35.50000000,1.6804
1622206854838000,1,209.02416675,1.6990
1622206876177000,1,195.34604588,1.6982
1622207004795000,0,117.22114800,1.7103
1622207004795000,0,149.57744000,1.7104
1622207004795000,0,230.70130000,1.7152
1622207004795000,0,487.81415564,1.7191
1622207333489000,0,27.63187472,1.7305
1622207333489000,0,100.00000000,1.7314
1622207334528000,1,158.88941769,1.7314
1622207338028000,0,411.36391715,1.7314
1622207339066000,1,100.00000000,1.7314
1622207339066000,1,91.94864000,1.7314
1622207453386000,1,234.98689437,1.7183
1622207478929000,0,64.21705480,1.7301
1622207571689000,1,493.10152000,1.7161
1622208067558000,1,75.66754000,1.7246
1622208074761000,1,100.00000000,1.7247
1622208074761000,1,194.23880000,1.7247
1622208348504000,1,100.00000000,1.7228
1622208348504000,1,47.31880000,1.7227
1622208398287000,1,147.38830000,1.7233
1622208429679000,1,100.00000000,1.7246
1622208429679000,1,47.32750000,1.7244
1622208465044000,1,147.31010000,1.7223
1622208499826000,1,147.63200000,1.7225
1622208541178000,1,147.58840000,1.7241
1622208571673000,1,147.64940000,1.7243
1622208606877000,1,147.61460000,1.7243
1622208641960000,1,147.51010000,1.7261
1622208677500000,1,147.36220000,1.7261
1622208712300000,1,147.12810000,1.7281
1622208747075000,1,146.94640000,1.7281
1622208782194000,1,147.03290000,1.7281
1622208948140000,1,148.13940000,1.7317
1622208983427000,1,147.96400000,1.7355
1622209018554000,1,147.88530000,1.7356
1622209053296000,1,147.71920000,1.7328
1622209088682000,1,147.98150000,1.7329
1622209123353000,1,147.57100000,1.7329
1622209153551000,1,146.50720000,1.7330
1622209188185000,1,147.57100000,1.7332
1622209222971000,1,32.11364728,1.7332
1622209222971000,1,100.00000000,1.7246
1622209222971000,1,15.42245272,1.7246
1622209258017000,1,147.31010000,1.7246
1622209293190000,1,43.26690000,1.7192
1622209769184000,1,147.37960000,1.7237
1622209804125000,1,147.22340000,1.7239
1622209987209000,0,56.57886844,1.7435
1622210004922000,1,146.75670000,1.7435
1622210039818000,1,26.94966405,1.7435
1622210039818000,1,100.00000000,1.7281
1622210039818000,1,20.11783595,1.7281
1622210075073000,1,146.92050000,1.7239
1622210625018000,1,147.80650000,1.7209
1622210946763000,1,147.48390000,1.7222
1622210981820000,1,147.80650000,1.7175
1622211149006000,1,43.33340000,1.7114
1622211505180000,0,105.58758908,1.7172
1622214230499000,1,104.68689143,1.7319
1622217699088000,1,100.00000000,1.7100
1622217699088000,1,8.04900000,1.7100
1622218139611000,1,100.00000000,1.7100
1622218139611000,1,48.42080000,1.7100
1622218175124000,1,148.47370000,1.7100
1622218204394000,1,648.00000000,1.7100
1622218205621000,1,148.54430000,1.7100
1622218243586000,1,298.51220000,1.7100
1622218413467000,1,60.00000000,1.7000
1622220031815000,0,21.56101769,1.6805
1622220792833000,0,20.07409000,1.6888
1622221073807000,1,200.00000000,1.6682
1622221074442000,1,519.10200000,1.6319
1622221074727000,1,52.20078287,1.6319
1622221923687000,0,20.05489000,1.6650
1622222031924000,0,104.79744000,1.6572
1622222197236000,0,100.00000000,1.6729
1622222197236000,0,203.36003347,1.6729
1622225530485000,0,60.22028580,1.6606
1622226850956000,0,648.00000000,1.6741
1622226850956000,0,192.00000000,1.6741
1622226850956000,0,1201.26177463,1.6742
1622231384273000,1,1530.65969019,1.6714
1622232116637000,1,149.57520641,1.6677
1622232214600000,1,211.39188898,1.6696
1622232227524000,1,0.00001302,1.6696
1622232227524000,1,209.54061919,1.6687
1622232228173000,1,336.87656778,1.6688
1622232236701000,1,126.02408594,1.6679
1622232295622000,1,21.79608000,1.6678
1622232416819000,1,149.89447429,1.6675
1622232928519000,1,76.84803229,1.6694
1622234210504000,1,42.83627288,1.6374
1622235017607000,1,37.44549070,1.6300
1622235152701000,0,20.01099000,1.6177
1622235724162000,1,208.54568950,1.5903
1622235726043000,1,1120.59928617,1.5873
1622235764394000,0,153.58150000,1.5934
1622235799365000,0,100.00000000,1.5909
1622235799365000,0,54.11170000,1.5909
1622236134131000,1,99.99999999,1.5910
1622236134183000,1,0.00000001,1.5910
1622236208352000,1,100.00000000,1.5801
1622236208352000,1,184.22587434,1.5801
1622236208352000,1,213.31306006,1.5799
1622236208352000,1,206.43163166,1.5797
1622236208352000,1,407.75587800,1.5789
1622236208352000,1,929.53533057,1.5787
1622236210997000,0,205.27982711,1.5809
1622236210997000,0,1.81522505,1.5817
1622236211009000,0,205.27982755,1.5817
1622236211009000,0,213.10778324,1.5824
1622236211543000,0,200.00000000,1.5809
1622236211543000,0,138.75151619,1.5824
1622236211565000,0,66.52832867,1.5824
1622236246333000,1,61.76865743,1.5824
1622236246333000,1,100.00000000,1.5748
1622236246333000,1,58.70892718,1.5748
1622236246335000,1,181.78655729,1.5748
1622236246340000,1,220.47758461,1.5748
1622236290830000,0,154.77000000,1.5892
1622236499561000,1,157.31383480,1.5769
1622236739680000,1,108.53177400,1.5810
1622237171236000,0,155.61780000,1.5743
1622237206396000,0,100.00000000,1.5743
1622237206396000,0,55.67600000,1.5743
1622237241849000,0,35.24680000,1.5729
1622237276072000,0,44.43670000,1.5688
1622237311024000,0,44.98542064,1.5688
1622237311024000,0,62.24200000,1.5704
1622237311024000,0,49.14957936,1.5704
1622238537858000,0,100.00000000,1.5865
1622238537858000,0,524.63663065,1.5865
1622239520910000,0,184.20062000,1.5777
1622239520910000,0,99.63429000,1.5790
1622239568718000,1,100.00000000,1.5690
1622239568718000,1,231.07386905,1.5690
1622241745897000,1,2400.00000000,1.5700
1622241799396000,0,63.34405959,1.5787
1622241799939000,0,153.86867659,1.5787
1622241800086000,0,38.13132341,1.5787
1622241800086000,0,25.21233494,1.5787
1622241809927000,1,100.00000000,1.5640
1622241809927000,1,96.19977000,1.5640
1622241810103000,1,354.13435047,1.5640
1622241810103000,1,221.62069156,1.5593
1622241888002000,0,169.23100000,1.5593
1622241888002000,0,181.06316930,1.5593
1622242023630000,1,160.33040890,1.5546
1622242143701000,1,160.80893325,1.5564
1622242150070000,0,15.13660070,1.5593
1622242150070000,0,196.57354000,1.5600
1622242263767000,1,100.00000000,1.5652
1622242263767000,1,60.80893325,1.5634
1622242743954000,1,137.48938500,1.5629
1622245467958000,0,293.40817000,1.6098
1622245468370000,1,33.99705000,1.6098
1622246841953000,1,53.58038000,1.6384
1622247006467000,1,152.52458696,1.6356
1622247591718000,1,42.04246154,1.6447
1622249366812000,1,100.00000000,1.6634
1622249366812000,1,178.51660161,1.6634
1622249366881000,1,23.83569839,1.6634
1622249962066000,1,98.85773449,1.6682
1622249965662000,1,77.81060275,1.6682
1622250727527000,1,149.26175137,1.6741
1622251033376000,0,200.00000000,1.6785
1622251033376000,0,127.19356480,1.6785
1622251033376000,0,135.87181621,1.6794
1622251033376000,0,124.87961819,1.6802
1622251033506000,1,196.41668000,1.6830
1622251033648000,1,396.60028000,1.6830
1622251033869000,1,502.90318000,1.6830
1622251035186000,1,147.93023768,1.6830
1622251035241000,1,148.57926917,1.6830
1622251041653000,1,198.32456328,1.6830
1622251054148000,1,7821.30079067,1.6830
1622251058418000,1,100.00000000,1.6685
1622251058418000,1,50.80220000,1.6685
1622251680142000,1,150.78410000,1.6820
1622251715299000,1,43.76380000,1.6816
1622251750022000,1,150.82040000,1.6816
1622251956557000,1,151.42340000,1.6755
1622251991265000,1,151.40500000,1.6757
1622252111051000,1,151.35010000,1.6797
1622252145962000,1,151.13040000,1.6796
1622252181077000,1,151.14880000,1.6815
1622252313570000,1,151.24930000,1.6745
1622252788145000,0,151.23823000,1.6821
1622253671439000,1,212.32114916,1.6826
1622253671439000,1,81.67185084,1.6818
1622253705934000,1,100.00000000,1.6832
1622253705934000,1,51.25850000,1.6832
1622253740746000,1,150.89330000,1.6848
1622253775425000,1,151.14880000,1.6811
1622254984937000,1,122.98790446,1.6693
1622256858556000,0,349.80941000,1.6750
1622258645706000,1,215.64053145,1.6645
1622262237432000,0,648.00000000,1.6668
1622262237432000,0,200.00000000,1.6668
1622262237432000,0,144.33551096,1.6669
1622262259033000,1,100.00000000,1.6562
1622263485120000,1,100.00000000,1.6493
1622263485120000,1,550.59907948,1.6493
1622263571595000,1,150.94339622,1.6505
1622263751703000,1,100.00000000,1.6491
1622263872031000,1,152.11161341,1.6357
1622263975083000,0,400.01666655,1.6352
1622264292080000,1,100.00000000,1.6001
1622264712154000,1,106.64727400,1.6185
1622265767040000,0,506.38302000,1.6646
1622265767040000,0,100.00000000,1.6650
1622265774797000,1,447.62823000,1.6654
1622265787702000,0,100.00000000,1.6676
1622265789141000,1,226.02814000,1.6676
1622265809894000,0,213.35723117,1.6685
1622265813655000,1,60.21405163,1.6707
1622265819462000,0,227.33446000,1.6707
1622265819462000,0,72.67800000,1.6711
1622265819462000,0,648.00000000,1.6711
1622265819684000,1,3541.25515254,1.6711
1622265998265000,1,209.45209716,1.6741
1622265998265000,1,18.07958284,1.6731
1622266712972000,0,502.34349000,1.6728
1622266920297000,0,323.39863000,1.6734
1622266920297000,0,200.00000000,1.6734
1622267418337000,0,100.00000000,1.6672
1622267799017000,0,72.79300000,1.6648
1622267802748000,0,123.21972900,1.6648
1622267803253000,1,209.64400900,1.6648
1622267949792000,0,208.66780988,1.6681
1622268188240000,0,17.62044431,1.6767
1622269089641000,0,11.89315192,1.6816
1622269879953000,0,107.82827189,1.6733
1622269883225000,0,18.79342000,1.6733
1622269909025000,1,100.00000000,1.6731
1622270022225000,1,502.63584000,1.6712
1622270033693000,0,5413.62075345,1.6712
1622270655421000,1,108.23973300,1.6718
1622274468537000,1,500.00000000,1.6606
1622275313664000,1,648.00000000,1.6484
1622275313664000,1,100.00000000,1.6484
1622275313664000,1,252.10940709,1.6484
1622279483903000,0,200.00000000,1.5997
1622279483903000,0,222.09066589,1.5997
1622279484470000,1,525.56498000,1.5983
1622279484470000,1,217.00085657,1.5981
1622279484470000,1,203.84332234,1.5973
1622279484470000,1,402.25836014,1.5965
1622279484470000,1,165.93871315,1.5927
1622279484470000,1,414.84678286,1.5927
1622279484470000,1,7395.69805471,1.5927
1622279484470000,1,674.84893023,1.5904
1622279536938000,0,410.75603137,1.5993
1622279537066000,0,0.00001582,1.5993
1622279537599000,1,95.27518938,1.5993
1622279537703000,1,221.02703259,1.5993
1622279537737000,1,94.45382460,1.5993
1622279565275000,1,33.29086054,1.5991
1622279575957000,1,13.51608938,1.5969
1622279748629000,0,17.48908241,1.6012
1622279748629000,0,43.73356452,1.6012
1622279748629000,0,113.61854748,1.6013
1622280303471000,0,30.59816113,1.5799
1622280681446000,1,158.14477205,1.5788
1622280847044000,0,175.02532604,1.5738
1622281130267000,0,98.56176000,1.5956
1622281136006000,0,100.00000000,1.5996
1622281145766000,0,86.80200000,1.5982
1622281156123000,0,42.67962682,1.5962
1622281156123000,0,214.08858725,1.5983
1622281175061000,0,173.60248772,1.5988
1622286313874000,1,186.20904205,1.5815
1622287062641000,1,49.74884474,1.5804
1622287366985000,1,166.29651423,1.5804
1622287857671000,1,100.00000000,1.6218
1622289327034000,1,101.55087300,1.6300
1622289356041000,0,28.47143105,1.6420
1622289356041000,0,100.00000000,1.6436
1622289356041000,0,385.04894131,1.6436
1622289356245000,1,731.70273160,1.6470
1622292502398000,0,71.74176227,1.5942
1622293313461000,1,158.73135695,1.5782
1622293313715000,1,57.04195872,1.5782
1622293313715000,1,52.25298189,1.5775
1622293617255000,1,202.60238821,1.5736
1622293736937000,1,158.90571170,1.5671
1622293884734000,0,128.25700000,1.5698
1622293884734000,0,10.11410000,1.5698
1622294086959000,0,18.94162236,1.5617
1622294086959000,0,100.00000000,1.5634
1622294086959000,0,37.66077764,1.5635
1622294122109000,0,156.60240000,1.5715
1622294698626000,0,156.61220000,1.5651
1622294733380000,0,70.58846000,1.5651
1622294733380000,0,85.98444000,1.5666
1622294768473000,0,141.98250000,1.5661
1622294807485000,0,156.92670000,1.5642
1622294838926000,0,156.98580000,1.5642
1622294917051000,1,200.70375514,1.5422
1622294922403000,0,1044.51934882,1.5422
1622294934193000,0,158.85120000,1.5568
1622294969390000,0,17.70030759,1.5472
1622294969390000,0,140.07819241,1.5479
1622295003718000,0,13.09973242,1.5435
1622295003718000,0,145.20826758,1.5453
1622295038792000,0,158.48870000,1.5476
1622295073974000,0,25.53609270,1.5488
1622295073974000,0,132.87220730,1.5490
1622295109030000,0,15.23926730,1.5422
1622295109030000,0,143.07873270,1.5437
1622295144565000,0,158.59930000,1.5491
1622295654556000,0,158.58920000,1.5479
1622295748499000,0,1235.60418086,1.5557
1622296718951000,1,50.00000000,1.5658
1622297961659000,0,271.87745000,1.5600
1622298903812000,1,648.00000000,1.5421
1622298903812000,1,192.00000000,1.5421
1622298935008000,1,395.60418086,1.5377
1622298935084000,1,67.97940854,1.5377
1622300133382000,0,44.92840000,1.5403
1622301028363000,0,44.96480000,1.5400
1622301163503000,0,159.82610000,1.5212
1622301193580000,0,0.21619957,1.5212
1622301193580000,0,100.00000000,1.5261
1622301193580000,0,60.43160043,1.5261
1622301229028000,0,100.00000000,1.5234
1622301229028000,0,60.41070000,1.5255
1622301264093000,0,160.48280000,1.5290
1622301544513000,0,161.25910000,1.5191
1622301580288000,0,45.19880000,1.5171
1622301614152000,0,161.55090000,1.5202
1622301889687000,1,100.00000000,1.5110
1622301916319000,1,100.00000000,1.5110
1622302029752000,0,100.00000000,1.5172
1622302029752000,0,61.95900000,1.5173
1622302090810000,0,161.98010000,1.5056
1622302125306000,0,100.00000000,1.5109
1622302125306000,0,62.11660000,1.5109
1622303905901000,0,200.00000000,1.5253
1622303917496000,1,100.00000000,1.5112
1622304139722000,0,303.82500000,1.5191
1622306948979000,1,220.05110342,1.5307
1622307310397000,1,207.49146558,1.5420
1622307314068000,0,205.61238413,1.5420
1622307314288000,1,221.01826832,1.5420
1622308710752000,0,188.10781538,1.5078
1622308710752000,0,115.82718462,1.5094
1622308745148000,0,162.80280000,1.5094
1622308780329000,0,162.99390000,1.5078
1622308781494000,1,67.73771017,1.5000
1622308781577000,1,132.26228983,1.5000
1622308781577000,1,33.38117969,1.4978
1622308781577000,1,208.55746589,1.4972
1622308781577000,1,618.13457555,1.4947
1622308813211000,0,163.39870000,1.5042
1622308847922000,0,163.55910000,1.5042
1622308883161000,0,163.68750000,1.5017
1622308918629000,0,163.83770000,1.5048
1622308953807000,0,163.50550000,1.5048
1622308988492000,0,163.65540000,1.5054
1622309023880000,0,163.37740000,1.5054
1622309059188000,0,163.59110000,1.5046
1622309094505000,0,33.38117969,1.5054
1622309094505000,0,91.26523417,1.5059
1622309094505000,0,39.07328614,1.5081
1622309412546000,0,163.86990000,1.5030
1622309647014000,0,45.57820000,1.5019
1622309682166000,0,164.02050000,1.4999
1622309712361000,0,164.21440000,1.5019
1622309966413000,0,100.00000000,1.5003
1622309966413000,0,64.43040000,1.5004
1622310002085000,0,45.63210000,1.5008
1622310023456000,1,627.00000000,1.4882
1622310074160000,0,164.92940000,1.4916
1622310109125000,0,165.04920000,1.4879
1622310144228000,0,165.09280000,1.4922
1622310179215000,0,164.85330000,1.4921
1622310213940000,0,165.07100000,1.4882
1622310248968000,0,165.61780000,1.4882
1622310279390000,0,165.57390000,1.4882
1622310314049000,0,165.60680000,1.4868
1622310349082000,0,165.71660000,1.4871
1622310383549000,0,45.78390000,1.4915
1622310488717000,0,166.31180000,1.4788
1622310524098000,0,166.56680000,1.4771
1622310559264000,0,100.00000000,1.4720
1622310559264000,0,66.90040000,1.4720
1622310593957000,0,45.98142256,1.4745
1622310593957000,0,57.66600000,1.4755
1622310593957000,0,63.38677744,1.4756
1622310629208000,0,166.33400000,1.4735
1622310664316000,0,167.20170000,1.4675
1622310696577000,0,90.01401328,1.4686
1622310696577000,0,77.56878672,1.4701
1622310757195000,0,166.42260000,1.4759
1622310792219000,0,167.06760000,1.4763
1622310827315000,0,167.06760000,1.4734
1622310862263000,0,167.21290000,1.4734
1622310898300000,0,167.24650000,1.4707
1622310970305000,1,175.16957494,1.4631
1622311252867000,0,139.07120000,1.4757
1622312015917000,1,50.00000000,1.4600
1622312298042000,1,627.00000000,1.4593
1622314071942000,0,32.32919973,1.4693
1622314577379000,0,159.92706676,1.4711
1622314577528000,0,198.07811324,1.4711
1622314577528000,0,100.00000000,1.4716
1622314577528000,0,191.00000000,1.4716
1622314577578000,1,168.99480540,1.4716
1622314577706000,0,458.00519460,1.4711
1622314577706000,0,9541.99478901,1.4737
1622314725252000,1,100.00000000,1.4601
1622315325580000,1,171.22113564,1.4572
1622315445799000,1,171.56659827,1.4572
1622315565775000,1,171.56541963,1.4533
1622315775545000,0,34.25830763,1.4595
1622315910737000,1,100.00000000,1.4500
1622315926285000,1,15.00000000,1.4403
1622315926285000,1,156.29152946,1.4393
1622316046624000,1,173.63521969,1.4368
1622316166721000,1,173.99655480,1.4368
1622316286650000,1,174.00018116,1.4353
1622316406731000,1,174.17232342,1.4346
1622316526810000,1,174.02197963,1.4363
1622316630701000,1,108.03908000,1.4342
1622316748673000,1,2699.38455369,1.4462
1622316767040000,1,173.66175341,1.4444
1622317007200000,1,173.08344699,1.4426
1622317127409000,1,172.91225740,1.4469
1622317247472000,1,172.77960924,1.4440
1622317367582000,1,172.48278621,1.4512
1622317487937000,1,172.26527825,1.4496
1622317607910000,1,172.31159450,1.4501
1622317847972000,1,172.39714786,1.4560
1622317902669000,0,100.00000000,1.4680
1622317902669000,0,100.00000000,1.4702
1622318088246000,1,169.06399410,1.4903
1622318448586000,1,100.00000000,1.4798
1622318568676000,1,168.90522390,1.4861
1622318809004000,1,100.00000000,1.4898
1622318928968000,1,100.00000000,1.4883
1622319049185000,1,167.97688638,1.4865
1622319169180000,1,168.57948185,1.4642
1622319357165000,1,181.49695453,1.4556
1622319409299000,1,171.75402076,1.4468
1622319529616000,1,172.79155118,1.4468
1622319769714000,1,172.79393977,1.4388
1622319889838000,1,173.74986968,1.4350
1622320009818000,1,174.21238580,1.4349
1622320129911000,1,173.26578278,1.4439
1622320250061000,1,172.01874316,1.4510
1622320370163000,1,172.01874316,1.4569
1622320490132000,1,171.45247680,1.4613
1622320598923000,0,229.52418151,1.4480
1622320601279000,0,217.57314571,1.4476
1622320610252000,1,171.07937398,1.4413
1622320730300000,1,173.35108448,1.4674
1622320850927000,1,170.32641353,1.4663
1622320970483000,1,170.49949532,1.4676
1622321186202000,1,233.64975904,1.4627
1622321450784000,1,170.97173495,1.4528
1622321570991000,1,172.08148087,1.4508
1622321691054000,1,172.32228402,1.4487
1622321932337000,0,172.23679682,1.4586
1622322051468000,1,170.62749969,1.4658
1622322171890000,1,170.55066050,1.4641
1622322413289000,1,169.55704916,1.4751
1622322576841000,0,169.48003525,1.4728
1622322576841000,0,170.38444762,1.4728
1622322653666000,1,169.48003525,1.4750
1622322773765000,1,169.49037633,1.4731
1622322894045000,1,103.87317255,1.4821
1622323020237000,1,115.23716772,1.4806
1622323275876000,0,159.91542998,1.4852
1622323889581000,1,571.86817000,1.4689
1622323889581000,1,2580.00000000,1.4688
1622323889814000,0,96.10412141,1.4688
1622325276899000,1,2380.00000000,1.5065
1622325327240000,0,100.00000000,1.5124
1622325327240000,0,793.48122189,1.5124
1622326432010000,1,303.36003347,1.4948
1622329823203000,1,129.30992108,1.5037
