timestamp ms,type,amount,price
1628035583455000,1,531.09036011,4.1600
1628035791893000,1,10.00000000,4.1500
1628035979102000,0,150.00000000,4.1500
1628036383687000,0,546.97635746,4.1500
1628036530414000,0,100.00000000,4.1500
1628036853043000,1,121.82256300,4.1500
1628036853328000,1,144.71430983,4.1500
1628037040646000,1,510.02357038,4.1400
1628037398377000,0,518.91816216,4.1700
1628037398377000,0,300.00000000,4.1700
1628037563426000,1,48.50626577,4.1500
1628038236172000,0,46.87500000,4.1700
1628038236337000,0,498.02382239,4.1700
1628038929672000,1,312.96500000,4.1800
1628039087034000,1,510.63679176,4.1800
1628040579390000,0,531.73523675,4.2000
1628041101383000,1,538.35033563,4.2000
1628041158646000,0,200.00000000,4.2000
1628042170644000,0,510.86822705,4.1900
1628042296577000,0,150.00000000,4.1900
1628042296577000,0,100.00000000,4.1900
1628042564588000,0,187.97779226,4.2000
1628043002418000,0,221.58646323,4.1900
1628043187724000,0,28.45346062,4.1900
1628043349756000,0,160.83303535,4.1800
1628043499066000,1,46.87500000,4.1700
1628045887687000,1,498.40594221,4.1600
1628046006479000,0,523.99962400,4.1600
1628046445896000,1,495.46256932,4.1600
1628046916075000,0,33.98510751,4.1600
1628046916155000,0,317.13235470,4.1600
1628047315513000,0,257.52522411,4.1400
1628047839313000,0,514.74991088,4.1400
1628048585954000,1,312.96500000,4.1500
1628049224715000,1,532.13679752,4.1500
1628049621531000,1,2436.33491550,4.1300
1628049824087000,0,531.64859469,4.1300
1628050398821000,1,504.30836138,4.1200
1628050485900000,0,15.00000000,4.1200
1628050503437000,0,15.10000000,4.1200
1628051240894000,0,369.71744489,4.1100
1628051311183000,0,15.10000000,4.1100
1628051572740000,0,73.63909237,4.1200
1628051582687000,0,259.35553727,4.1200
1628051721911000,1,513.48263628,4.1200
1628051894929000,0,239.21640916,4.1100
1628051968590000,0,530.60221999,4.1100
1628051968590000,0,233.26253829,4.1100
1628053751861000,0,529.34637715,4.1300
1628053751861000,0,210.04495831,4.1300
1628055039936000,0,196.66335704,4.1700
1628055452668000,1,365.41299851,4.1700
1628055612958000,1,19.39027684,4.1600
1628055715727000,1,541.41149273,4.1600
1628056345938000,0,98.45229640,4.1500
1628056751328000,1,581.90436905,4.1400
1628056853076000,0,186.08818340,4.1400
1628056853076000,0,976.67945640,4.1400
1628056853076000,0,241.72994841,4.1400
1628056853076000,0,493.40419072,4.1400
1628056853076000,0,233.16343846,4.1400
1628057006773000,0,174.39464845,4.1300
1628057006773000,0,543.34574025,4.1300
1628057027185000,0,170.43858916,4.1300
1628057039630000,0,83.52929633,4.1300
1628057186475000,1,312.96500000,4.1300
1628057186478000,1,233.63848368,4.1300
1628057435465000,1,82.10124280,4.1200
1628058624851000,0,511.69309911,4.1300
1628059101279000,0,160.07571168,4.1600
1628059446760000,1,549.99361877,4.1400
1628059508673000,0,357.27217877,4.1400
1628059508674000,0,46.87500000,4.1400
1628059583658000,1,46.87500000,4.1400
1628059973398000,0,46.87500000,4.1200
1628060003960000,0,71.90387366,4.1300
1628060008964000,0,69.93909518,4.1300
1628060014600000,0,154.05700640,4.1300
1628060021979000,0,147.12697987,4.1300
1628060029489000,0,147.27716614,4.1300
1628060401947000,1,86.82912629,4.1300
1628060803947000,0,142.66481756,4.1200
1628060897068000,0,139.47497035,4.1100
1628060897068000,0,347.92955399,4.1100
1628061045633000,1,80.84844707,4.1100
1628061198705000,1,10.00000000,4.1000
1628061198705000,1,119.83414634,4.1000
1628061198705000,1,509.79414314,4.1000
1628061229323000,0,30.70000000,4.1100
1628063899885000,0,516.74782624,4.0900
1628065120420000,1,534.11499938,4.1000
1628065690196000,0,204.40888181,4.0800
1628065773762000,0,199.73998002,4.0800
1628065866764000,0,188.64475893,4.0800
1628066683531000,1,92.55493823,4.0700
1628066683531000,1,231.88098580,4.0700
1628066683531000,1,245.47256170,4.0700
1628066683531000,1,414.00460951,4.0700
1628066759168000,0,33.00502827,4.0700
1628066759168000,0,15.69497173,4.0700
1628066766363000,0,24.40000000,4.0700
1628066771273000,0,24.40000000,4.0700
1628066773884000,0,24.40000000,4.0700
1628067138960000,0,83.32765977,4.0800
1628067139049000,0,119.14846675,4.0800
1628067139049000,0,25.43811365,4.0800
1628067139088000,0,170.67601288,4.0800
1628067151257000,0,172.53403486,4.0800
1628067151257000,0,600.00000000,4.0800
1628067151824000,0,431.34770383,4.0800
1628067154614000,0,421.59644614,4.0800
1628067155960000,0,149.42303889,4.0800
1628067155960000,0,373.55759723,4.0800
1628067192156000,0,137.59251611,4.0800
1628067884902000,0,245.43887297,4.0800
1628067884902000,0,300.53811215,4.0800
1628067884902000,0,557.03036782,4.0800
1628069831780000,0,126.21350261,4.0800
1628069977604000,0,126.19226405,4.0900
1628070830643000,0,524.30968103,4.0900
1628071729107000,1,103.00000000,4.0900
1628071769286000,1,408.12494340,4.0900
1628071888111000,0,92.26694424,4.0900
1628072314489000,1,18.24386001,4.0700
1628072314489000,1,229.34018557,4.0700
1628072654017000,0,99.40406854,4.0800
1628072654017000,0,527.95292141,4.0800
1628072735982000,0,70.54040142,4.0800
1628072834178000,0,70.60387401,4.0900
1628072997633000,0,527.21114356,4.1000
1628072997633000,0,176.26838815,4.1000
1628073082705000,0,104.20840645,4.1100
1628073209486000,0,100.85117907,4.1100
1628073305830000,1,527.06065686,4.1100
1628073476306000,0,37.41720336,4.1100
1628074004593000,0,104.53804904,4.1100
1628074004593000,0,408.38409207,4.1100
1628074266894000,0,124.19651123,4.1100
1628074266894000,0,132.62555472,4.1100
1628074388219000,0,363.99293527,4.1200
1628074388467000,0,169.44324603,4.1200
1628074388467000,0,95.89252435,4.1200
1628075303117000,1,83.24967871,4.1300
1628075303131000,1,29.49659022,4.1300
1628075303131000,1,16.75308936,4.1300
1628075309431000,1,523.46147149,4.1300
1628075439685000,1,529.84531032,4.1300
1628075439685000,1,111.65171744,4.1300
1628075759266000,1,109.44257319,4.1300
1628075986418000,0,213.09927360,4.1300
1628076034499000,0,509.25954373,4.1300
1628076371865000,1,212.26361275,4.1400
1628076503459000,1,46.87500000,4.1400
1628076529766000,1,486.91668433,4.1400
1628076652652000,0,515.25142198,4.1400
1628077402667000,1,535.08774166,4.1500
1628077863025000,0,366.69999999,4.1500
1628077940924000,1,523.04987047,4.1500
1628078083550000,0,533.94507760,4.1600
1628078254325000,1,550.00000000,4.1600
1628078901156000,1,158.00087448,4.1700
1628079879728000,0,109.46000000,4.1900
1628080688330000,0,25.85370244,4.2000
1628080688330000,0,501.50744118,4.2000
1628080688330000,0,146.02761551,4.2000
1628081032149000,0,44.60363966,4.2100
1628081032169000,0,46.87500000,4.2100
1628081033575000,0,246.58410823,4.2200
1628081034096000,0,103.13810051,4.2200
1628081034107000,0,150.46522099,4.2200
1628081034205000,0,83.09000000,4.2200
1628081034216000,0,31.28501410,4.2200
1628081034230000,0,253.43755617,4.2200
1628081176244000,0,421.67704017,4.2500
1628081715893000,1,496.71509917,4.2600
1628081715893000,1,944.87587822,4.2600
1628082058047000,1,27.29204748,4.2600
1628082058140000,1,72.00000000,4.2600
1628082058183000,1,88.00000000,4.2600
1628082058728000,1,45.66379130,4.2600
1628082059050000,1,105.94478837,4.2600
1628082143033000,1,100.00000000,4.2400
1628082264780000,0,15.50389194,4.2500
1628083213378000,0,547.77623537,4.2600
1628083298896000,1,31.79239336,4.2600
1628083421452000,1,30.91850373,4.2600
1628083421452000,1,9.08149627,4.2600
1628083617792000,1,26.59678926,4.2800
1628083617926000,1,57.84500000,4.2800
1628083618241000,1,17.02528868,4.2800
1628083618241000,1,16.12771132,4.2800
1628083626846000,1,236.29528319,4.2800
1628083636458000,0,19.57404018,4.2900
1628083636458000,0,80.42595982,4.2900
1628083647080000,1,537.72501591,4.2700
1628083664865000,1,700.00000000,4.2700
1628083763134000,1,169.75643556,4.2700
1628083797396000,1,31.00643268,4.2700
1628083799033000,1,465.97918785,4.2700
1628083924418000,1,20.24347918,4.2800
1628083958748000,1,233.95331374,4.2700
1628083958748000,1,19.12217989,4.2700
1628083958748000,1,146.64250637,4.2700
1628083964542000,1,111.85867468,4.2800
1628084244911000,0,16.40093240,4.2900
1628084274259000,0,507.92021386,4.2900
1628086557235000,0,518.35455133,4.2900
1628086645080000,1,528.48296841,4.2800
1628086694710000,1,545.79538156,4.2700
1628086694710000,1,87.73135311,4.2700
1628086694710000,1,219.79519067,4.2700
1628086694710000,1,20.26308623,4.2600
1628086694710000,1,165.20799932,4.2600
1628087141459000,0,346.41729500,4.2700
1628087141476000,0,46.87500000,4.2700
1628089025535000,0,512.30882381,4.3000
1628089219336000,1,97.96871236,4.3100
1628089737433000,1,95.13137461,4.3200
1628089887178000,1,532.92429741,4.3200
1628089937932000,0,805.00000000,4.3300
1628089986993000,1,23.20000000,4.3400
1628089997205000,1,23.20000000,4.3400
1628090002597000,1,23.20000000,4.3400
1628090012143000,1,23.20000000,4.3400
1628090283637000,1,87.03108658,4.3200
1628090324965000,1,509.95802533,4.3100
1628090324965000,1,86.62367586,4.3100
1628090515705000,1,78.02095624,4.3100
1628090522275000,1,79.61569449,4.3100
1628090570893000,1,78.68089000,4.3400
1628090678600000,1,76.83468453,4.3300
1628091010707000,0,30.00000000,4.3300
1628091075705000,1,73.61535409,4.3200
1628092761027000,0,493.69394957,4.3200
1628092876276000,1,86.60216370,4.3200
1628092958594000,1,86.46422919,4.3300
1628092958594000,1,216.10150141,4.3300
1628092958594000,1,186.06734627,4.3300
1628092958636000,1,375.81497855,4.3300
1628093227212000,1,491.34385859,4.3100
1628093227431000,1,19.44626622,4.3000
1628093227431000,1,100.38788012,4.3000
1628093365062000,0,17.47615804,4.3300
1628093588771000,0,107.90958441,4.3500
1628094191099000,0,186.06696508,4.3400
1628094191099000,0,495.42745345,4.3400
1628094191099000,0,18.55098479,4.3500
1628094191099000,0,192.99226000,4.3500
1628094191099000,0,189.00000000,4.3500
1628094191099000,0,105.26462269,4.3500
1628094199332000,0,850.00000000,4.3400
1628094199332000,0,230.58828224,4.3400
1628094199332000,0,14.91402190,4.3400
1628094300277000,1,230.70089339,4.3300
1628094300277000,1,404.83945164,4.3300
1628094300277000,1,347.59815241,4.3300
1628094300277000,1,537.63564527,4.3300
1628094300277000,1,189.00000000,4.3300
1628094300277000,1,193.99538000,4.3300
1628094300277000,1,66.04826081,4.3300
1628094300277000,1,168.46241203,4.3300
1628094300277000,1,996.83000000,4.3300
1628094300277000,1,859.06197426,4.3300
1628094633021000,0,119.92101825,4.3400
1628094633225000,0,222.60000000,4.3400
1628094807501000,1,490.75091081,4.3300
1628095725325000,0,700.00000000,4.3600
1628095725325000,0,493.30717704,4.3600
1628096497384000,1,66.53402041,4.3500
1628096642426000,1,529.64091185,4.3300
1628096642426000,1,127.74291486,4.3300
1628096642426000,1,51.11307482,4.3300
1628096752505000,0,498.90228737,4.3400
1628097665844000,1,376.22349156,4.3300
1628097900664000,0,230.77734875,4.3300
1628098385798000,0,512.21764346,4.3400
1628099130390000,0,450.00000000,4.3300
1628099522687000,1,257.12842359,4.3200
1628100580667000,1,11.81710213,4.3200
1628100815719000,1,30.00000000,4.3100
1628100913600000,1,48.85660117,4.3200
1628100967543000,1,45.49782255,4.3100
1628101463324000,0,210.98951634,4.3100
1628101532242000,0,544.43185406,4.3100
1628102261212000,0,74.42512077,4.3100
1628103236517000,1,505.75962239,4.3100
1628103660975000,1,56.13401860,4.3000
1628103660975000,1,56.13633953,4.3000
1628103660975000,1,56.13633953,4.3000
1628103660975000,1,56.13633953,4.3000
1628103660975000,1,537.37807715,4.3000
1628103661103000,1,19.12990328,4.2900
1628103661103000,1,193.96937032,4.2900
1628103686155000,1,75.44297757,4.2900
1628103686155000,1,500.00000000,4.2900
1628104021608000,0,541.10623117,4.3000
1628104021608000,0,232.70363705,4.3000
1628104021608000,0,253.37068505,4.3000
1628104021608000,0,633.40058987,4.3000
1628104021662000,1,46.87500000,4.3000
1628104021694000,1,232.70363705,4.3000
1628104021738000,1,2065.82394074,4.3000
1628104215849000,0,537.03149847,4.3000
1628104322606000,1,103.75149365,4.3000
1628104556600000,1,76.47265337,4.3100
1628104597227000,1,75.95509679,4.3100
1628104818461000,1,427.30708525,4.3000
1628104922500000,1,549.21295277,4.3000
1628105405828000,0,503.52264157,4.3000
1628105576455000,1,81.21774683,4.2900
1628105591838000,1,500.00000000,4.2900
1628105591838000,1,76.71596620,4.2900
1628105606575000,1,76.34464568,4.2900
1628105606575000,1,23.65535432,4.2900
1628105728693000,1,76.15123906,4.2800
1628106256374000,0,507.44055829,4.2900
1628106494435000,1,312.96500000,4.2900
1628107980087000,1,91.67331641,4.3000
1628108206900000,0,19.38531377,4.3300
1628108206900000,0,14.78327745,4.3300
1628108239454000,1,518.14983164,4.3100
1628108642272000,0,532.80974148,4.3200
1628108954978000,1,509.07142103,4.3200
1628109341826000,1,850.00000000,4.3100
1628109361035000,0,627.90740740,4.3200
1628110083995000,1,98.71100309,4.3100
1628110083995000,1,52.73389629,4.3100
1628110095963000,1,55.92093541,4.3100
1628110323007000,0,100.00000000,4.3200
1628110925987000,0,542.70768904,4.3300
1628111628391000,1,533.45657328,4.3300
1628111632579000,1,600.00000000,4.3300
1628111970912000,0,231.16363017,4.3300
1628111970912000,0,344.61893763,4.3300
1628111970912000,0,518.03939554,4.3300
1628111970912000,0,964.47656112,4.3300
1628111970912000,0,98.04558639,4.3300
1628114839399000,1,502.97442725,4.3500
1628114839399000,1,90.45847902,4.3500
1628114839399000,1,229.67273831,4.3500
1628114839399000,1,189.00000000,4.3500
1628114839399000,1,226.05394444,4.3500
1628114839493000,0,229.67273831,4.3500
1628114839558000,0,2538.15139360,4.3500
1628115633939000,0,11.43678160,4.3500
1628115963943000,0,518.72025257,4.3600
1628116449690000,1,517.14285271,4.3600
1628117468654000,0,205.42409295,4.3100
1628118661078000,0,507.01100918,4.3000
1628118661078000,0,174.91590888,4.3000
1628119098931000,0,318.59156122,4.3200
1628119099789000,0,281.40843878,4.3200
1628119613194000,1,531.28223453,4.3400
1628119847887000,0,214.15368115,4.3400
1628120272280000,1,57.65956752,4.3300
1628120461620000,1,54.28457437,4.3300
