timestamp ms,type,amount,price
1625443301215000,1,672.00000000,4.5000
1625443361059000,1,58.83823526,4.4800
1625443611995000,1,62.39288704,4.4800
1625443656285000,1,150.45643414,4.4700
1625443656285000,1,59.87848692,4.4700
1625443661430000,1,149.99456843,4.4700
1625443676922000,0,47.49508493,4.4700
1625443820463000,1,71.50560000,4.4800
1625444056268000,0,45.83076097,4.5000
1625444107458000,0,44.69104501,4.5100
1625444107458000,0,111.72761253,4.5100
1625444170255000,0,40.36665851,4.5100
1625444170255000,0,23.90502514,4.5100
1625444170310000,0,13.83558499,4.5100
1625444308909000,1,30.57365488,4.5100
1625444308909000,1,221.54105512,4.5100
1625444338088000,1,68.68676000,4.5000
1625444536247000,0,182.57035276,4.5200
1625444536296000,0,126.80000000,4.5200
1625444536340000,0,110.80000000,4.5200
1625444656458000,0,350.00000000,4.5200
1625445071645000,0,38.81257255,4.5100
1625445430527000,0,40.40677438,4.5500
1625445430539000,0,76.54027497,4.5500
1625445430543000,0,16.80330929,4.5500
1625445430543000,0,53.48694845,4.5500
1625445430543000,0,29.70974226,4.5500
1625445430547000,0,35.58022409,4.5500
1625445430549000,0,29.34924712,4.5500
1625445431423000,0,98.13847257,4.5600
1625445528637000,1,57.65883792,4.5600
1625445528637000,1,144.10570208,4.5600
1625445564436000,1,351.88841000,4.5500
1625445564496000,1,22.84355388,4.5500
1625445564496000,1,141.59806072,4.5500
1625445564496000,1,56.65057858,4.5500
1625445753474000,0,65.49498969,4.5500
1625445769435000,1,56.27609000,4.5500
1625445792561000,1,56.14267000,4.5300
1625445841720000,1,54.28508975,4.5300
1625445841720000,1,135.71629025,4.5300
1625445841852000,1,0.00001510,4.5300
1625445916301000,1,53.34593000,4.5300
1625445998603000,1,52.93544000,4.5100
1625445998680000,1,0.00000263,4.5100
1625446033852000,1,52.44074783,4.5100
1625446107779000,1,51.70153390,4.5300
1625446420345000,0,46.87500000,4.5700
1625446421383000,0,46.87500000,4.5800
1625446423393000,0,46.13505449,4.5900
1625446424937000,1,115.38545175,4.5900
1625446433674000,1,183.40611000,4.5800
1625446433674000,1,294.82652753,4.5800
1625446433674000,1,1140.00000000,4.5800
1625446433674000,1,113.41922724,4.5800
1625446433781000,1,45.44032178,4.5800
1625446433856000,0,1004.55967822,4.5800
1625446434198000,1,113.41922724,4.5700
1625446434198000,1,295.56326912,4.5700
1625446434198000,1,214.13162364,4.5700
1625446434281000,1,410.88064000,4.5700
1625446434413000,1,45.44032000,4.5700
1625446434488000,1,0.00000178,4.5700
1625446434488000,1,1203.02297822,4.5700
1625446451351000,0,164.46648000,4.5700
1625446466680000,0,182.82540000,4.5800
1625446466680000,0,18.99577369,4.5800
1625446466680000,0,409.95834135,4.5800
1625446466680000,0,1065.66736745,4.5800
1625446466680000,0,218.89899259,4.5800
1625446466680000,0,163.97253452,4.5800
1625446466731000,1,46.87500000,4.5800
1625446466763000,1,278.93284040,4.5800
1625446467109000,0,19.27493240,4.5900
1625446467109000,0,427.00000000,4.5900
1625446467109000,0,753.72506760,4.5900
1625446467198000,0,290.77375612,4.5900
1625446467198000,0,160.51725352,4.5900
1625446467198000,0,401.20405035,4.5900
1625446467257000,1,90.81583001,4.5900
1625446470485000,0,57.86116186,4.5900
1625446485992000,1,57.55984936,4.5900
1625446485992000,1,966.00000000,4.5900
1625446485992000,1,143.80313766,4.5900
1625446485992000,1,373.97037124,4.5900
1625446485992000,1,158.66664174,4.5900
1625446491059000,0,106.37754097,4.5900
1625446585436000,0,46.40896634,4.6000
1625446586669000,0,544.31934185,4.6100
1625446586669000,0,217.38364052,4.6100
1625446586669000,0,192.82506412,4.6100
1625446586669000,0,77.10383351,4.6100
1625446588112000,0,511.99058000,4.6200
1625446829818000,0,91.49858851,4.6100
1625446829818000,0,36.58977265,4.6100
1625446833106000,0,35.01167013,4.6200
1625446848797000,1,52.58546990,4.6200
1625446848797000,1,131.90729010,4.6200
1625446872503000,0,184.49276000,4.6300
1625446872712000,0,88.87466628,4.6300
1625446872712000,0,105.14797231,4.6300
1625446872712000,0,31.99540726,4.6300
1625446889344000,0,176.99696316,4.6400
1625446914681000,1,52.29708408,4.6400
1625446914681000,1,130.67887121,4.6400
1625446914681000,1,339.88533471,4.6400
1625446973971000,0,56.88985000,4.6500
1625446982384000,1,450.00000000,4.6400
1625446982445000,1,672.00000000,4.6400
1625447062394000,0,53.11015000,4.6500
1625447062394000,0,11.50332594,4.6500
1625447062394000,0,215.55535918,4.6500
1625447062394000,0,219.83116488,4.6500
1625447062492000,0,110.23945849,4.6500
1625447062492000,0,44.08883188,4.6500
1625447085577000,0,37.40856000,4.6500
1625447087091000,0,8.31830263,4.6600
1625447087091000,0,93.51362590,4.6600
1625447087091000,0,29.06773147,4.6600
1625447089270000,1,46.87500000,4.6600
1625447089275000,1,3.72922854,4.6600
1625447089477000,1,125.88405500,4.6500
1625447089477000,1,1080.00000000,4.6500
1625447089477000,1,50.60421500,4.6500
1625447090934000,1,50.60422854,4.6400
1625447155387000,1,52.73413000,4.6600
1625447171435000,1,52.77031000,4.6500
1625447173609000,0,39.88841419,4.6500
1625447173609000,0,99.57180620,4.6500
1625447174583000,0,317.74597933,4.6600
1625447274596000,0,30.04238000,4.6700
1625447292562000,0,83.49484371,4.6800
1625447292673000,0,16.50515629,4.6800
1625447345371000,1,58.35267810,4.6800
1625447614095000,0,25.02867000,4.6900
1625447641028000,1,230.97146179,4.7100
1625447654641000,0,11.75041117,4.7200
1625447654687000,0,0.00000001,4.7200
1625447668495000,0,60.97076929,4.7300
1625447668495000,0,24.38279071,4.7300
1625447731151000,1,52.61024000,4.7400
1625447738258000,1,52.36187000,4.7400
1625447738402000,1,0.00000652,4.7400
1625447738884000,1,52.36187652,4.7300
1625447743558000,1,51.95701000,4.7300
1625447746560000,0,45.82870000,4.7300
1625447800670000,1,429.13702133,4.7400
1625447800670000,1,72.55412867,4.7400
1625447822405000,1,21.30000000,4.7300
1625447830224000,1,40.05846000,4.7300
1625447868841000,0,47.88853000,4.7200
1625447887696000,0,45.72816000,4.7200
1625447905942000,0,102.67781138,4.7300
1625447905942000,0,266.96194884,4.7300
1625447905942000,0,41.09561063,4.7300
1625447969319000,0,29.94531000,4.7400
1625447971357000,0,0.00000122,4.7400
1625448004746000,1,101.02035916,4.7400
1625448179558000,1,46.87500000,4.7200
1625448179596000,1,19.95447088,4.7200
1625448179596000,1,434.53674825,4.7200
1625448219384000,0,15.93820348,4.6900
1625448219384000,0,39.80164287,4.6900
1625448219384000,0,103.44240365,4.6900
1625448243726000,0,71.93728892,4.7000
1625448243726000,0,11.08307050,4.7000
1625448243726000,0,27.70766058,4.7000
1625448269198000,0,52.51701643,4.7000
1625448269198000,0,213.16026011,4.7000
1625448269198000,0,8.07456321,4.7000
1625448269198000,0,20.22944940,4.7000
1625448288905000,0,6.09067918,4.6900
1625448288905000,0,15.19774042,4.6900
1625448288905000,0,39.53166040,4.6900
1625448555555000,1,8.90559000,4.6700
1625448555555000,1,613.16827491,4.6700
1625448555670000,1,50.00000000,4.6700
1625448711324000,1,39.53149657,4.6500
1625449174409000,0,27.64558933,4.6800
1625449174409000,0,10.63291897,4.6800
1625449198834000,0,409.03005546,4.6900
1625449198834000,0,8.46597636,4.6900
1625449198834000,0,22.01153854,4.6900
1625449758638000,1,213.15748647,4.6800
1625449758638000,1,186.56051353,4.6800
1625449838152000,0,360.52040000,4.6900
1625449922384000,1,135.90000042,4.6900
1625450038327000,1,54.57998512,4.6800
1625450038327000,1,171.92766092,4.6800
1625450038345000,1,54.58551200,4.6800
1625450098933000,0,9.83514000,4.6800
1625450098993000,0,0.00000895,4.6800
1625450509609000,0,86.98228867,4.6800
1625450509659000,0,163.40000051,4.6800
1625450509715000,0,71.00000000,4.6800
1625450510321000,0,136.15164817,4.6800
1625450510360000,0,40.55370700,4.6800
1625450510482000,0,40.51194209,4.6800
1625450510722000,0,121.40041356,4.6800
1625450699741000,1,57.88781431,4.7000
1625450973759000,1,612.00000000,4.7000
1625451248108000,1,74.95319148,4.7000
1625451540047000,1,18.31486693,4.6800
1625451540047000,1,140.84015490,4.6800
1625451763473000,0,136.17737832,4.7200
1625451763548000,0,26.00000000,4.7200
1625451763577000,0,35.57069949,4.7200
1625451763597000,0,188.85537404,4.7200
1625451763631000,0,139.60000000,4.7200
1625451763651000,0,68.40000000,4.7200
1625451763696000,0,53.17443408,4.7200
1625451763700000,0,240.22211407,4.7200
1625451841160000,1,211.20957321,4.7300
1625452112318000,1,21.20000000,4.7600
1625452160573000,0,46.87500000,4.7800
1625452172273000,0,46.87500000,4.7800
1625452172342000,0,26.34584053,4.7800
1625452172409000,0,55.61421759,4.7800
1625452201539000,0,131.62777777,4.8000
1625452208085000,1,82.25422000,4.8000
1625452208212000,1,0.00000951,4.8000
1625452209341000,1,205.70090018,4.7900
1625452209341000,1,82.37394982,4.7900
1625452209494000,1,0.00000793,4.7900
1625452237428000,1,500.00000000,4.8000
1625452237435000,1,22.34865673,4.8000
1625452252644000,1,21.00000000,4.7900
1625452271188000,0,54.36787659,4.8100
1625452271188000,0,21.78218604,4.8100
1625452319980000,0,6.32000000,4.8200
1625452319980000,0,7.21650959,4.8200
1625452319980000,0,91.81712058,4.8200
1625452339876000,1,20.90000000,4.8100
1625452394906000,0,312.98553718,4.8400
1625452394906000,0,337.01446282,4.8400
1625452486441000,1,205.45498259,4.8600
1625452486441000,1,411.48718068,4.8600
1625452486441000,1,77.06983796,4.8600
1625452487561000,1,77.21275504,4.8500
1625452509631000,1,20.80000000,4.8300
1625452510927000,1,54.77194704,4.8300
1625452510927000,1,190.14994296,4.8300
1625452525174000,0,800.49051000,4.8400
1625452525270000,0,200.00000000,4.8400
1625452527416000,1,74.74848140,4.8300
1625452527416000,1,186.76929346,4.8300
1625452527416000,1,18.54656983,4.8300
1625452527416000,1,206.65656531,4.8300
1625452527652000,1,0.00002163,4.8300
1625452539303000,1,486.87494497,4.8100
1625452539303000,1,186.76929346,4.8100
1625452539303000,1,73.64737157,4.8100
1625452542941000,0,155.07145408,4.8100
1625452668671000,1,7.26045825,4.7900
1625452668744000,1,0.00000001,4.7900
1625452806340000,1,313.35443037,4.7400
1625452806340000,1,19.18704840,4.7400
1625452806340000,1,996.83000000,4.7400
1625452806340000,1,210.40474979,4.7400
1625452806340000,1,177.21518000,4.7400
1625452806340000,1,399.93750528,4.7400
1625452806340000,1,17.49904633,4.7300
1625452806340000,1,210.69603421,4.7300
1625452806340000,1,887.00000000,4.7300
1625452806340000,1,237.24429510,4.7300
1625452811866000,1,1200.00000000,4.7400
1625452811866000,1,996.83000000,4.7400
1625452811866000,1,210.40474979,4.7400
1625452811866000,1,194.79146732,4.7400
1625452820148000,1,825.20853268,4.7400
1625452820148000,1,210.40474979,4.7400
1625452820148000,1,915.90638036,4.7400
1625452831415000,1,72.18248201,4.7500
1625452831415000,1,180.50138362,4.7500
1625452831415000,1,210.40474979,4.7400
1625452831415000,1,469.33036384,4.7400
1625452831415000,1,265.76209118,4.7400
1625452831415000,1,265.45867668,4.7400
1625452840785000,1,171.51075175,4.7500
1625452840785000,1,169.75070490,4.7500
1625452840785000,1,47.83246255,4.7400
1625452840785000,1,996.83000000,4.7400
1625452840785000,1,210.34944810,4.7400
1625452840785000,1,599.18625339,4.7400
1625452846329000,1,420.81374661,4.7400
1625452846329000,1,445.86503924,4.7400
1625452846329000,1,210.35760907,4.7400
1625452846329000,1,996.83000000,4.7400
1625452846329000,1,121.59322577,4.7400
1625452850314000,1,65.52995963,4.7500
1625452885173000,0,99.02989909,4.7600
1625452887747000,0,335.67836842,4.7600
1625452925947000,0,403.99452456,4.7700
1625453255452000,1,210.90434300,4.7300
1625453255452000,1,65.02072700,4.7300
1625453260096000,1,25.02136722,4.7200
1625453260690000,1,600.00000000,4.7200
1625453260745000,1,328.97863000,4.7200
1625453313592000,0,774.00000000,4.7200
1625453569332000,1,212.16876767,4.7000
1625453569332000,1,56.67027233,4.7000
1625453615342000,0,130.10803596,4.7000
1625453615342000,0,212.94434404,4.7000
1625453727990000,0,127.09618032,4.6800
1625453806656000,0,213.41344331,4.6900
1625453806656000,0,45.12180669,4.6900
1625453806743000,0,291.23988414,4.6900
1625453853844000,1,53.10770920,4.7000
1625453853844000,1,132.79005672,4.7000
1625453853844000,1,212.54954383,4.7000
1625453853844000,1,251.55269025,4.7000
1625453853895000,1,93.37683380,4.7000
1625453855802000,1,53.14735897,4.6900
1625453855802000,1,132.90904103,4.6900
1625453867906000,0,810.00000000,4.7100
1625453867906000,0,119.43323000,4.7100
1625453868106000,0,175.79571089,4.7100
1625453942536000,1,50.11494978,4.7000
1625454001612000,1,49.87762000,4.7000
1625454033360000,1,52.66846000,4.6900
1625454033387000,1,0.00000499,4.6900
1625454071082000,0,124.84556058,4.6800
1625454071160000,1,27.81545942,4.6800
1625454225392000,1,49.05973437,4.6900
1625454225392000,1,34.73779649,4.6800
1625454287123000,1,47.99639572,4.7000
1625454451738000,1,51.61431000,4.7500
1625454472481000,1,51.63888000,4.7400
1625454516287000,1,50.94933000,4.7400
1625454540277000,1,50.96031347,4.7300
1625454794418000,0,104.20252000,4.7300
1625454908163000,1,46.87500000,4.7400
1625454908185000,1,6.58311927,4.7400
1625455204535000,1,137.71677060,4.7300
1625455204535000,1,55.09312572,4.7300
1625455204535000,1,211.19547870,4.7300
1625455204535000,1,358.52805732,4.7300
1625455376903000,0,147.59211865,4.7000
1625455376903000,0,212.96152706,4.7000
1625455376903000,0,371.74239270,4.7000
1625455376903000,0,86.82050159,4.7000
1625455568466000,1,1000.00000000,4.6800
1625455568518000,1,2854.80303577,4.6800
1625455568518000,1,57.05530423,4.6800
1625455584803000,1,500.00000000,4.6800
1625455606123000,1,56.89448331,4.6800
1625455606123000,1,113.59225615,4.6800
1625455669628000,0,145.72886000,4.6800
1625455709390000,1,1000.00000000,4.6700
1625455709459000,1,2887.05928135,4.6700
1625455709459000,1,62.94071865,4.6700
1625455709512000,1,77.86477969,4.6700
1625455710710000,1,837.74194935,4.6600
1625455710744000,1,144.39675071,4.6600
1625455710792000,1,75.48083804,4.6600
1625455710792000,1,99.99999999,4.6600
1625455710816000,1,62.82156352,4.6600
1625455710866000,1,122.59027431,4.6600
1625455710867000,1,67.19000000,4.6600
1625455710879000,1,40.62419268,4.6600
1625455710896000,1,270.29090000,4.6600
1625455710919000,1,170.38252032,4.6600
1625455710947000,1,40.00009120,4.6600
1625455710971000,1,26.80000000,4.6600
1625455710977000,1,49.66999999,4.6600
1625455710994000,1,51.49999999,4.6600
1625455710995000,1,87.12278148,4.6600
1625455711270000,1,956.00575000,4.6600
1625455723722000,0,214.46333542,4.6700
1625455723722000,0,151.29271659,4.6700
1625455723722000,0,378.23079779,4.6700
1625455723722000,0,983.08204817,4.6700
1625455723821000,1,214.46333542,4.6700
1625455772028000,0,90.31971626,4.6700
1625455772028000,0,225.79696717,4.6700
1625455772028000,0,214.29551657,4.6700
1625455784377000,0,0.00002025,4.6700
1625455784377000,0,82.98166975,4.6700
1625455784698000,0,0.00000208,4.6700
1625455785188000,0,585.81458717,4.6800
1625455785188000,0,225.24442261,4.6800
1625455789903000,1,69.48683000,4.6800
1625455793453000,1,0.00000150,4.6800
1625455830827000,0,62.54710526,4.6700
1625455830827000,0,156.05254947,4.6700
1625455830827000,0,94.88214398,4.6700
1625455851759000,0,57.62885000,4.6600
1625455868293000,1,65.37742384,4.6600
1625455869176000,1,163.47781113,4.6500
1625455869176000,1,30.29159894,4.6500
1625455869271000,1,35.08582490,4.6500
1625455995550000,0,216.14051730,4.6300
1625455995550000,0,73.27701270,4.6300
1625455998479000,0,73.23041000,4.6400
1625456246738000,0,427.16835269,4.6400
1625456246738000,0,417.41053612,4.6400
1625456246738000,0,216.05482824,4.6400
1625456246738000,0,160.84041082,4.6400
1625456246738000,0,325.37715516,4.6400
1625456246738000,0,64.31448229,4.6400
1625456345402000,0,59.04636000,4.6500
1625456429842000,1,286.99586120,4.6500
1625456522081000,0,57.82923876,4.6400
1625456522081000,0,144.27766214,4.6400
1625456522081000,0,375.18300910,4.6400
1625456640994000,0,216.07855244,4.6400
1625456640994000,0,50.55436598,4.6400
1625456640994000,0,3.47636560,4.6400
1625456825141000,1,215.34525575,4.6400
1625456825141000,1,68.43110347,4.6400
1625456825141000,1,171.03685421,4.6400
1625456825141000,1,321.91810343,4.6400
1625456825141000,1,444.68289072,4.6400
1625456825141000,1,888.00000000,4.6400
1625456855402000,1,68.45675927,4.6300
1625456891934000,1,64.30241971,4.6200
1625456903379000,0,216.55160389,4.6200
1625456911674000,0,216.55160389,4.6200
1625456911674000,0,67.42065611,4.6200
1625456936687000,1,199.05800330,4.6200
1625457040981000,1,62.54550293,4.6200
1625457040981000,1,242.98391658,4.6200
1625457067764000,1,156.38029437,4.6100
1625457067764000,1,83.11757852,4.6100
1625457109823000,0,74.52502420,4.6100
1625457131387000,0,170.07656663,4.6300
1625457131387000,0,68.16908337,4.6300
1625457152095000,0,62.80832166,4.6300
1625457157155000,1,55.58597000,4.6300
1625457171729000,0,61.39964164,4.6300
1625457171729000,0,153.57673836,4.6300
1625457267553000,0,57.80548000,4.6300
1625457267683000,0,0.00000323,4.6300
1625457412366000,0,56.49337000,4.6400
1625457694176000,0,55.25259000,4.6400
1625457986206000,1,13.25000092,4.6000
1625457986476000,1,28.60373013,4.6000
1625458000996000,1,50.51804828,4.5900
1625458017554000,1,50.36733846,4.5900
1625458017554000,1,276.41332262,4.5900
1625458017587000,1,46.87500000,4.5900
1625458017619000,1,26.71167738,4.5900
1625458140451000,0,122.32987651,4.5900
1625458140451000,0,153.44294958,4.5900
1625458308725000,0,119.28254007,4.5600
1625458311748000,1,434.35989993,4.5600
1625458379300000,0,519.32098000,4.5600
1625458379367000,0,330.09868420,4.5600
1625458379367000,0,169.90131580,4.5600
1625458379439000,0,121.61073071,4.5600
1625458379439000,0,197.91850517,4.5600
1625458379439000,0,116.59702248,4.5600
1625458379561000,1,263.87374164,4.5600
1625458379561000,1,600.98404000,4.5600
1625458426159000,0,101.37865762,4.5600
1625458426159000,0,98.62134238,4.5600
1625458506541000,0,325.66697844,4.5600
1625458551933000,1,54.49238000,4.5600
1625458758940000,1,48.51916584,4.5800
1625458777183000,1,21.40920703,4.5700
1625458783249000,1,77.70190103,4.5600
1625458783801000,1,714.00000000,4.5600
1625458783801000,1,433.99617930,4.5600
1625458783801000,1,48.41239070,4.5600
1625458793453000,1,45.90023000,4.5700
1625458880116000,0,97.76231000,4.5800
1625459017148000,0,37.26548670,4.6000
1625459121036000,0,92.59524921,4.6100
1625459121036000,0,103.73085541,4.6100
1625459173467000,1,42.68400590,4.6100
1625459173467000,1,106.69639410,4.6100
1625459426019000,0,101.95448802,4.6000
1625459615951000,1,43.37199722,4.6200
1625459616697000,0,257.32757981,4.6200
1625459616697000,0,102.93103192,4.6200
1625459616697000,0,19.34823938,4.6200
1625459616697000,0,194.99878611,4.6200
1625459642272000,0,163.61920317,4.6300
1625459704431000,0,97.09948091,4.6500
1625459710831000,1,44.72881152,4.6500
1625459779995000,1,44.69374243,4.6400
1625459779995000,1,35.30625757,4.6400
1625460094292000,0,94.90871678,4.6300
1625460094292000,0,227.28873280,4.6300
1625460143607000,1,43.05276000,4.6200
1625460245007000,1,43.03686595,4.6300
1625460245007000,1,107.55468856,4.6300
1625460304847000,1,43.32954000,4.6300
1625460342425000,1,401.24183272,4.6200
1625460342425000,1,108.35003388,4.6200
1625460342425000,1,43.35294340,4.6200
1625460466557000,1,105.00393615,4.6100
1625460466557000,1,41.96838385,4.6100
1625460604047000,0,103.00231164,4.6000
1625460604047000,0,56.12377531,4.6000
1625460653807000,0,218.00744000,4.5900
1625460805379000,0,100.68844605,4.5900
1625460805379000,0,45.47277399,4.5900
1625460951741000,1,84.87991266,4.5800
1625461047600000,0,103.25294485,4.5600
1625461047600000,0,49.85736815,4.5600
1625461047836000,0,152.10000000,4.5600
1625461047889000,0,56.26212940,4.5600
1625461154298000,1,173.99779000,4.5400
1625461154590000,1,0.00000735,4.5400
1625461159384000,1,220.44924000,4.5400
1625461213327000,0,98.66710000,4.5400
1625461221021000,0,14.30000000,4.5500
1625461225989000,0,14.30000000,4.5500
1625461298156000,0,38.86000000,4.5400
1625461329881000,0,237.64079969,4.5500
1625461329881000,0,362.35920031,4.5500
1625461330058000,0,58.65509707,4.5500
1625461330058000,0,95.00427293,4.5500
1625461354923000,0,79.31045580,4.5600
1625461354923000,0,328.47949420,4.5600
1625461355105000,0,186.82505135,4.5600
1625461355105000,0,198.26241865,4.5600
1625461356366000,0,0.00002060,4.5600
1625461367245000,0,170.21010455,4.5600
1625461500898000,0,150.00000000,4.5700
1625461558059000,1,69.13676000,4.5700
1625461771096000,0,65.10854474,4.5800
1625461771363000,0,54.25939000,4.5800
1625462130922000,1,69.43460458,4.5600
1625462181690000,1,68.08804484,4.5500
1625462181690000,1,108.46782737,4.5500
1625462181711000,1,30.78411539,4.5500
1625462294256000,1,69.39000000,4.5300
1625462294291000,1,40.61000000,4.5300
1625462294349000,1,82.69283167,4.5300
1625462294370000,1,26.26707739,4.5300
1625462312496000,0,50.00000000,4.5300
1625462312778000,0,33.90744335,4.5300
1625462351559000,1,42.70000000,4.5100
1625462351569000,1,19.41462581,4.5100
1625462492096000,1,62.66106000,4.5300
1625462502074000,1,62.66106000,4.5200
1625462537893000,0,150.00000000,4.5200
1625462541246000,1,62.15531014,4.5200
1625462541246000,1,27.55323491,4.5200
1625462541303000,1,18.46401953,4.5200
1625462541303000,1,220.94878124,4.5200
1625462541303000,1,155.26947747,4.5200
1625462541303000,1,403.70064142,4.5200
1625462720635000,0,79.93999947,4.5300
1625462720658000,0,48.10784612,4.5300
1625462745166000,1,58.90987000,4.5300
1625462763504000,1,58.95512997,4.5200
1625462769028000,1,58.77098000,4.5100
1625462808559000,1,145.56375883,4.5100
1625462808559000,1,58.17582117,4.5100
1625462808764000,1,0.00000884,4.5100
1625462832343000,0,21.90000000,4.5200
1625463015781000,0,121.56410000,4.5100
1625463076148000,0,118.50549212,4.5300
1625463089516000,0,116.12034000,4.5300
1625463137624000,0,113.49452000,4.5300
1625463607940000,0,415.40993444,4.5500
1625463607940000,0,234.59006556,4.5500
1625463629675000,1,424.22641660,4.5500
1625463629675000,1,219.31535789,4.5500
1625463629675000,1,756.00000000,4.5500
1625463630077000,1,1076.22900000,4.5400
1625463630077000,1,183.77726789,4.5400
1625463630077000,1,339.99373211,4.5400
1625463630155000,1,137.83182929,4.5400
1625463630155000,1,73.51090716,4.5400
1625463630266000,0,559.41203287,4.5400
1625463630384000,0,98.91896068,4.5400
1625463630384000,0,251.80922000,4.5400
1625463644360000,0,449.08561238,4.5500
1625463644360000,0,220.16034686,4.5500
1625463644360000,0,830.95848651,4.5500
1625463644360000,0,105.21639425,4.5500
1625463644433000,0,319.42186340,4.5500
1625463644433000,0,127.78409909,4.5500
1625463678758000,0,93.51366000,4.5400
1625463730669000,0,90.06220000,4.5500
1625464012434000,0,88.25656415,4.5400
1625464012434000,0,18.21726173,4.5500
1625464012434000,0,54.59706766,4.5500
1625464089228000,1,437.28678627,4.5300
1625464089228000,1,62.71321373,4.5300
1625464089333000,1,78.01151333,4.5300
1625464193659000,0,756.00000000,4.5500
1625464946238000,1,437.58141189,4.5700
1625465333211000,0,197.97950632,4.5500
1625465520013000,0,440.41692538,4.5700
1625465752504000,1,218.10795538,4.5800
1625465752504000,1,96.03148226,4.5800
1625465752504000,1,240.10067236,4.5800
1625465997563000,0,11.51086956,4.6000
1625466149361000,1,93.24932495,4.5900
1625466149361000,1,233.04334296,4.5900
1625466149361000,1,217.70955435,4.5900
1625466149457000,0,205.99777774,4.5900
1625466149457000,0,11.71177661,4.5900
1625466434673000,1,30.39982192,4.5900
1625466435964000,1,256.32297511,4.5900
1625466435965000,1,187.78587971,4.5900
1625466688745000,1,584.07125835,4.5800
1625467017882000,0,183.25102000,4.5900
1625467017882000,0,174.51490799,4.5900
1625467017959000,1,325.65358201,4.5900
1625467590275000,1,81.16315930,4.5900
1625467590275000,1,195.25940680,4.5900
1625467741693000,0,218.05588000,4.5900
1625467741693000,0,331.94412000,4.5900
1625467741807000,1,218.05588000,4.5900
1625468122403000,1,67.39719224,4.6100
1625468429170000,1,207.31532659,4.6100
1625468429170000,1,82.91888169,4.6100
1625468456724000,0,204.27151945,4.6100
1625468734896000,0,204.27151945,4.6000
1625468765464000,1,78.39010409,4.5900
1625468775546000,1,192.56110900,4.5900
1625469097135000,1,500.00000000,4.5800
1625469235550000,0,218.53310891,4.5800
1625469235550000,0,200.72944109,4.5800
1625469567148000,0,200.67040000,4.5700
1625470061576000,0,25.67982456,4.5600
1625470216287000,0,213.23625165,4.5700
1625470882475000,1,218.69350000,4.5700
1625471465910000,0,207.31325000,4.5800
1625471762759000,1,706.92930000,4.5700
1625471790470000,0,202.72632030,4.5700
1625471790470000,0,506.81526118,4.5700
1625471896333000,0,69.78000000,4.6000
1625471896346000,0,27.50000000,4.6000
1625471896352000,0,76.50000000,4.6000
1625471896445000,0,12.91854426,4.6000
1625472010428000,1,71.73787000,4.6000
1625472050856000,1,458.90178353,4.5800
1625472050856000,1,175.70628286,4.5800
1625472050856000,1,70.28393421,4.5800
1625472052271000,1,167.97249457,4.5700
1625472052271000,1,164.37370543,4.5700
1625472052362000,1,66.01711647,4.5700
1625472061461000,0,230.21659000,4.5700
1625472091356000,1,60.55632081,4.5900
1625472091356000,1,148.50903919,4.5900
1625472097094000,0,215.70938816,4.5900
1625472097094000,0,218.74877184,4.5900
1625472097195000,0,320.52469857,4.5900
1625472098031000,0,94.30000000,4.6000
1625472098056000,0,31.59612956,4.6000
1625472098162000,0,50.00000000,4.6000
1625472178431000,1,168.06477966,4.5900
1625472178431000,1,67.24931550,4.5900
1625472203079000,1,408.07605754,4.5700
1625472203079000,1,155.13798662,4.5700
1625472203079000,1,61.74573584,4.5700
1625472888653000,0,196.70351179,4.5800
1625472888653000,0,703.29648821,4.5800
1625472889508000,0,83.14013070,4.5800
1625472890170000,0,177.12548771,4.5800
1625473135590000,1,57.46170362,4.5700
1625473135590000,1,143.52529416,4.5700
1625473135590000,1,218.60414222,4.5700
1625473183153000,0,197.18526848,4.5700
1625473288247000,0,187.15813140,4.5700
1625473288247000,0,24.99692860,4.5700
1625473450948000,1,57.59548914,4.5600
1625473540087000,1,56.98391000,4.5600
1625473586708000,1,371.02752284,4.5500
1625473586708000,1,142.43850191,4.5500
1625473586708000,1,56.71502950,4.5500
1625473666568000,1,53.96555000,4.5500
1625473666569000,1,0.00000219,4.5500
1625473731004000,0,202.84591228,4.5500
1625473731004000,0,435.85820982,4.5500
1625473731004000,0,92.42638790,4.5500
1625473808625000,1,37.40000148,4.5400
1625474214679000,1,52.90685681,4.5700
1625474214679000,1,132.24347890,4.5700
1625474603286000,0,46.87500000,4.5800
1625474603668000,0,60.38446720,4.5800
1625474603838000,0,24.27446209,4.5800
1625474603851000,0,366.23811590,4.5800
1625474603851000,0,30.62880370,4.5800
1625474603853000,0,26.50726394,4.5800
1625474603864000,0,30.00000000,4.5800
1625474603892000,0,80.16682727,4.5800
1625474603930000,0,48.92505990,4.5800
1625474625490000,1,51.35505000,4.5700
1625474662039000,1,52.15249935,4.5800
1625475003078000,1,42.96040000,4.5800
1625475003103000,1,10.10766560,4.5800
1625475499373000,1,50.90431250,4.6000
1625475526186000,1,51.94350752,4.6000
1625475823353000,1,50.76986917,4.6400
1625475823353000,1,126.96919083,4.6400
1625475858843000,1,50.81091852,4.6300
1625475916367000,1,48.56592111,4.6300
1625475916367000,1,342.04319780,4.6300
1625475916540000,1,2268.75340000,4.6300
1625475916824000,1,4322.51757709,4.6300
1625475916887000,1,423.77043000,4.6300
1625475916923000,1,312.96500000,4.6300
1625475916976000,1,1844.98297000,4.6300
1625475917145000,1,110.80543000,4.6300
1625475926283000,1,0.00000806,4.6300
1625476086404000,0,220.57446390,4.6400
1625476086404000,0,129.46625807,4.6400
1625476266796000,1,346.33963941,4.6400
1625476493370000,0,129.08279636,4.6600
1625476493370000,0,211.68023104,4.6600
1625476523052000,1,43.01576178,4.6500
1625476523052000,1,107.54910043,4.6500
1625476560466000,1,42.34246000,4.6400
1625476574813000,0,211.82565000,4.6400
1625476593215000,0,206.50974000,4.6600
1625476683988000,1,143.24000058,4.6500
1625476774555000,0,1650.00000000,4.6700
1625476774628000,0,156.86880000,4.6700
1625476774628000,0,493.13120000,4.6700
1625476775193000,0,582.00000000,4.6800
1625476775193000,0,241.74739000,4.6800
1625476775316000,0,200.00000000,4.6800
1625476788057000,0,47.04376000,4.6800
1625476817981000,1,552.95624000,4.6700
1625476818040000,1,46.87500000,4.6700
1625476818043000,1,1240.16876000,4.6700
1625476818174000,1,285.86954768,4.6600
1625476818174000,1,27.09545232,4.6600
1625476818253000,1,325.39699570,4.6600
1625476818306000,1,324.14163089,4.6500
1625476818306000,1,75.57636911,4.6400
1625476818815000,1,568.42363089,4.6400
1625476829608000,0,232.54462000,4.6500
1625476836514000,0,227.31939000,4.6500
1625476836596000,1,214.46157000,4.6400
1625476836596000,1,18.05665012,4.6400
1625476836596000,1,167.19977988,4.6400
1625476859438000,0,203.83699000,4.6500
1625476898762000,0,13.68864651,4.6600
1625477134944000,0,13.68864651,4.6700
1625477194388000,1,41.10106160,4.6600
1625477194388000,1,102.72586365,4.6600
1625477481000000,1,340.39060100,4.6600
1625477490085000,1,70.80000000,4.6600
1625478081367000,1,167.09676737,4.6500
1625478247244000,1,240.10965400,4.6500
1625478247358000,1,259.89034600,4.6500
1625478592258000,1,100.00000000,4.6400
1625478717059000,0,319.04051966,4.6800
1625478717059000,0,330.95948034,4.6800
1625478947029000,1,27.68129107,4.6800
1625478948262000,1,68.56657365,4.6700
1625478948262000,1,27.43810526,4.6700
1625479425543000,1,428.11220320,4.6900
1625479425543000,1,199.63144893,4.6900
1625479425543000,1,30.72360783,4.6900
1625479425543000,1,76.78613981,4.6900
1625479538690000,1,116.90000094,4.6900
1625479538709000,1,62.60000000,4.6900
1625479538756000,1,61.49999999,4.6900
1625479538831000,1,37.00000000,4.6900
1625479637186000,0,408.77706956,4.7000
1625479637186000,0,996.83000000,4.7000
1625479637186000,0,341.55872197,4.7000
1625479637186000,0,213.30608999,4.7000
1625479637186000,0,136.59299480,4.7000
1625479637186000,0,322.53191489,4.7000
1625479637186000,0,18.59823764,4.7000
1625479637186000,0,888.56434207,4.7000
1625479637235000,1,46.87500000,4.7000
1625479637308000,1,213.14096415,4.7000
1625479637376000,1,4261.12709485,4.7000
1625479637500000,1,141.41246000,4.7000
1625479637578000,1,0.00000369,4.7000
1625479802673000,1,316.00000001,4.7100
1625479828889000,1,42.80000000,4.7000
1625479917154000,1,153.00000000,4.7000
1625479917166000,1,41.00000000,4.7000
1625479961413000,1,38.00000000,4.7000
1625480503764000,1,21.40000000,4.7200
1625480833129000,1,41.42344839,4.7300
1625480833129000,1,90.77013701,4.7300
1625480986282000,1,21.30000000,4.7400
1625480986304000,1,13.68000029,4.7400
1625481022939000,1,95.24297964,4.7300
1625481022939000,1,247.62179156,4.7300
1625481022939000,1,37.92216880,4.7300
1625481140831000,1,33.81637026,4.7200
1625481140831000,1,84.54584945,4.7200
1625481262723000,1,312.96500000,4.7200
1625482126619000,0,400.00000000,4.7400
1625482201209000,1,52.59997271,4.7400
1625482213518000,0,150.02676912,4.7400
1625482228704000,1,5.52791994,4.7400
1625482229405000,1,5.52791994,4.7300
1625482247147000,1,35.99957829,4.7200
1625482247147000,1,13.84901965,4.7200
1625482247147000,1,5.52791994,4.7200
1625482495938000,1,88.67038373,4.7100
1625482501498000,1,17.85997925,4.7100
1625482526587000,1,343.46963702,4.7100
1625483439011000,1,172.47714928,4.6800
1625483462970000,0,86.83719193,4.6800
1625483466244000,0,119.07945569,4.6800
1625483466929000,0,86.83719193,4.6800
1625483583890000,0,641.11563169,4.6700
1625483616725000,1,160.00000000,4.6600
1625483616748000,1,190.00000000,4.6600
1625483713283000,1,702.00000000,4.6400
1625483734982000,0,119.07945569,4.6400
1625483782896000,1,150.00000000,4.6400
1625484107136000,0,169.69490121,4.6400
1625484107136000,0,550.00000000,4.6400
1625484107136000,0,700.00000000,4.6500
1625484107136000,0,215.17307652,4.6500
1625484107136000,0,415.89334725,4.6500
1625484107136000,0,996.83000000,4.6500
1625484107136000,0,423.60403921,4.6500
1625484107136000,0,318.77419354,4.6500
1625484107136000,0,937.30356054,4.6500
1625484205592000,0,337.46745918,4.6300
1625484205592000,0,136.80119411,4.6300
1625484280321000,1,52.15319674,4.5900
1625484280321000,1,20.05676337,4.5900
1625484280321000,1,8.89660989,4.5900
1625484300041000,0,130.98887516,4.5800
1625484300041000,0,327.53108484,4.5800
1625484332933000,1,984.00000000,4.5600
1625484332933000,1,434.36918000,4.5600
1625484366323000,1,13.29711751,4.5100
1625484366323000,1,257.52785612,4.5100
1625484417306000,0,46.87500000,4.5300
1625484418219000,0,173.99179000,4.5300
1625484422672000,0,0.00000889,4.5300
1625484422672000,0,220.84344620,4.5300
1625484422672000,0,659.99998491,4.5300
1625484426979000,1,552.20702000,4.5400
1625484441704000,1,412.44415173,4.5300
1625484541474000,0,106.96272000,4.5200
1625484542482000,0,46.87500000,4.5200
1625484568412000,0,73.60678431,4.5200
1625484568412000,0,89.91913584,4.5200
1625484568412000,0,170.47407963,4.5200
1625484568605000,0,46.87500000,4.5200
1625484568808000,0,89.98653120,4.5200
1625484569457000,0,39.29415639,4.5200
1625484569479000,0,90.07646846,4.5200
1625484569484000,0,76.95428845,4.5200
1625484569645000,1,18.74329208,4.5200
1625484578865000,1,64.02862056,4.5200
1625484578865000,1,160.10076969,4.5200
1625484578865000,1,414.30866213,4.5200
1625484593712000,1,52.76918808,4.5300
1625484600981000,1,52.76918808,4.5200
1625484600981000,1,131.92702133,4.5200
1625484600981000,1,343.34914082,4.5200
1625484605314000,1,129.48987320,4.5100
1625484605314000,1,51.81418680,4.5100
1625484605431000,1,0.00000961,4.5100
1625484606056000,1,46.64021140,4.5100
1625484613368000,1,288.97228219,4.5200
1625484613368000,1,46.30251343,4.5200
1625484613368000,1,115.72331617,4.5200
1625484616788000,1,44.75938124,4.5200
1625484619361000,1,42.28980376,4.5200
1625484621362000,1,105.19785421,4.5200
1625484630232000,1,105.19785421,4.5100
1625484630232000,1,41.56842497,4.5100
1625484638041000,1,38.79342797,4.5100
1625484638041000,1,96.94383188,4.5100
1625484644968000,1,94.71821428,4.5100
1625484644968000,1,246.26735712,4.5100
1625484654119000,1,246.26735712,4.5000
1625484654119000,1,94.71821428,4.5000
1625484654119000,1,37.92396860,4.5000
1625484654286000,1,0.00001445,4.5000
1625484662162000,1,91.18050781,4.4900
1625484662162000,1,36.47522895,4.4900
1625484674777000,1,35.36098305,4.4900
1625484679766000,1,91.98111739,4.4900
1625484690691000,1,223.97181528,4.4800
1625484690691000,1,36.33174932,4.4800
1625484690691000,1,83.31221023,4.4800
1625484697758000,1,215.19813829,4.4700
1625484697758000,1,82.78913915,4.4700
1625484697758000,1,33.12145419,4.4700
1625484712291000,1,27.52719719,4.4600
1625484712291000,1,19.34780281,4.4600
1625484719915000,0,660.21360000,4.4600
1625484725526000,1,43.58634367,4.4700
1625484738277000,1,47.84099303,4.4700
1625484738277000,1,119.57037669,4.4700
1625484744827000,1,39.52491214,4.4600
1625484758568000,1,48.88447806,4.4800
1625484766034000,1,58.63071122,4.4800
1625484766034000,1,146.75372328,4.4800
1625484774246000,0,18.78375889,4.4900
1625484774246000,0,3.31624111,4.4900
1625484781218000,1,50.15157228,4.4700
1625484781218000,1,326.03848636,4.4700
1625484781218000,1,125.38427352,4.4700
1625484800100000,1,49.44267969,4.4700
1625484808927000,1,49.11851737,4.4700
1625484828569000,1,119.41914284,4.4700
1625484839149000,1,44.06321337,4.4600
1625484839149000,1,110.15802663,4.4600
1625484839170000,1,0.00000680,4.4600
1625484845718000,1,38.26002449,4.4600
1625484859388000,1,43.48282903,4.4600
1625484865895000,1,270.43999256,4.4500
1625484865895000,1,103.56937671,4.4500
1625484865895000,1,41.42859073,4.4500
1625484872436000,1,606.68292683,4.4400
1625484912714000,0,600.00000000,4.4400
1625484912889000,0,46.87500000,4.4400
1625484961033000,0,225.14284587,4.4600
1625484961033000,0,16.30974388,4.4600
1625484963253000,1,67.64059916,4.4500
1625484983987000,1,62.42072697,4.4400
1625485010481000,1,355.12551533,4.4300
1625485010481000,1,134.00905255,4.4300
1625485010481000,1,53.60603592,4.4300
1625485010481000,1,225.31161387,4.4300
1625485010575000,0,231.94778233,4.4300
1625485016763000,1,50.80819094,4.4400
1625485123391000,1,49.67735000,4.4400
1625485178070000,1,41.58673000,4.4400
1625485299015000,0,48.41839352,4.4400
1625485359562000,1,238.00339230,4.4200
1625485359562000,1,92.95670410,4.4200
1625485359562000,1,37.19367908,4.4200
1625485458400000,1,51.57492300,4.4300
1625485458400000,1,128.93730750,4.4300
1625485458400000,1,335.24180950,4.4300
1625485458475000,1,0.00001352,4.4300
1625485486930000,1,47.89131725,4.4300
1625485517442000,1,47.57968084,4.4300
1625485517442000,1,118.90625047,4.4300
1625485539830000,1,46.83712687,4.4100
1625485539830000,1,117.10397313,4.4100
1625485578466000,1,45.88049167,4.4100
1625485578466000,1,114.66438086,4.4100
1625485590538000,1,44.17409356,4.4100
1625485598221000,1,110.41495276,4.4000
1625485598221000,1,43.95853319,4.4000
1625485620763000,1,43.05827846,4.4000
1625485620763000,1,107.57397623,4.4000
1625485620763000,1,166.20713491,4.3900
1625485812667000,1,42.44552530,4.4100
1625485812667000,1,106.11623470,4.4100
1625485959445000,1,37.62598373,4.4000
1625485978290000,1,45.65715561,4.3900
1625485978359000,1,48.39235041,4.3900
1625485978359000,1,37.63036977,4.3900
1625486076756000,0,104.54986522,4.4000
1625486092357000,1,95.08318790,4.3800
1625486092357000,1,38.04279210,4.3800
1625486098653000,1,247.80969189,4.3700
1625486098653000,1,95.37211893,4.3700
1625486098653000,1,38.13717109,4.3700
1625486098653000,1,17.44022861,4.3600
1625486098653000,1,882.00000000,4.3600
1625486098653000,1,566.00000000,4.3600
1625486098653000,1,272.32291508,4.3600
1625486101550000,1,33.71522173,4.3700
1625486108365000,1,29.29657647,4.3600
1625486108365000,1,73.24232469,4.3600
1625486108365000,1,190.43209884,4.3600
1625486134988000,0,104.54986522,4.3600
1625486161056000,1,234.91080898,4.3400
1625486161056000,1,90.08907198,4.3400
1625486161056000,1,36.02689544,4.3400
1625486161056000,1,19.78429729,4.3300
1625486161056000,1,452.00000000,4.3300
1625486161056000,1,406.99500000,4.3300
1625486161056000,1,996.83000000,4.3300
1625486161056000,1,348.87990761,4.3300
1625486161056000,1,894.00000000,4.3300
1625486161056000,1,230.27046049,4.3300
1625486161056000,1,430.26139022,4.3300
1625486168002000,1,216.21527751,4.3400
1625486168002000,1,19.17605003,4.3300
1625486168002000,1,81.44806206,4.3300
1625486182246000,1,34.16613000,4.3500
1625486193807000,1,34.16613639,4.3400
1625486193807000,1,85.75060361,4.3400
1625486205795000,1,349.99999999,4.3200
1625486205868000,1,0.00000001,4.3200
1625486240987000,1,650.00000000,4.3300
1625486320165000,1,86.40853900,4.3600
1625486369173000,1,74.74763578,4.3500
1625486369173000,1,186.86907422,4.3500
1625486425413000,1,67.46462182,4.3400
1625486425413000,1,159.46647818,4.3400
1625486465510000,1,56.17696572,4.3500
1625486465510000,1,139.03158428,4.3500
1625486470387000,1,56.53947033,4.3500
1625486486646000,1,140.43883646,4.3500
1625486486646000,1,56.17236286,4.3500
1625486486646000,1,203.10680068,4.3500
1625486494465000,0,13.29711751,4.3600
1625486494465000,0,1188.00000000,4.3600
1625486505277000,0,17.01406773,4.3800
1625486505277000,0,611.83753044,4.3800
1625486517596000,1,18.63029032,4.3700
1625486517631000,1,12.14316505,4.3700
1625486517631000,1,112.05540344,4.3700
1625486517631000,1,41.24610281,4.3700
1625486546559000,0,432.27284959,4.3900
1625486546559000,0,106.63571041,4.3900
1625486546627000,0,541.36428959,4.3900
1625486550116000,1,33.97740019,4.3900
1625486550116000,1,84.93196566,4.3900
1625486550116000,1,220.82978869,4.3900
1625486559760000,1,31.19536181,4.3900
1625486559760000,1,78.81503819,4.3900
1625486559812000,1,0.00000530,4.3900
1625486559812000,1,204.90510470,4.3900
1625486562239000,1,78.81504349,4.3800
1625486562239000,1,31.55787844,4.3800
1625486617224000,1,26.93155926,4.3800
1625486618783000,1,61.27973608,4.3800
1625486619293000,1,24.37857714,4.3800
1625486625401000,1,59.85036391,4.3800
1625486625401000,1,500.00000000,4.3800
1625486640176000,1,59.88018182,4.3700
1625486640176000,1,23.66279949,4.3700
1625486649964000,1,20.70496101,4.3700
1625486651571000,1,51.76133292,4.3700
1625486651715000,0,292.36529680,4.3800
1625486734988000,1,18.38433559,4.3800
1625486734988000,1,45.94616595,4.3800
1625486734988000,1,118.77968927,4.3800
1625486734988000,1,216.60780919,4.3700
1625486752083000,1,32.04799359,4.3700
1625486752316000,1,11.99181188,4.3700
1625486752316000,1,17.61915392,4.3700
1625486820962000,1,15.27328254,4.3900
1625486855766000,1,13.96655200,4.3900
1625486860167000,1,34.74219745,4.3900
1625486883466000,1,11.95931984,4.3800
1625486883466000,1,29.90010333,4.3800
1625486906380000,1,11.07316562,4.3800
1625486906380000,1,27.68607404,4.3800
1625486910124000,1,10.68753376,4.3800
1625486918611000,1,26.59249379,4.3800
1625486923367000,1,9.80949072,4.3800
1625486926442000,1,24.51196821,4.3800
1625486926442000,1,63.73111736,4.3800
1625486928867000,1,22.18266818,4.3800
1625486928867000,1,8.87306727,4.3800
1625486965501000,1,185.74481450,4.3700
1625486965536000,1,139.28572334,4.3700
1625486965631000,1,34.44626216,4.3700
1625486965660000,1,26.10608027,4.3700
1625486965660000,1,8.95831952,4.3700
1625486965660000,1,22.39579881,4.3700
1625486990087000,1,8.03875257,4.3600
1625486990087000,1,18.91467553,4.3600
1625486990087000,1,49.15822951,4.3600
1625487020791000,1,6.54941849,4.3700
1625487020791000,1,16.37279673,4.3700
1625487118117000,0,229.47904134,4.3800
1625487118117000,0,220.52095866,4.3800
1625487134507000,1,5.83038330,4.3800
1625487151400000,1,14.18065136,4.3800
1625487237116000,0,100.00000000,4.3800
1625487290322000,1,5.67644876,4.3700
1625487395862000,1,8.39542458,4.3900
1625487395862000,1,21.82326542,4.3900
1625487909748000,1,36.40922462,4.3800
1625487909748000,1,6.20407004,4.3800
1625487909748000,1,15.51070534,4.3800
1625488113059000,1,16.02134641,4.3800
1625488113059000,1,40.05451286,4.3800
1625488119818000,1,14.62858272,4.3800
1625488136017000,1,14.55619223,4.3800
1625488136017000,1,36.38765727,4.3800
1625488143765000,1,14.30073687,4.3800
1625488145804000,1,35.75184218,4.3800
1625488150958000,1,14.05095385,4.3800
1625488252574000,1,34.33732361,4.3700
1625488252574000,1,12.53767639,4.3700
1625488252709000,1,1.13318201,4.3700
1625488630994000,1,12.05246776,4.3800
1625488639255000,1,16.17283226,4.3700
1625488941599000,0,233.52861346,4.3700
1625489204082000,1,29.99227979,4.3500
1625489204158000,1,292.86160000,4.3500
1625489833557000,1,11.52040000,4.3500
1625490189619000,0,33.05469071,4.3600
1625490335023000,0,19.43894221,4.3700
1625490335023000,0,13.61574850,4.3700
1625490737733000,0,134.59908883,4.3900
1625492476930000,0,269.33951905,4.4000
1625492476930000,0,271.15593549,4.4000
1625492942293000,0,500.00000000,4.4300
1625492986689000,1,262.00000000,4.4200
1625493903755000,1,897.03900000,4.4200
1625494209578000,0,18.83400277,4.4300
1625494209578000,0,1742.34414733,4.4300
1625494209578000,0,336.16252820,4.4300
1625494209578000,0,431.17850905,4.4300
1625495570379000,1,12.08776376,4.4200
1625495570379000,1,13.91220042,4.4200
1625495570558000,1,30.22084395,4.4200
1625495959296000,0,46.87500000,4.4400
1625495986183000,1,35.76523986,4.4300
1625495986183000,1,14.16398915,4.4300
1625497162074000,0,96.16027088,4.4300
1625497839947000,1,8.89889000,4.4300
1625497840206000,1,0.00000384,4.4300
1625498300218000,0,56.00000000,4.4000
1625498401247000,1,7.59618130,4.3900
1625498401887000,1,19.64365393,4.3800
1625498401887000,1,677.00000000,4.3800
1625498401887000,1,227.68798461,4.3800
1625498401887000,1,406.99500000,4.3800
1625498401887000,1,996.83000000,4.3800
1625498401887000,1,200.36254881,4.3800
1625498553280000,1,7.56285907,4.3900
1625498553280000,1,8.58132675,4.3900
1625498553285000,1,10.51961284,4.3900
1625498631195000,0,111.00476105,4.3900
1625498937881000,1,7.26438156,4.3700
1625498937881000,1,1487.06909844,4.3700
1625499200918000,1,7.47308067,4.3500
1625499370197000,0,272.40461097,4.3600
1625499543319000,1,16.62797701,4.3600
1625499543319000,1,640.08449299,4.3600
1625499543620000,1,0.00000701,4.3600
1625499916422000,0,270.61304073,4.3900
1625500038139000,0,41.61767227,4.3900
1625500072808000,0,269.96767494,4.4000
1625500072808000,0,16.27515161,4.4000
1625500386590000,1,17.81294757,4.3800
1625500386590000,1,295.15205243,4.3800
1625500559239000,1,16.79840067,4.3700
1625500559239000,1,41.99823231,4.3700
1625500690994000,1,41.25480259,4.3600
1625500690994000,1,16.51710828,4.3600
1625500840915000,1,13.57545494,4.3500
1625500900412000,1,75.22623000,4.3800
1625500900489000,1,0.00000598,4.3800
1625500940744000,1,41.86240000,4.3800
1625501119110000,1,42.54824539,4.3800
1625501119110000,1,65.11175461,4.3800
1625501119444000,1,41.04785431,4.3800
1625502365539000,1,41.48888270,4.3800
1625502463468000,1,37.53205788,4.3700
1625502463468000,1,9.34294212,4.3700
1625502463474000,1,84.48720258,4.3700
1625502495475000,1,37.08855847,4.3600
1625502495475000,1,92.72138153,4.3600
1625502924632000,1,19.87971328,4.3600
1625503138570000,0,228.42929999,4.3700
1625503243268000,1,19.76086956,4.3600
1625503350254000,1,540.49545454,4.3600
1625503381744000,1,231.63269191,4.3600
1625503381744000,1,81.33230809,4.3600
1625503825909000,0,428.09383415,4.3700
1625503860741000,0,108.85573268,4.3800
1625503860836000,0,32.43948183,4.3800
1625503860872000,0,40.23320000,4.3800
1625503860942000,0,30.00000000,4.3800
1625503861046000,0,59.59861911,4.3800
1625503895327000,0,99.02277904,4.3900
1625503959715000,0,55.36073059,4.3800
1625504089435000,1,29.77491777,4.3800
1625504089435000,1,74.41306063,4.3800
1625504305383000,1,69.60900609,4.3700
1625504305383000,1,27.72428391,4.3700
1625504341701000,1,66.29225697,4.3600
1625504341701000,1,26.53369303,4.3600
1625504544197000,1,28.47740000,4.3600
1625505067536000,1,25.58432223,4.3700
1625505067536000,1,803.94929777,4.3700
1625505080371000,1,0.00000223,4.3700
1625506106142000,1,961.78500000,4.3500
1625506369226000,1,51.97947332,4.3300
1625506369226000,1,20.79520074,4.3300
1625506371732000,0,273.77739299,4.3300
1625506371732000,0,684.61276701,4.3300
1625506499374000,1,46.87500000,4.3200
1625506509745000,1,100.00000000,4.3000
1625506509745000,1,816.00000000,4.3000
1625506527680000,0,14.70000000,4.3000
1625506528799000,0,674.72562727,4.3000
1625506528799000,0,276.14609865,4.3000
1625506702409000,0,220.46595211,4.2900
1625506709409000,1,18.84268513,4.2800
1625506709409000,1,14.81116102,4.2800
1625507096498000,0,277.62311000,4.2700
1625507111148000,0,277.54175000,4.2800
1625507277762000,0,276.24126000,4.3000
1625507277878000,0,0.00000232,4.3000
1625507436079000,1,109.54340000,4.3200
1625507436141000,1,50.75326038,4.3200
1625507436162000,1,226.05000000,4.3200
1625507436164000,1,164.00000000,4.3200
1625507436183000,1,142.92806090,4.3200
1625507436187000,1,106.72527872,4.3200
1625507436187000,1,240.27472128,4.3200
1625507436225000,1,653.48904613,4.3200
1625507436231000,1,30.23623259,4.3200
1625507638833000,1,20.00000000,4.3400
1625507712165000,0,16.02025564,4.3500
1625507713700000,0,171.15268000,4.3500
1625507713845000,0,0.00000957,4.3500
1625507818425000,0,549.02059496,4.3700
1625507903887000,0,57.27738816,4.3800
1625507903887000,0,57.27738817,4.3800
1625507903887000,0,57.27738817,4.3800
1625507903887000,0,57.27735550,4.3800
1625507954529000,0,0.00003267,4.3800
1625507982154000,0,321.90294315,4.3900
1625507982174000,0,77.83512803,4.3900
1625507982232000,0,88.12120126,4.3900
1625508047855000,1,46.87500000,4.4200
1625508047969000,1,42.08528793,4.4200
1625508062198000,1,443.43277755,4.4100
1625508069634000,0,345.13605441,4.4100
1625508069634000,0,650.00000000,4.4100
1625508069634000,0,424.62039615,4.4100
1625508069634000,0,204.50273652,4.4100
1625508069634000,0,996.83000000,4.4100
1625508069634000,0,18.79207156,4.4100
1625508069634000,0,18.98919960,4.4200
1625508069634000,0,192.26603000,4.4200
1625508069634000,0,57.30921311,4.4200
1625508497088000,0,46.87500000,4.4000
1625508538075000,0,46.87500000,4.4100
1625508538075000,0,222.46902054,4.4100
1625508545770000,1,46.87499946,4.4100
1625508545770000,1,550.00000000,4.4100
1625508801852000,0,568.86758000,4.4100
1625508802069000,0,968.09836000,4.4100
1625508802194000,0,0.00000389,4.4100
1625508909196000,0,108.84021788,4.4100
1625508909214000,0,302.91189838,4.4100
1625508909241000,0,242.24788374,4.4100
1625509948648000,1,86.29427696,4.4100
1625509948648000,1,98.82502314,4.4100
1625509948708000,1,116.88438965,4.4100
1625510022650000,1,82.48336739,4.4000
1625510022650000,1,38.24256998,4.4000
1625510022667000,1,91.99999999,4.4000
1625510022700000,1,64.00000000,4.4000
1625510022709000,1,180.20000000,4.4000
1625510022714000,1,365.69133003,4.4000
1625510574798000,0,231.90164000,4.4200
1625511057012000,1,78.59426804,4.4100
1625511057012000,1,199.96689196,4.4100
1625511263428000,1,38.41789152,4.4100
1625511976861000,0,19.02671357,4.4400
1625511976861000,0,80.97328643,4.4400
1625512165673000,1,341.89999922,4.4400
1625512165674000,1,94.49470560,4.4400
1625512448959000,0,10.00000000,4.4500
1625513230296000,0,332.91107722,4.4500
1625513313356000,1,84.55584000,4.4500
1625514139000000,1,96.16027088,4.4600
1625514690637000,1,340.92454524,4.4500
1625515096688000,0,46.87500000,4.4500
1625515112093000,0,46.87500000,4.4500
1625516105321000,0,72.52713392,4.4500
1625516105499000,0,216.95673000,4.4500
1625516105524000,0,99.99999999,4.4500
1625516105618000,0,40.25131812,4.4500
1625516105885000,0,548.26481797,4.4500
1625516552324000,0,190.23535215,4.4100
1625517745489000,1,30.44222222,4.4300
1625518760116000,0,22.17251918,4.4200
1625518761702000,0,255.99225042,4.4300
1625518762923000,1,46.87500000,4.4300
1625518779361000,1,69.89002026,4.4200
1625518779361000,1,174.72807387,4.4200
1625518779361000,1,555.38190587,4.4200
1625518779413000,1,290.97899000,4.4200
1625521135669000,0,54.53841852,4.4600
1625521395522000,0,435.47018866,4.4700
1625521678863000,1,46.87500000,4.4600
1625521678963000,1,57.39394585,4.4600
1625521755468000,0,550.00000000,4.4700
1625522184513000,1,65.32652908,4.4600
1625522184513000,1,163.29088414,4.4600
1625522184513000,1,394.41039678,4.4600
1625523194440000,0,203.04891462,4.4600
1625523965264000,0,816.00000000,4.4600
1625524202614000,0,335.70013135,4.4700
1625526017064000,1,83.24941883,4.4400
1625526017064000,1,225.01164117,4.4400
1625526531170000,0,266.40651212,4.4500
1625526813397000,0,265.62860411,4.4700
1625526813397000,0,10.22628500,4.4700
1625526887246000,1,78.07844971,4.4700
1625526887246000,1,195.15605000,4.4700
1625526917729000,0,188.44722662,4.4700
1625526920234000,1,4476.86679618,4.4700
1625526920341000,1,327.16696000,4.4700
1625526920417000,1,0.00000154,4.4700
1625527214463000,0,189.15525006,4.4600
1625527253744000,0,265.27192280,4.4700
1625527253744000,0,663.14775933,4.4700
1625527285533000,0,265.24432305,4.4700
1625527541491000,1,22.40000000,4.4900
1625527572253000,1,14.50000000,4.4800
1625527581159000,1,14.50000000,4.4700
1625528427687000,0,48.55053050,4.4600
1625528435234000,0,19.35583602,4.4700
1625528435234000,0,82.99570969,4.4700
1625528469048000,1,37.00006838,4.4500
1625528469105000,1,343.15494688,4.4500
1625528469419000,1,225.00000000,4.4500
1625528469457000,1,56.90000000,4.4500
1625528953356000,0,339.82062779,4.4600
1625528953356000,0,202.07345142,4.4600
1625528953356000,0,18.58487236,4.4600
1625528953356000,0,549.47404973,4.4600
1625528953356000,0,756.00000000,4.4600
1625528953410000,1,46.87500000,4.4600
1625528953478000,1,202.07345142,4.4600
1625528953538000,1,2830.70928553,4.4600
1625529131209000,1,46.87500000,4.4500
1625529131264000,1,333.64070000,4.4500
1625529549754000,1,91.92003267,4.4100
1625529813610000,1,3000.00000000,4.4300
1625530342283000,1,22.40000000,4.5000
1625530412338000,1,22.40000000,4.4900
1625530441722000,1,44.50572011,4.5000
1625530441770000,1,46.44884797,4.5000
1625530441889000,0,44.50526053,4.5000
1625530441915000,0,1.94357947,4.5000
1625530442921000,1,39.02321788,4.5000
1625530443344000,1,51.93135019,4.5000
1625530609466000,1,0.00000001,4.5000
1625530748466000,1,68.61522668,4.4800
1625530748466000,1,654.00000000,4.4800
1625530766961000,0,174.15910030,4.4800
1625530766961000,0,72.66680785,4.4800
1625530795985000,0,46.87500000,4.4800
1625531002585000,0,72.09556186,4.5000
1625531128424000,1,1146.00000000,4.5100
1625531546029000,0,69.70582370,4.5600
1625531546063000,0,24.92854247,4.5600
1625531547747000,0,212.29785617,4.5700
1625531547747000,0,84.92044510,4.5700
1625531642452000,1,14.40000000,4.5800
1625531647287000,0,300.00000000,4.6000
1625531647542000,0,42.01126676,4.6000
1625531647544000,0,46.87500000,4.6000
1625531647546000,0,463.11373324,4.6000
1625531833736000,0,4.93354168,4.7300
1625531833736000,0,323.81289624,4.7300
1625531833905000,0,264.70674107,4.7300
1625531858776000,0,46.87500000,4.7400
1625531864926000,0,11.51086956,4.7500
1625531864926000,0,4192.35096747,4.7500
1625531865004000,0,236.94513368,4.7500
1625531865357000,0,149.62593516,4.7500
1625531865450000,0,148.35108196,4.7500
1625531933836000,1,425.24155816,4.7200
1625532289653000,1,200.00000000,4.6300
1625532289900000,1,120.63714902,4.6300
1625532289900000,1,428.38344594,4.6300
1625532759437000,0,327.30000000,4.6100
1625532759702000,1,89.64155532,4.6000
1625532759702000,1,224.11932737,4.6000
1625532759702000,1,186.23911731,4.6000
1625532883603000,1,87.65941778,4.6000
1625533062079000,1,217.76357395,4.5800
1625533062079000,1,96.66222513,4.5800
1625533498651000,1,219.46590298,4.5600
1625533498651000,1,87.83023702,4.5600
1625533696831000,1,48.82070149,4.5800
1625533725625000,0,331.02270000,4.5900
1625533725925000,0,183.50975701,4.5900
1625533725981000,0,211.46754299,4.5900
1625534270188000,0,180.00000000,4.5400
1625535369690000,0,50.00000000,4.5400
1625535967064000,1,46.87500000,4.5300
1625536104351000,1,207.60000047,4.5500
1625536107404000,1,680.39999000,4.5500
1625536254103000,0,680.39999000,4.5400
1625536568167000,1,177.71668664,4.5500
1625536568189000,1,35.20006406,4.5500
1625537146477000,1,34.00000000,4.5100
1625537146532000,1,50.17921022,4.5100
1625537513392000,1,30.00000000,4.5400
1625537513407000,1,41.10000000,4.5400
1625537695697000,0,118.56142296,4.5300
1625538082782000,1,203.77536932,4.5300
1625538082782000,1,81.55645068,4.5300
1625538116006000,1,79.85205000,4.5300
1625538379614000,1,20.40000000,4.5600
1625538379640000,1,75.21059128,4.5600
1625538652552000,1,50.62142411,4.5600
1625538734285000,0,264.56245000,4.5800
1625539277058000,1,46.87500000,4.5800
1625539277242000,1,14.10000000,4.5800
1625539593651000,0,132.39000080,4.5800
1625540648968000,0,223.60000000,4.5700
1625540648986000,0,98.37301559,4.5700
1625540649030000,0,87.86352141,4.5700
1625540649030000,0,152.10299301,4.5700
1625540649183000,0,60.00000000,4.5700
1625543099461000,1,46.87500000,4.6000
1625543099779000,1,384.70949967,4.6000
1625543705117000,0,254.73509179,4.6100
1625543705119000,0,31.77000000,4.6100
1625544601484000,1,429.58344253,4.6700
1625544960083000,0,46.87500000,4.6600
1625545871940000,0,19.14045611,4.6500
1625545871940000,0,181.89176286,4.6500
1625545871940000,0,215.40464960,4.6500
1625545871940000,0,730.30291637,4.6500
1625545877067000,0,179.89283000,4.6500
1625545877067000,0,442.56456081,4.6500
1625545877067000,0,318.93548386,4.6500
1625545877067000,0,18.10086720,4.6500
1625545877067000,0,187.24604307,4.6500
1625545929149000,1,82.65085384,4.6400
1625545929541000,1,276.40887260,4.6400
1625546565940000,0,18.87049598,4.6800
1625546565940000,0,181.06705000,4.6800
1625546565940000,0,407.98763026,4.6800
1625546565940000,0,690.00000000,4.6800
1625546565940000,0,268.00000000,4.6800
1625546565940000,0,132.15573395,4.6800
1625546565940000,0,214.14042425,4.6800
1625546565940000,0,324.71153845,4.6800
1625546565940000,0,1523.10510000,4.6800
1625546565940000,0,863.00000000,4.6900
1625546565940000,0,682.00000000,4.6900
1625546565940000,0,18.76731303,4.6900
1625546565940000,0,535.61639946,4.6900
1625546565940000,0,55.82811584,4.6900
1625546565940000,0,319.16666666,4.6900
1625546565940000,0,324.39102563,4.6900
1625546565940000,0,749.49148487,4.7000
1625546565940000,0,344.18752787,4.7100
1625546573011000,0,214.14042425,4.6800
1625546573011000,0,19.26391643,4.6800
1625546573011000,0,72.47249926,4.6800
1625546573011000,0,323.78205127,4.6800
1625546573011000,0,631.72106545,4.6800
1625546573011000,0,424.63799771,4.6800
1625546573011000,0,46.87500000,4.6900
1625546573011000,0,324.07051281,4.6900
1625546573011000,0,318.23717948,4.6900
1625546573011000,0,535.43836586,4.6900
1625546573011000,0,93.04685973,4.6900
1625546573011000,0,268.00000000,4.6900
1625546573011000,0,749.61371220,4.7000
1625546573011000,0,2311.00000000,4.7000
1625546573011000,0,863.00000000,4.7000
1625546573011000,0,368.52632512,4.7100
1625546728311000,1,401.63413689,4.6800
1625547155014000,1,268.00000000,4.6900
1625547155014000,1,24.36529680,4.6900
1625547194939000,1,257.59301802,4.6900
1625547225221000,1,268.00000000,4.6800
1625547471018000,0,124.22983514,4.6800
1625547495577000,0,46.87500000,4.6800
1625547764221000,1,410.14084792,4.7100
1625547764221000,1,268.00000000,4.7100
1625548041972000,1,309.92810873,4.7000
1625548329527000,1,200.00000000,4.6900
1625548359993000,0,50.00000000,4.6900
1625548360051000,0,46.87500000,4.6900
1625548511075000,0,255.71404591,4.6900
1625548575274000,0,46.87500000,4.7000
1625548597403000,1,18.49404877,4.7000
1625548597403000,1,69.55268995,4.7000
1625548835348000,1,18.22854955,4.6900
1625548835348000,1,69.81818917,4.6900
1625549679683000,1,50.00000000,4.7100
1625550101189000,1,14.20000000,4.7200
1625550300903000,1,21.40000000,4.7200
1625550336787000,1,21.40000000,4.7200
1625550371202000,1,21.40000000,4.7200
1625550425383000,1,19.01086429,4.7200
1625550425383000,1,295.41493480,4.7200
1625550697363000,1,46.87500000,4.7300
1625550697482000,1,268.00000000,4.7300
1625551402929000,1,18.37773912,4.7100
1625551402929000,1,81.62226088,4.7100
1625551593319000,1,200.00000000,4.7100
1625552018050000,0,100.00372970,4.7200
1625552723915000,1,20.00000000,4.7000
1625552776829000,1,606.00000000,4.7200
1625552887949000,1,94.02508000,4.7200
1625553111521000,0,4.97033898,4.7200
1625554138050000,1,50.00000000,4.6700
1625555425325000,1,46.87500000,4.6800
1625555495692000,0,68.80886658,4.6900
1625555495692000,0,406.77053292,4.6900
1625555495692000,0,213.76294244,4.6900
1625555495692000,0,10.65765806,4.6900
1625558538122000,1,72.84648187,4.6900
1625558792557000,1,73.87729548,4.6900
1625560336699000,1,420.23726051,4.6800
1625560470958000,1,19.46973165,4.6700
1625560470958000,1,35.89099894,4.6700
1625562089886000,1,298.47435897,4.6700
1625562123243000,0,50.00000000,4.6600
1625562408767000,0,430.71803317,4.6500
1625562611167000,1,46.87500000,4.6600
1625562611283000,1,37.64418062,4.6600
1625562611283000,1,4.31258530,4.6600
1625562611306000,1,170.00000000,4.6600
1625562711021000,1,53.82958965,4.6400
1625562711021000,1,53.82958965,4.6400
1625562711021000,1,53.83174008,4.6400
1625562711021000,1,53.83389051,4.6400
1625562711021000,1,574.00000000,4.6400
1625562711021000,1,21.21075656,4.6400
1625562718287000,1,1086.00000000,4.6300
1625562738244000,1,3278.48426469,4.6200
1625562747186000,0,46.87500000,4.6100
1625562747275000,1,100.00000000,4.6000
1625562748028000,1,137.50000000,4.6000
1625562756314000,1,129.10441429,4.6000
1625562756314000,1,267.99999571,4.6000
1625562756373000,1,0.00000429,4.6000
1625562756373000,1,49.73615571,4.6000
1625562930476000,1,147.34368876,4.5800
1625562930565000,1,46.87500000,4.5800
1625563050994000,0,261.10724000,4.5400
1625563076973000,0,260.67402000,4.5400
1625563250737000,1,67.40340000,4.5300
1625563278037000,1,68.36089000,4.5300
1625563346017000,1,78.81864000,4.5200
1625563351331000,1,431.88323000,4.5100
1625563488151000,0,263.54528000,4.4900
1625563488203000,0,0.00000778,4.4900
1625563547582000,1,450.00000000,4.5000
1625563563534000,0,50.00000000,4.4900
1625563563767000,0,46.87500000,4.4900
1625563609359000,1,46.87500000,4.4900
1625563609457000,1,48.25215000,4.4900
1625563609568000,1,0.00000211,4.4900
1625563686755000,1,77.70375089,4.5000
1625563687057000,1,714.29624000,4.5000
1625563687233000,1,0.00000911,4.5000
1625563712023000,0,222.83298098,4.5000
1625563712023000,0,533.93341902,4.5000
1625563736681000,0,100.00000000,4.5100
1625563996570000,1,86.48692605,4.5000
1625564074722000,1,17.20000000,4.5100
1625564074769000,1,34.80000000,4.5100
1625564075362000,1,188.60940861,4.5100
1625564117273000,1,200.00972659,4.4900
1625564117273000,1,80.00780341,4.4900
1625564168566000,0,263.39047000,4.5000
1625564273051000,0,139.11504424,4.5100
1625564365135000,1,221.59667347,4.5100
1625564365135000,1,80.82892653,4.5100
1625564412755000,1,64.82214000,4.5100
1625564610052000,1,169.66817210,4.5000
1625564610052000,1,67.53012790,4.5000
1625564686701000,1,70.60363000,4.5000
1625564686781000,1,0.00000647,4.5000
1625564807389000,1,73.92168415,4.5100
1625564874565000,1,72.63466367,4.5100
1625564874565000,1,181.55847811,4.5100
1625565755133000,1,82.74162885,4.5500
1625565781543000,1,82.77254874,4.5400
1625565781543000,1,197.47059126,4.5400
1625566066445000,0,261.90629000,4.5200
1625566179299000,1,26.24009548,4.5100
1625566179487000,1,110.38000000,4.5100
1625566219250000,0,661.06146269,4.4800
1625566219250000,0,48.95211731,4.4800
1625566381931000,0,262.97425401,4.4900
1625566696393000,1,77.40000015,4.5300
1625566995369000,1,88.87570297,4.5300
1625567334381000,0,191.90000000,4.5200
1625567334382000,0,165.41585442,4.5200
1625567473945000,1,97.30260986,4.5300
1625567473945000,1,220.47237708,4.5300
1625567473945000,1,404.24020118,4.5300
1625567473945000,1,618.00000000,4.5300
1625567473945000,1,220.95260939,4.5200
1625567473945000,1,18.01206606,4.5200
1625567473945000,1,185.84070000,4.5200
1625567473945000,1,268.00000000,4.5200
1625567473945000,1,863.00000000,4.5200
1625567473945000,1,12.62513778,4.5200
1625568353185000,1,73.81337034,4.5200
1625568429766000,1,100.00000000,4.5200
1625568862548000,1,16.20355688,4.5200
1625568862722000,1,50.90000000,4.5200
1625569362691000,1,78.87198219,4.5000
1625569362691000,1,4.14004181,4.5000
1625569519046000,1,61.55421436,4.5200
1625569768337000,1,82.11234835,4.5300
1625570590084000,1,17.24000000,4.5000
1625570590118000,1,39.07265821,4.5000
1625570590134000,1,33.40791724,4.5000
1625571075735000,1,81.03269000,4.5100
1625571352570000,0,50.00000000,4.5300
1625571621003000,0,445.64917043,4.5300
1625571930137000,0,1323.32336559,4.5600
1625571930137000,0,325.62499999,4.5600
1625571930137000,0,175.89446896,4.5600
1625571930137000,0,423.94627385,4.5600
1625571930137000,0,508.87873901,4.5600
1625571930137000,0,121.32338067,4.5600
1625572379052000,1,84.44053977,4.6000
1625572379613000,0,108.22125813,4.6100
1625572404541000,1,28.00000000,4.6000
1625572503062000,1,329.54851162,4.5900
1625572507534000,0,329.47826086,4.6000
1625572507534000,0,261.21613689,4.6000
1625572507534000,0,152.35476225,4.6000
1625572507534000,0,620.20736173,4.6000
1625572619114000,1,26.91515026,4.5900
1625572836075000,1,433.94135000,4.5400
1625572944068000,0,160.99324000,4.5400
1625573041848000,0,253.98080000,4.5400
1625573078546000,1,200.68663670,4.5300
1625573078546000,1,446.53620271,4.5300
1625573996130000,1,85.59781248,4.5700
1625573996130000,1,218.57356102,4.5700
1625573996130000,1,213.89241205,4.5700
1625573996130000,1,537.23033209,4.5700
1625575415255000,0,46.87500000,4.6100
1625575418299000,0,973.12500000,4.6100
1625575575546000,0,177.58142784,4.6000
1625575575546000,0,217.56037272,4.6000
1625575575546000,0,417.90422059,4.6100
1625575575546000,0,500.00000000,4.6100
1625575575546000,0,261.40183527,4.6100
1625575575546000,0,18.95907961,4.6100
1625575575546000,0,182.81420000,4.6100
1625575575546000,0,1080.00000000,4.6100
1625575575546000,0,443.73407037,4.6100
1625575575546000,0,1153.51286762,4.6100
1625575575546000,0,399.48203443,4.6100
1625576038248000,1,322.06906594,4.6300
1625576300106000,1,59.24696949,4.6300
1625576342347000,0,77.93094000,4.6300
1625576343259000,0,309.86515841,4.6300
1625576989396000,0,51.06010000,4.6200
1625576989405000,0,276.95840000,4.6200
1625577427829000,1,350.00000000,4.6000
1625578502888000,0,50.00000000,4.5600
1625578537729000,1,78.51526000,4.5700
1625578977216000,1,163.23539904,4.5500
1625578977247000,1,288.42093154,4.5500
1625578977255000,1,186.57755536,4.5500
1625578977286000,1,38.49170987,4.5500
1625578977333000,1,519.99999999,4.5500
1625578977336000,1,248.70829013,4.5500
1625578977376000,1,26.37652489,4.5500
1625578977392000,1,240.00000000,4.5500
1625578977401000,1,3288.18958918,4.5500
1625579282843000,0,19.22574007,4.5800
1625579282843000,0,207.50659599,4.5800
1625579282843000,0,330.09825327,4.5800
1625579282843000,0,218.87483982,4.5800
1625579282843000,0,423.58704543,4.5800
1625579282843000,0,400.00000000,4.5800
1625579282843000,0,778.43678307,4.5800
1625579316831000,0,139.51706000,4.5500
1625579373592000,1,19.22803465,4.5200
1625579373592000,1,447.59126886,4.5200
1625579373592000,1,398.76101455,4.5200
1625579373592000,1,630.00000000,4.5200
1625579373592000,1,334.94469025,4.5200
1625579373592000,1,152.65186076,4.5200
1625579373592000,1,61.05277080,4.5200
1625579373592000,1,333.49961778,4.5100
1625579373729000,1,46.87500000,4.5200
1625579373729000,1,61.34625813,4.5100
1625579504350000,0,936.14980467,4.5400
1625579504350000,0,360.00354402,4.5400
1625579504350000,0,143.96623213,4.5400
1625579504350000,0,220.42994459,4.5400
1625579504350000,0,689.67073890,4.5400
1625579611713000,1,73.17837173,4.5400
1625579749168000,0,110.93713000,4.5600
1625579848635000,0,100.00000000,4.5600
1625579848635000,0,75.22632075,4.5600
1625579848637000,0,32.99579797,4.5600
1625579848637000,0,68.35649284,4.5600
1625579848646000,0,50.00000000,4.5600
1625579848671000,0,57.75999973,4.5600
1625579848704000,0,45.60000000,4.5600
1625579848727000,0,48.77744255,4.5600
1625579853568000,0,184.70230417,4.5600
1625580013121000,0,220.08810000,4.5500
1625580382432000,1,440.35305868,4.5500
1625580432960000,1,300.00000000,4.5400
1625580515390000,1,92.33540758,4.5300
1625581226698000,1,19.04774896,4.5100
1625581226698000,1,407.21808123,4.5100
1625581226698000,1,996.83000000,4.5100
1625581226698000,1,336.31929046,4.5100
1625581226698000,1,520.82457496,4.5100
1625581226698000,1,69.98056870,4.5100
1625581242071000,0,450.00000000,4.5200
1625581246345000,0,93.58005867,4.5200
1625581320374000,1,235.46013923,4.5200
1625581388454000,0,221.42452478,4.5200
1625581398882000,0,19.17523460,4.5300
1625581398882000,0,623.50026208,4.5300
1625581494402000,0,436.37000127,4.5300
1625581494769000,0,450.00000000,4.5300
1625581494827000,0,43.62999873,4.5300
1625581872056000,0,443.77108705,4.5400
1625581895207000,1,75.59283000,4.5400
1625582796855000,0,4.37362637,4.5500
1625583657024000,1,13.44270162,4.5300
1625583769099000,0,72.36138733,4.5100
1625583844429000,0,88.52819758,4.5000
1625583942997000,0,150.00000000,4.5000
1625584216243000,1,12.66708904,4.4900
1625584216310000,1,75.29000000,4.4900
1625584216827000,1,47.00000000,4.4900
1625584853188000,1,46.87500000,4.5100
1625584853351000,1,607.76225000,4.5100
1625584853537000,1,304.23775000,4.5100
1625585402416000,1,8.00000000,4.5200
1625585613572000,0,319.52324756,4.5400
1625585613654000,0,117.00000000,4.5400
1625585613654000,0,243.58970035,4.5400
1625585613655000,0,84.79689517,4.5400
1625585613677000,0,358.40000000,4.5400
1625585613754000,0,179.86837216,4.5400
1625585624759000,1,89.76857000,4.5400
1625586341671000,1,58.36966790,4.5200
1625586591659000,1,900.00000000,4.5200
1625586667465000,1,150.00000000,4.5100
1625587397090000,1,81.83599000,4.5200
1625587573174000,1,82.17531633,4.5300
1625588635773000,1,80.68909799,4.4900
1625588635773000,1,200.55400687,4.4900
1625588704873000,1,182.52920312,4.4800
1625588704873000,1,73.02605688,4.4800
1625588737964000,0,67.42843315,4.4800
1625588768576000,1,75.43287000,4.4900
1625589022243000,1,44.05999462,4.4700
1625589112375000,0,14.40000000,4.4700
1625589649645000,1,63.00343696,4.4600
1625589828116000,1,160.66887417,4.4600
1625589851249000,1,69.84813000,4.4600
1625589871897000,1,828.00000000,4.4500
1625589871897000,1,176.42974204,4.4500
1625589871897000,1,70.58435796,4.4500
1625590366127000,1,18.73782749,4.4700
1625590366262000,1,46.82305000,4.4700
1625590377838000,1,70.86251571,4.4600
1625591389456000,1,30.00008496,4.4800
1625591492037000,1,46.87500000,4.4500
1625591538567000,0,762.00000000,4.4500
1625591717978000,1,23.91641087,4.4400
1625591780384000,0,22.30000000,4.4400
1625592024169000,0,159.67114093,4.4700
1625592052074000,0,852.00000000,4.4800
1625592084810000,1,442.76621000,4.4800
1625592084857000,1,0.00000923,4.4800
1625592873912000,1,262.53537621,4.4600
1625592873942000,1,318.05069378,4.4600
1625592874145000,1,52.67109271,4.4600
1625592874198000,1,26.34930440,4.4600
1625592874313000,1,51.01950000,4.4600
1625593290027000,0,666.00000000,4.4800
1625595972231000,0,437.85809312,4.5100
1625596093380000,0,67.42843316,4.5200
1625596093380000,0,268.40961966,4.5200
1625596352357000,0,4.90812611,4.5200
1625596352357000,0,138.12582401,4.5200
1625596486241000,1,40.50007907,4.5100
1625596551128000,1,78.96361935,4.5000
1625596551128000,1,197.38273185,4.5000
1625596551128000,1,126.45364880,4.5000
1625596551135000,1,130.00000000,4.5000
1625596551170000,1,43.70000000,4.5000
1625596803444000,1,408.42340833,4.4900
1625598080264000,1,83.96929217,4.4500
1625598520397000,0,425.21078389,4.4500
1625598520397000,0,265.49971605,4.4500
1625598859828000,1,26.07390902,4.4500
1625600624345000,0,419.61269071,4.4700
1625600824075000,0,201.90528010,4.4700
1625600824106000,0,57.68145848,4.4700
1625600824106000,0,76.31854152,4.4700
1625600824237000,0,237.11549200,4.4700
1625600824289000,0,98.80000000,4.4700
1625600824463000,0,235.41996917,4.4700
1625601106226000,0,44.32071269,4.4900
1625601374126000,1,420.38173508,4.4800
1625602028267000,1,25.26718139,4.4800
1625602256968000,1,40.51529007,4.4800
1625602257034000,1,45.09000000,4.4800
1625602461521000,1,433.90108120,4.4700
1625602461521000,1,142.45994280,4.4700
1625602568786000,0,3200.00000000,4.4700
1625602711187000,1,131.76544201,4.4700
1625603229212000,0,445.11497840,4.4800
1625603725400000,1,315.75000000,4.4600
1625603725805000,1,234.25000000,4.4600
1625603725805000,1,119.62120092,4.4600
1625603888431000,1,128.64617369,4.4600
1625604201462000,1,65.05774382,4.4400
1625604201556000,1,70.52431682,4.4400
1625604301514000,1,128.60110577,4.4400
1625604301514000,1,321.46198423,4.4400
1625604596536000,1,32.44613490,4.4300
1625604860677000,1,340.29324306,4.4400
1625605135047000,0,154.73396000,4.4500
1625607598550000,1,87.57559471,4.4200
1625607788855000,1,95.79984000,4.4300
1625607962546000,1,86.27631000,4.4100
1625608029333000,0,22.40000000,4.4100
1625608059424000,0,22.40000000,4.4100
1625608094420000,0,22.40000000,4.4100
1625608124471000,0,22.40000000,4.4100
1625608149593000,0,14.50000000,4.4100
1625608165378000,0,14.50000000,4.4100
1625608170271000,0,14.50000000,4.4100
1625608181414000,0,14.50000000,4.4100
1625608195894000,0,437.63192948,4.4100
1625608204332000,1,79.27297889,4.4100
1625608204332000,1,198.19195111,4.4100
1625608383258000,1,77.93582248,4.4000
1625608389307000,1,431.74248392,4.3900
1625608389307000,1,68.25751608,4.3900
1625608393326000,1,74.03572000,4.3800
1625608414806000,1,74.68867000,4.3800
1625608421983000,1,73.01273465,4.3800
1625608421983000,1,182.50268071,4.3800
1625608421983000,1,474.46965464,4.3800
1625608438906000,0,14.50000000,4.3900
1625608445854000,0,14.50000000,4.3900
1625608456666000,1,71.90289000,4.3900
1625608654015000,0,18.21952486,4.4000
1625608654539000,0,438.81885582,4.4000
1625608676580000,0,69.75867000,4.4000
1625608676580000,0,400.00000000,4.4000
1625609120189000,1,84.86591580,4.4300
1625609120189000,1,4.52424501,4.4300
1625609120228000,1,50.00000000,4.4300
1625609120259000,1,43.71000000,4.4300
1625609120270000,1,77.99999999,4.4300
1625609320803000,1,84.43979148,4.4300
1625609336200000,1,42.04066719,4.4200
1625609336245000,1,42.42704371,4.4200
1625610161039000,0,224.94719819,4.4500
1625610161039000,0,215.04562310,4.4500
1625610610364000,1,83.93268858,4.4600
1625610757827000,1,51.78999999,4.4700
1625610757845000,1,32.86413888,4.4700
1625610757845000,1,251.80986183,4.4700
1625615188392000,1,83.66023568,4.5200
1625615480498000,0,413.94788873,4.5300
1625615494091000,1,82.22610000,4.5300
1625615494112000,1,0.00000396,4.5300
