timestamp ms,type,amount,price
1628554009090000,1,92.45257712,5.0000
1628554278093000,1,544.95925194,4.9600
1628554324742000,0,506.84968000,4.9600
1628554954524000,0,505.68375454,4.9600
1628555139963000,0,236.64743653,4.9700
1628558340967000,1,33.64820054,4.9200
1628558340974000,1,56.67352000,4.9200
1628560811065000,1,118.02099927,4.9700
1628560811076000,1,49.99999999,4.9700
1628563188134000,0,44.86400045,5.0000
1628563874318000,0,536.39779394,5.0100
1628563979696000,0,585.42702962,5.0200
1628563979696000,0,234.10914686,5.0200
1628563979696000,0,199.35936892,5.0200
1628563979696000,0,1519.50045215,5.0200
1628564110844000,0,518.50958761,5.0400
1628564110844000,0,300.41666665,5.0400
1628564110844000,0,899.86363413,5.0400
1628564110844000,0,198.83660702,5.0400
1628564110844000,0,1591.31993316,5.0400
1628564902765000,1,505.47942979,5.0300
1628564956288000,1,536.14964424,5.0200
1628564968562000,1,212.25251518,5.0100
1628564968562000,1,84.91863827,5.0100
1628564968562000,1,331.08104655,5.0100
1628564972328000,0,6.98602794,5.0200
1628566384620000,0,543.86144080,4.9700
1628566390673000,1,77.27562000,4.9700
1628566801765000,1,75.77394000,4.9600
1628567320221000,1,511.29599385,4.9600
1628567968489000,1,74.88540886,4.9600
1628568002862000,0,68.42972310,4.9600
1628568687434000,0,1137.72934421,4.9600
1628568687434000,0,532.31483708,4.9600
1628570059522000,1,531.07932956,4.9900
1628570059522000,1,77.55078849,4.9900
1628570059522000,1,193.85366124,4.9900
1628570059522000,1,200.25481432,4.9900
1628570059522000,1,200.65776971,4.9800
1628570059522000,1,18.96206297,4.9800
1628570059522000,1,185.00000000,4.9800
1628570059522000,1,592.87818085,4.9800
1628570581661000,1,76.35517906,4.9800
1628570581661000,1,18.74962283,4.9700
1628570581661000,1,185.00000000,4.9700
1628570581661000,1,119.61319811,4.9700
1628572691031000,0,538.44300001,5.0100
1628573050663000,1,544.44521524,5.0100
1628573347194000,1,60.00502084,5.0100
1628575585464000,1,399.71800000,4.9500
1628575759569000,0,300.00404327,4.9600
1628575759607000,0,40.29727162,4.9600
1628575759611000,0,98.70475192,4.9600
1628576741412000,1,188.37119597,4.9700
1628576741412000,1,75.37279403,4.9700
1628577046968000,0,543.12147382,4.9700
1628577596708000,0,800.00000000,4.9800
1628579046717000,1,536.09367574,4.9900
1628579068075000,0,7.94411177,5.0000
1628579080441000,1,78.64244434,4.9900
1628579129497000,1,17.10440835,4.9700
1628580412808000,1,8.00000000,4.9800
1628580832427000,0,499.81707603,5.0000
1628580864621000,0,234.59755103,5.0100
1628580864621000,0,371.73578230,5.0100
1628580966709000,1,539.61916548,5.0000
1628581006957000,1,1920.00000000,5.0000
1628581088135000,1,1960.00000000,5.0000
1628581929580000,0,518.02559045,5.0300
1628581941485000,1,312.96500000,5.0300
1628581976059000,1,312.96500000,5.0300
1628581993879000,1,312.96500000,5.0300
1628582136155000,1,1880.00000000,5.0400
1628582140155000,0,232.66924421,5.0400
1628582391751000,1,530.20475000,5.0400
1628582424008000,0,9.89682539,5.0400
1628583309679000,1,1900.00000000,5.0400
1628583383338000,1,2000.00000000,5.0400
1628583445561000,1,1960.00000000,5.0400
1628583475321000,1,170.76033057,5.0400
1628583904037000,1,1940.00000000,5.0800
1628584118142000,1,73.51790968,5.0800
1628584118142000,1,47.81929301,5.0800
1628584198758000,0,230.79584713,5.0800
1628584198940000,1,1473.70415287,5.0800
1628584230564000,0,230.78840752,5.0800
1628585070922000,0,58.72592280,5.1000
1628585386186000,1,5.85604113,5.0800
1628585533547000,0,100.00000000,5.0900
1628585537814000,0,79.50000000,5.0900
1628585537918000,0,315.28709938,5.0900
1628585730083000,1,13.60000000,5.1100
1628585750452000,1,59.20609728,5.1100
1628585750452000,1,489.33633628,5.1100
1628585751487000,1,72.77553098,5.1000
1628585759550000,1,1683.48000000,5.1000
1628585762971000,0,229.87807000,5.1000
1628585904536000,1,1920.00000000,5.1100
1628586034306000,0,29.73396736,5.1200
1628586043629000,1,9.94999999,5.1100
1628586203028000,0,228.94891245,5.1200
1628586203273000,1,1611.62108755,5.1200
1628586228537000,1,1820.00000000,5.1200
1628586372573000,1,1678.92000000,5.1200
1628586584959000,0,225.27391221,5.1200
1628586596410000,0,5.74269005,5.1300
1628586614411000,1,3908.29081229,5.1200
1628586615003000,1,378.08181000,5.1200
1628586861234000,1,5.00000000,5.1300
1628586887555000,1,19.60000000,5.1300
1628586892631000,1,19.60000000,5.1300
1628586959215000,1,216.46538794,5.1300
1628586967764000,1,3900.95979956,5.1300
1628586968276000,1,1099.04020044,5.1300
1628587311186000,1,8.63295410,5.1200
1628587457643000,1,2000.00000000,5.1200
1628587497164000,1,293.96604142,5.1200
1628588122154000,0,195.56204000,5.1200
1628588905363000,0,10.00000000,5.1500
1628588905363000,0,516.49079016,5.1500
1628589285822000,1,491.98535511,5.1500
1628589859818000,1,100.00000000,5.1300
1628590207126000,0,229.69825000,5.1000
1628590312161000,1,179.18587616,5.0900
1628590312161000,1,196.28356303,5.0900
1628590312161000,1,494.50974313,5.0900
1628590312161000,1,71.67659263,5.0900
1628590312161000,1,996.83000000,5.0900
1628590312161000,1,295.31434184,5.0900
1628590312161000,1,18.18457743,5.0900
1628590312260000,0,196.09942913,5.0900
1628590312353000,0,603.89209357,5.0900
1628590936798000,1,517.06199863,5.0600
1628590984134000,1,950.00000000,5.0500
1628591224945000,0,533.51754000,5.0600
1628591664824000,0,496.47532913,5.0400
1628591825534000,0,100.00000000,5.0500
1628593003020000,1,1150.00000000,5.0300
1628593500582000,1,56.81655611,5.0300
1628593501929000,1,21.60000000,5.0200
1628593501996000,1,30.30000000,5.0200
1628594027339000,0,198.06190695,5.0600
1628594027339000,0,203.50149305,5.0600
1628594050055000,0,231.49744309,5.0700
1628594050055000,0,368.50255691,5.0700
1628594050118000,0,950.00000000,5.0700
1628594490457000,0,230.17487000,5.0900
1628594914686000,1,55.12737127,5.1100
1628595017747000,1,1512.80468749,5.1200
1628595178587000,1,196.35649312,5.0800
1628595178587000,1,492.38854662,5.0800
1628595178587000,1,1150.00000000,5.0800
1628595178587000,1,299.35039369,5.0800
1628595178587000,1,73.95424920,5.0800
1628595178587000,1,685.90910324,5.0700
1628595178587000,1,20.21205690,5.0700
1628595178587000,1,251.05178177,5.0700
1628595185365000,1,606.33333333,5.0800
1628595224481000,1,69.72323532,5.0900
1628595224481000,1,174.29169293,5.0900
1628595225734000,1,62.42877471,5.0900
1628595225734000,1,156.07193677,5.0900
1628595251696000,0,6.83234699,5.0900
1628595251707000,0,96.25480021,5.0900
1628595274750000,1,37.00830023,5.0900
1628595274750000,1,92.52075058,5.0900
1628595329114000,1,150.13444136,5.0800
1628595329114000,1,57.09745963,5.0800
1628595329114000,1,22.83898385,5.0800
1628595336940000,1,14.91935084,5.0800
1628595336940000,1,37.29837710,5.0800
1628595336940000,1,35.40150749,5.0800
1628595376529000,1,450.00000000,5.0800
1628595376529000,1,25.52156223,5.0800
1628595376529000,1,10.20862489,5.0800
1628595377337000,1,65.98428408,5.0800
1628595474629000,0,197.02304659,5.0800
1628595566892000,0,50.00000000,5.0900
1628595793056000,1,700.00000000,5.0700
1628595886534000,1,300.00000000,5.0600
1628595886534000,1,500.00000000,5.0600
1628595958786000,1,1150.00000000,5.0400
1628596060630000,0,530.11127887,5.0600
1628596940145000,1,489.50343000,5.0700
1628596942366000,1,0.00000529,5.0700
1628597760974000,0,497.37563000,5.1100
1628597788601000,0,1100.00000000,5.1200
1628597788601000,0,97.73760311,5.1200
1628597788601000,0,310.35206550,5.1200
1628597924451000,0,228.37442686,5.1300
1628598119347000,1,295.22330096,5.1500
1628598119347000,1,495.50830481,5.1500
1628598119347000,1,18.79696892,5.1400
1628598119347000,1,287.67961164,5.1400
1628598119347000,1,293.35922329,5.1400
1628598119347000,1,185.00000000,5.1400
1628598119347000,1,193.86545649,5.1400
1628598119347000,1,1251.46148999,5.1400
1628598369292000,1,158.85609776,5.1500
1628598369330000,1,741.14390224,5.1500
1628598708972000,1,800.00000000,5.1500
1628598715966000,1,18.68478920,5.1400
1628598715966000,1,81.31521080,5.1400
1628598896773000,0,17.36557059,5.1700
1628598912991000,0,17.36557059,5.1700
1628600107737000,1,8.02912621,5.1500
1628600314924000,0,193.97716401,5.1600
1628600314924000,0,509.12967598,5.1600
1628600314924000,0,996.83000000,5.1600
1628600314924000,0,600.00000000,5.1600
1628600314924000,0,293.13953487,5.1600
1628600314924000,0,18.06360768,5.1600
1628600314924000,0,163.17699000,5.1600
1628600314924000,0,238.10163211,5.1600
1628600690463000,0,500.00000000,5.1600
1628600690463000,0,490.36686416,5.1600
1628600690463000,0,9.63313584,5.1600
1628600904035000,1,503.35501265,5.1400
1628601186713000,1,140.98576609,5.1400
1628601246344000,0,9.73217576,5.1500
1628601593922000,1,1000.00000000,5.1600
1628601593922000,1,492.07554420,5.1600
1628602224646000,0,256.26152129,5.1700
1628602368121000,1,153.16441000,5.1700
1628602368275000,1,0.00000005,5.1700
1628602500025000,0,10.00000000,5.2000
1628602500025000,0,288.17307692,5.2000
1628602500397000,0,608.00000000,5.2100
1628602500397000,0,185.00000000,5.2100
1628602619375000,1,38.90000000,5.1800
1628602719208000,1,19.40000000,5.1900
1628602724493000,1,19.40000000,5.1900
1628602729832000,1,19.40000000,5.1900
1628602734418000,1,19.40000000,5.1900
1628602739716000,1,13.50000000,5.1900
1628603082516000,1,195.22723705,5.1100
1628603083089000,1,356.24698795,5.1000
1628603099379000,0,100.00000000,5.1100
1628603121473000,0,519.08709934,5.1300
1628603364746000,0,501.04365375,5.1000
1628603797417000,1,194.66603953,5.1300
1628603797417000,1,205.05196047,5.1300
1628604049959000,1,514.41979939,5.1100
1628604971362000,1,194.75039000,5.1300
1628605002727000,0,515.84490974,5.1300
1628605002727000,0,195.13479995,5.1300
1628605002727000,0,228.14687306,5.1300
1628605002727000,0,714.34894450,5.1300
1628605382820000,1,394.96201232,5.1400
1628606023668000,1,480.85939000,5.1400
1628606232736000,1,39.33079531,5.1400
1628606232741000,1,37.12640313,5.1400
1628606847020000,1,7.24901000,5.1000
1628606849969000,1,0.00000960,5.1000
1628607377105000,0,505.60743361,5.0900
1628607450828000,0,50.00000000,5.1000
1628607505476000,1,195.73520000,5.1000
1628607896809000,1,514.93906000,5.1000
1628608163898000,1,295.06889763,5.0800
1628608163898000,1,196.60595392,5.0800
1628608164021000,0,196.60595392,5.0800
1628608718600000,0,18.18634564,5.1200
1628608718600000,0,45.94379436,5.1200
1628609229493000,0,44.17950691,5.1000
1628609251471000,1,33.13463018,5.0900
1628609351916000,1,668.40711462,5.0600
1628609422893000,1,24.85097264,5.0500
1628609586665000,0,510.18892516,5.0200
1628609601954000,0,233.21381657,5.0200
1628609671718000,1,510.27775000,5.0200
1628609721951000,0,491.43243030,5.0300
1628609928197000,0,231.04452091,5.0700
1628610211449000,1,525.02918000,5.0700
1628610829367000,1,18.63822947,5.0700
1628611500539000,0,504.65585000,5.0500
1628611711807000,1,488.75579534,5.0500
1628611731623000,1,73.80890470,5.0400
1628611741242000,1,73.55955907,5.0400
1628611768018000,1,73.18137657,5.0400
1628611768018000,1,1050.00000000,5.0400
1628612293028000,0,9.39562624,5.0300
1628612415392000,1,68.62094546,5.0300
1628612415440000,1,97.01696043,5.0300
1628612415463000,0,198.60262590,5.0300
1628612856131000,0,234.74541000,4.9900
1628612859959000,1,3252.00000000,4.9800
1628612966665000,1,37.96175393,4.9600
1628613060712000,0,236.60089203,4.9500
1628613061079000,1,169.75089251,4.9500
1628613061236000,1,15.80000000,4.9500
1628613061494000,1,24.10000000,4.9500
1628613082631000,0,236.90648000,4.9500
1628613277236000,0,44.92760213,4.9300
1628613419036000,1,78.52390916,4.9600
1628613600503000,0,236.12856000,4.9600
1628614117364000,0,509.87179616,4.9700
1628614906608000,0,235.63173892,4.9800
1628614915558000,0,235.05689522,4.9800
1628614941623000,1,509.18791627,4.9800
1628614941623000,1,200.66591775,4.9800
1628614941623000,1,66.94897816,4.9800
1628614941623000,1,122.30583501,4.9700
1628614941623000,1,100.89135281,4.9700
1628616188888000,0,199.82220000,5.0100
1628616362595000,1,29.46164408,5.0100
1628617598996000,1,68.54269017,5.0100
1628617614791000,1,600.00000000,5.0100
1628618589396000,0,484.69726403,5.0600
1628618589396000,0,18.46717509,5.0600
1628618589396000,0,294.96929160,5.0600
1628618873371000,1,507.70767949,5.0500
1628619078605000,1,495.46059742,5.0300
1628619708762000,0,515.65041000,5.0500
1628619813091000,0,136.87154150,5.0600
1628623604955000,1,141.65333348,5.0900
1628624243961000,1,85.37561749,5.1100
1628624931366000,0,19.43359375,5.1200
1628625151570000,1,83.83878204,5.1200
1628625151570000,1,209.59695511,5.1200
1628625151570000,1,195.17338685,5.1200
1628625151570000,1,544.96884523,5.1200
1628625151570000,1,295.13671875,5.1200
1628625151570000,1,996.83000000,5.1200
1628625151666000,0,195.17338685,5.1200
1628625151754000,0,1254.82658517,5.1200
1628625152279000,0,1197.44729000,5.1200
1628625155227000,1,435.16766000,5.1200
1628625157546000,1,307.83281000,5.1200
1628625287449000,1,76.02683766,5.1100
1628625287449000,1,3839.99037332,5.1100
1628625288048000,1,960.00962668,5.1100
1628625963071000,1,195.53860201,5.1100
1628625963071000,1,483.20138385,5.1100
1628625963071000,1,75.28225158,5.1100
1628625963071000,1,188.20562895,5.1100
1628625963071000,1,996.83000000,5.1100
1628625963071000,1,428.19233155,5.1100
1628625963071000,1,296.33072406,5.1100
1628625963071000,1,682.87164000,5.1000
1628625963071000,1,18.76264399,5.1000
1628625963071000,1,469.48001313,5.1000
1628625991102000,1,100.00000000,5.1100
1628625994099000,1,137.17670000,5.1100
1628626450141000,0,489.96643920,5.1200
1628627789408000,0,494.81822336,5.1300
1628628854376000,1,487.74594210,5.1400
1628629277464000,1,1450.00000000,5.1500
1628629738141000,1,293.03883494,5.1500
1628630342809000,0,174.04941710,5.1100
1628630826142000,0,38.31292588,5.1600
1628633552535000,0,194.39129545,5.1500
1628633552535000,0,288.43689320,5.1500
1628633552535000,0,996.83000000,5.1500
1628633552535000,0,18.81415963,5.1500
1628633552535000,0,20.63460120,5.1500
1628633552535000,0,510.09018577,5.1500
1628633552535000,0,163.27379000,5.1500
1628633552535000,0,3588.21645339,5.1500
1628633608603000,0,194.39129000,5.1500
1628633608670000,0,0.00000545,5.1500
1628633635630000,1,194.23132994,5.1500
1628633998520000,0,194.38345136,5.1500
1628633998520000,0,292.98058252,5.1500
1628633998576000,1,194.38345136,5.1500
1628633998752000,1,44.54766039,5.1500
1628634069480000,1,35.08786610,5.1300
1628634146638000,1,525.38955759,5.1300
1628634931304000,1,1650.00000000,5.0900
1628634938622000,0,230.16163340,5.0900
1628634939748000,0,3606.00000000,5.1000
1628635040306000,0,483.27809290,5.1000
1628635906861000,1,166.90846346,5.1000
1628635953034000,1,650.00000000,5.0900
1628635953034000,1,501.24936935,5.0900
1628636025546000,1,1700.00000000,5.0800
1628636025546000,1,800.00000000,5.0800
1628636115988000,0,489.08305499,5.0900
1628636205644000,0,293.95874262,5.0900
1628636205644000,0,19.48336441,5.0900
1628636205644000,0,168.54806978,5.0900
1628637595515000,0,93.03220000,5.1000
1628637595515000,0,673.19055000,5.1000
1628637595638000,0,1100.00000000,5.1000
1628637595776000,0,800.00000000,5.1000
1628637988634000,0,3925.88819918,5.0900
1628637988702000,0,196.28738623,5.0900
1628637989151000,0,877.82441459,5.0900
1628638147773000,1,27.81709602,5.0800
1628638610781000,1,501.05822006,5.1000
1628639032135000,0,483.08769039,5.1100
1628639368917000,0,194.33984375,5.1200
1628640251879000,1,531.44228764,5.1200
1628640348792000,1,292.88085937,5.1200
1628640348792000,1,996.83000000,5.1200
1628640348792000,1,18.62957463,5.1200
1628640348792000,1,18.64408789,5.1100
1628640348792000,1,181.72529954,5.1100
1628641708388000,0,529.11688123,5.1200
1628642423831000,0,183.97785678,5.1300
1628642423849000,0,38.95673854,5.1300
1628642423920000,0,5.48737487,5.1300
1628643290543000,1,25.55952380,5.1500
1628645091525000,0,23.31717280,5.1900
1628645095738000,0,124.06000484,5.1900
1628645095931000,0,10.74482236,5.1900
1628645392064000,1,13.50000000,5.2000
1628645421492000,0,228.45849610,5.2100
1628645449471000,0,283.65275214,5.2100
1628645481175000,0,2384.42436956,5.2100
1628645590412000,1,526.79684741,5.2100
1628645826206000,1,248.00000000,5.2100
1628647094000000,0,115.91411647,5.2000
1628647355585000,0,10.00000000,5.2300
1628647494692000,0,513.57406906,5.2200
1628647494692000,0,36.43024128,5.2200
1628647530894000,0,183.33524904,5.2200
1628649683326000,1,480.82120869,5.1400
1628650006152000,0,295.60546874,5.1200
1628650231983000,0,527.35009096,5.1300
1628651571241000,0,13.47948437,5.1500
1628653335459000,1,516.92024579,5.1700
1628653720905000,0,286.48005163,5.1800
1628657062309000,0,174.99047315,5.1700
1628657074557000,1,72.20534867,5.1700
1628657074557000,1,193.22039729,5.1700
1628657074557000,1,180.49355262,5.1700
1628657074557000,1,79.31002182,5.1700
1628657252815000,1,192.49910000,5.1900
1628657692486000,1,524.60135595,5.1800
1628657745805000,0,19.00409567,5.1900
1628657745805000,0,0.21555750,5.1900
1628658208855000,0,80.00262560,5.1900
1628658329607000,0,170.03581760,5.1900
1628658336589000,0,38.50259827,5.1900
1628658336796000,0,36.56702761,5.1900
1628658337001000,0,103.10342668,5.1900
1628658338886000,0,53.32866182,5.1900
1628659306309000,1,77.55695914,5.1800
1628659306309000,1,155.78260024,5.1800
1628660387131000,0,5.00000000,5.2200
1628660496225000,0,996.83000000,5.2300
1628660496225000,0,530.66713193,5.2300
1628660506245000,0,30.31691183,5.2300
1628660506245000,0,492.55061271,5.2300
1628660506245000,0,224.42383723,5.2300
1628660506245000,0,780.20577016,5.2300
1628660761145000,1,66.56542717,5.2300
1628660830017000,1,64.74506000,5.2200
1628661412108000,0,18.67590447,5.2400
1628661412108000,0,184.00000000,5.2400
1628661412108000,0,237.49732445,5.2400
1628661412108000,0,606.00000000,5.2400
1628661412108000,0,573.69509169,5.2400
1628661423531000,0,952.86259541,5.2400
1628661441613000,0,43.96740459,5.2400
1628661441613000,0,191.24956440,5.2400
1628661441613000,0,717.64562642,5.2400
1628661500562000,0,18.62451586,5.2400
1628661500562000,0,286.34541984,5.2400
1628661500562000,0,1600.75716353,5.2400
1628661642778000,1,7.32648614,5.2300
1628661682644000,0,89.37137516,5.2500
1628662316086000,0,50.00000000,5.2500
1628662668540000,1,191.01364106,5.2300
1628662668540000,1,50.00000000,5.2300
1628662668540000,1,289.18738049,5.2300
1628662668540000,1,487.34823265,5.2300
1628662668540000,1,18.75496273,5.2300
1628662668540000,1,2910.00000000,5.2300
1628662668540000,1,53.69578307,5.2300
1628662803057000,0,33.10197627,5.2500
1628663122658000,1,209.80674234,5.2600
1628663385496000,1,509.71096656,5.2600
1628663478062000,0,504.66991836,5.2700
1628663478062000,0,222.08007870,5.2700
1628663478062000,0,12.50000000,5.2800
1628663478062000,0,19.70416259,5.2800
1628663478062000,0,23.23661836,5.2800
1628663478062000,0,217.80922199,5.2800
1628663597254000,0,184.00000000,5.2800
1628663597254000,0,18.10646331,5.2800
1628663597254000,0,2724.80000000,5.2800
1628663597254000,0,73.09353669,5.2800
1628663941449000,1,272.85921332,5.2600
1628663942516000,1,30.00000000,5.2600
1628664051251000,0,154.46387832,5.2600
1628664124802000,1,495.95894811,5.2300
1628664124802000,1,3230.49999189,5.2300
1628664125364000,1,286.63479000,5.2300
1628664125969000,1,0.00000922,5.2300
1628664127562000,1,900.00000000,5.2300
1628664128999000,1,900.00000000,5.2300
1628664158237000,1,23.41544724,5.2100
1628664165642000,1,26.58455276,5.2100
1628664233034000,0,170.33789000,5.2200
1628664233043000,0,3015.66211000,5.2200
1628664325433000,0,20.72489649,5.2300
1628664854098000,0,512.39062037,5.2700
1628665033605000,1,482.72806000,5.2600
1628665366992000,0,479.80022693,5.2700
1628665518734000,1,283.97727272,5.2800
1628666297317000,1,499.03624072,5.2500
1628666902411000,0,486.79883461,5.2600
1628667816469000,0,50.00000000,5.2700
1628668224316000,1,508.44461000,5.2600
1628668779258000,0,287.50950570,5.2600
1628668779258000,0,888.94296578,5.2600
1628668847278000,1,95.00000000,5.2500
1628668847278000,1,850.00000000,5.2500
1628668847278000,1,190.30290587,5.2500
1628668847278000,1,19.07335539,5.2500
1628668847278000,1,933.42652213,5.2500
1628668880332000,0,491.90455886,5.2700
1628669503943000,1,11.03532143,5.2300
1628669503994000,1,14.60297068,5.2300
1628669504045000,1,282.10000518,5.2300
1628669716263000,0,499.51898034,5.2300
1628670792480000,1,11.13198754,5.2000
1628672288283000,0,19.34960078,5.2500
1628672288283000,0,41.87897064,5.2500
1628672295475000,0,56.85714285,5.2500
1628672332197000,1,111.83497053,5.2300
1628674977409000,0,9.47619047,5.2500
1628675392957000,1,190.25920097,5.2500
1628675392957000,1,496.59845281,5.2500
1628675392957000,1,996.83000000,5.2500
1628675392957000,1,18.74296151,5.2500
1628675392957000,1,288.85714285,5.2500
1628675392957000,1,808.71224186,5.2500
1628675507951000,0,36.40933023,5.2700
1628675945396000,0,47.23699999,5.2800
1628676147036000,0,507.52547543,5.2900
1628676480563000,1,5.96717171,5.2700
1628676724542000,0,996.83000000,5.2900
1628676724542000,0,189.19697991,5.2900
1628676724542000,0,281.82419659,5.2900
1628676724542000,0,19.42413184,5.2900
1628676724542000,0,19.47380779,5.3000
1628676724542000,0,159.30285000,5.3000
1628676724542000,0,219.40327030,5.3000
1628676841587000,0,188.22641509,5.3000
1628677269888000,0,3012.41860465,5.3300
1628677469255000,1,495.30902378,5.3000
1628677799740000,0,509.37091435,5.2600
1628678298389000,1,517.38946569,5.2800
1628678442032000,1,18.97534781,5.2600
1628678442032000,1,91.43252551,5.2600
1628678467750000,0,474.48321860,5.2800
1628678823402000,1,80.00000000,5.2900
1628678980258000,1,188.79576710,5.2900
1628678980258000,1,143.88863467,5.2900
1628679087660000,0,143.77024482,5.3100
1628679667884000,1,283.90503518,5.2800
1628679917302000,1,11.66509031,5.2900
1628679925093000,0,221.25006295,5.3000
1628680481865000,0,33.55992509,5.3400
1628680695593000,0,7.12115384,5.3500
1628680700417000,1,18.90000000,5.3400
1628680706817000,1,16.80000000,5.3400
1628680754758000,0,82.60820895,5.3500
1628680873911000,0,6.79349623,5.3600
1628680876380000,0,250.00000000,5.3700
1628680876380000,0,466.27080554,5.3700
1628680895480000,0,10.00000000,5.3800
1628680895480000,0,3309.00000000,5.3800
1628680895480000,0,819.55947955,5.3800
1628681084344000,0,277.06703909,5.3700
1628681084344000,0,177.27052045,5.3700
1628681084344000,0,177.58283152,5.3700
1628681093504000,0,8.80960466,5.3700
1628681093504000,0,146.80073053,5.3700
1628681100372000,0,38.24721189,5.3800
1628681106972000,0,9.41821561,5.3800
1628681326686000,0,821.29514563,5.3700
1628681706333000,1,8.91402715,5.3500
1628681873336000,0,65.09345794,5.3500
1628681908772000,1,248.00000085,5.3400
1628681908784000,1,35.96774700,5.3400
1628682401834000,1,473.70619549,5.3300
1628682426609000,0,187.39415086,5.3400
1628682426609000,0,996.83000000,5.3400
1628682426609000,0,18.54205593,5.3400
1628682426609000,0,477.08712622,5.3400
1628682426609000,0,128.68973815,5.3400
1628682432405000,1,19.48176305,5.3200
1628682432405000,1,63.12644590,5.3200
1628682432553000,1,7.18672643,5.3200
1628682574055000,1,482.17442644,5.3100
1628682583918000,1,6.87124435,5.3000
1628682583918000,1,69.45762809,5.3000
1628682583967000,1,892.59146555,5.3000
1628682584109000,1,150.06621027,5.3000
1628682584285000,1,49.25733173,5.3000
1628682659056000,1,18.20578177,5.2700
1628682659056000,1,463.78439504,5.2700
1628683604307000,0,486.01977973,5.3000
1628684609068000,1,125.61180999,5.2900
1628685132988000,0,67.36507936,5.3400
1628685132988000,0,20.52590961,5.3400
1628685132988000,0,996.83000000,5.3400
1628685132988000,0,283.28651684,5.3400
1628685132988000,0,131.17788744,5.3400
1628685372399000,1,84.87991266,5.3800
1628685375816000,0,6.87124435,5.3900
1628685432180000,1,3086.50000000,5.3900
1628685593273000,0,10.00000000,5.4000
1628685593273000,0,1499.18539325,5.4000
1628685621267000,1,250.00000000,5.4100
1628685666632000,1,222.32733000,5.4100
1628685666683000,1,239.88936320,5.4100
1628685666683000,1,18.84505774,5.4100
1628685666683000,1,91.26557906,5.4100
1628685666734000,1,250.00000000,5.4100
1628685666806000,1,600.00000000,5.4100
1628685666858000,1,250.00000000,5.4100
1628685666910000,1,250.00000000,5.4100
1628685667173000,1,450.00000000,5.4100
1628685667384000,1,850.00000000,5.4100
1628685667443000,1,250.00000000,5.4100
1628685667496000,1,226.33442094,5.4100
1628685667496000,1,373.66557906,5.4100
1628685667548000,1,550.00000000,5.4100
1628685667620000,1,1400.00000000,5.4100
1628685696647000,1,350.00000000,5.4000
1628685696705000,1,133.55481162,5.4000
1628685712447000,1,506.14214121,5.3800
1628685999936000,1,996.83000000,5.3700
1628685999936000,1,18.74380945,5.3700
1628685999936000,1,185.89723675,5.3700
1628685999936000,1,278.15642457,5.3700
1628685999936000,1,184.00000000,5.3700
1628685999936000,1,2787.36525385,5.3700
1628686573002000,1,281.55783000,5.3600
1628686580134000,1,283.32089000,5.3600
1628686665616000,0,483.94473368,5.3700
1628686665616000,0,23.66859061,5.3700
1628686682086000,1,277.13619402,5.3600
1628686685887000,0,186.29454598,5.3600
1628686685887000,0,264.43094486,5.3600
1628686802987000,1,186.26374000,5.3600
1628686838661000,1,6.92291000,5.3500
1628686838864000,1,0.00000497,5.3500
1628687132457000,1,186.30218326,5.3600
1628687132549000,0,18.33147674,5.3600
1628687172414000,0,18.19467827,5.3700
1628687822482000,0,473.96373933,5.3800
1628687822482000,0,18.80555099,5.3800
1628688640806000,1,506.18143787,5.3900
1628688827351000,1,280.02793295,5.3700
1628688999347000,1,279.69273742,5.3700
1628689165152000,0,20.11698512,5.3800
1628689165560000,0,466.60008244,5.3800
1628689848842000,1,35.94256120,5.4000
1628690177710000,0,18.95842819,5.4000
1628690177710000,0,131.30360885,5.4000
1628690344888000,0,279.46250740,5.4100
1628690377273000,0,62.00000000,5.4200
1628690533898000,1,501.70436000,5.4100
1628690550841000,0,100.00000000,5.4200
1628690783480000,0,23.25122669,5.4100
1628691021206000,1,274.74121995,5.4100
1628691021206000,1,18.40917995,5.4100
1628691021206000,1,184.58980851,5.4100
1628691021206000,1,996.83000000,5.4100
1628691021206000,1,340.14315385,5.4100
1628691219844000,1,19.34439749,5.4100
1628691219844000,1,184.58980851,5.4100
1628691219844000,1,3130.90000000,5.4100
1628691219844000,1,996.83000000,5.4100
1628691219844000,1,4188.00000000,5.4100
1628691219924000,0,46.87500000,5.4100
1628691219957000,0,184.58980851,5.4100
1628691219970000,0,3690.34733091,5.4100
1628691220106000,0,127.80341521,5.4100
1628691239269000,0,121.02660180,5.4200
1628691241245000,0,121.00000000,5.4200
1628691261439000,0,233.00000000,5.4200
1628691443171000,0,156.72188032,5.4100
1628691447089000,0,40.98804873,5.4100
1628691455603000,0,916.36964535,5.4100
1628691456970000,0,459.74889539,5.4100
1628691457239000,0,234.17153021,5.4100
1628691458330000,0,97.71717848,5.4200
1628691466798000,0,669.28282152,5.4200
1628691466798000,0,492.73299240,5.4200
1628691608957000,0,7.18672644,5.4300
1628691608957000,0,121.73860396,5.4300
1628691627867000,0,6.92291497,5.4400
1628692265226000,0,43.46158151,5.4400
1628692728103000,0,806.53841849,5.4400
1628692728103000,0,418.32417342,5.4400
1628692865850000,0,250.00000000,5.4500
1628693292189000,1,26.95692090,5.4400
1628693644175000,1,80.87076272,5.4300
1628693704267000,1,506.98569849,5.4200
1628693704267000,1,18.98738277,5.4100
1628693704267000,1,606.00000000,5.4100
1628693704267000,1,184.00000000,5.4100
1628693704267000,1,184.35122263,5.4100
1628693704267000,1,621.25441474,5.4100
1628693711347000,1,280.73012938,5.4100
1628693711347000,1,184.46350718,5.4100
1628693711347000,1,996.83000000,5.4100
1628693711347000,1,129.16040241,5.4100
1628693718753000,1,1193.38802923,5.4100
1628693724605000,1,504.66903341,5.4100
1628693724605000,1,274.71349352,5.4100
1628693724605000,1,184.62777423,5.4100
1628693724605000,1,826.07174268,5.4000
1628693732694000,1,170.75825732,5.4000
1628693732694000,1,155.55555000,5.4000
1628693732694000,1,184.70393962,5.4000
1628693732694000,1,277.63888888,5.4000
1628693732694000,1,1001.42540803,5.4000
1628694156577000,1,5.61711711,5.3800
1628694157281000,1,1.38243588,5.3800
1628694157281000,1,5.15501484,5.3800
1628694384280000,0,476.94626102,5.4100
1628694677636000,0,482.49602581,5.4400
1628694819158000,0,102.93944954,5.4500
1628695103362000,1,99.70385395,5.4100
1628695267233000,0,45.00000000,5.4200
1628695274803000,0,80.00000000,5.4200
1628695306787000,0,184.87979343,5.4200
1628695306787000,0,996.83000000,5.4200
1628695306787000,0,1300.00000000,5.4200
1628695306787000,0,18.31491126,5.4200
1628695306787000,0,470.84798903,5.4200
1628695517789000,1,12.00000000,5.4100
1628695897096000,1,3684.61568664,5.4300
1628695897166000,1,455.38431000,5.4300
1628695931892000,1,505.92271046,5.4200
1628695931892000,1,3143.90000000,5.4200
1628696050648000,1,835.51481481,5.4000
1628696050648000,1,835.51480519,5.4000
1628696050846000,1,0.00000962,5.4000
1628696634429000,1,125.61180999,5.4000
1628696714898000,0,159.04243542,5.4200
1628696781050000,1,100.00000000,5.4100
1628696793178000,1,467.56988000,5.4100
1628696794998000,0,6.94003690,5.4200
1628696977668000,1,408.69387755,5.3900
1628697182487000,1,25.00000000,5.3800
1628697322515000,1,50.80111524,5.3600
1628697322515000,1,50.00000000,5.3600
1628697357364000,0,1100.00000000,5.3600
1628697364445000,0,3728.87300086,5.3600
1628697364854000,0,312.91400000,5.3600
1628697364953000,0,3729.15084516,5.3600
1628697375307000,0,331.07855822,5.3600
1628697391438000,0,100.50007191,5.3600
1628697391452000,0,3266.76328448,5.3600
1628697678088000,0,276.10509285,5.3700
1628697795144000,1,50.00000000,5.3500
1628697795144000,1,50.00000000,5.3500
1628697795144000,1,490.12279503,5.3500
1628697906069000,1,84.62968164,5.3400
1628698062006000,0,506.08355890,5.3600
1628698077065000,1,47.23699999,5.3500
1628698816802000,1,911.51126000,5.4100
1628699041093000,1,415.70823986,5.4100
1628699171039000,1,114.20729366,5.3900
1628699685744000,0,100.00000000,5.4000
1628700243135000,1,65.00000000,5.4000
1628700462191000,1,73.26530516,5.4000
1628700606755000,1,6.94003690,5.3800
1628700720638000,0,186.09200752,5.3800
1628700720638000,0,18.72604303,5.3900
1628700720638000,0,73.12460623,5.3900
1628701103793000,1,180.70094686,5.3800
1628701103868000,1,600.00000000,5.3800
1628701103916000,1,715.70823000,5.3800
1628701103969000,1,1388.59082000,5.3800
1628701104101000,1,0.00000314,5.3800
1628701485502000,0,17.75870831,5.3900
1628701485502000,0,19.16151432,5.3900
1628701786886000,1,21.12526539,5.3900
1628702367997000,1,3.90962671,5.3700
1628703861737000,1,6.03326810,5.3900
1628703892770000,0,185.02120993,5.4100
1628703892770000,0,184.00000000,5.4100
1628703892770000,0,18.37285865,5.4100
1628703892770000,0,212.60593142,5.4100
1628703893417000,0,595.00000000,5.4200
1628703913192000,0,490.08395459,5.4300
1628703923555000,1,31.15459882,5.4200
1628703978510000,0,79.98715596,5.4500
1628704001101000,1,312.96500000,5.4300
1628704194380000,1,79.98715596,5.4100
1628704856582000,0,100.00000000,5.4400
1628704897101000,1,7.91252483,5.4100
1628704897104000,1,7.86561263,5.4100
1628704897179000,1,1.59664895,5.4100
1628704897179000,1,6.34746282,5.4100
1628704897691000,1,7.85009860,5.4100
1628704900517000,1,7.81925342,5.4100
1628705871435000,1,100.00000000,5.3900
1628705887611000,1,39.91411042,5.3900
1628707959715000,0,129.13888888,5.4000
1628709579578000,1,200.00000000,5.3800
1628710722671000,1,185.03807414,5.4000
1628710722671000,1,275.86111110,5.4000
1628710722671000,1,19.39249049,5.4000
1628710722671000,1,480.03309635,5.4000
1628710722671000,1,805.56108692,5.4000
1628710762668000,1,185.03807414,5.4000
1628710762668000,1,687.37639604,5.4000
1628711326734000,1,40.17708333,5.4100
1628711433496000,0,478.60848687,5.4200
1628711474364000,1,144.46489249,5.4100
1628711474364000,1,18.04101856,5.4100
1628711474364000,1,54.03636862,5.4100
1628711660876000,0,78.75367647,5.4400
1628712202451000,1,2906.40918000,5.4400
1628712421272000,1,325.52402402,5.4200
1628712544887000,0,18.32412523,5.4300
1628712797267000,1,78.75367647,5.4200
1628713191501000,1,183.97558894,5.4300
1628713191501000,1,215.74241106,5.4300
1628713536184000,0,483.26516747,5.4600
1628713678011000,0,10.00000000,5.4700
1628713678011000,0,6.99955299,5.4700
1628713709569000,0,5.10813492,5.4800
1628713709569000,0,17.39064433,5.4800
1628713709569000,0,509.19676233,5.4800
1628713709569000,0,275.85766422,5.4800
1628713709569000,0,182.86482855,5.4800
1628713709569000,0,735.27003903,5.4800
1628713730432000,1,486.92222000,5.4700
1628713821026000,1,509.75258886,5.4300
1628713821192000,1,184.01851892,5.4200
1628713821192000,1,273.01660515,5.4200
1628713821192000,1,378.16102968,5.4200
1628714002200000,0,18.38646401,5.4500
1628714002200000,0,996.83000000,5.4500
1628714002200000,0,183.87150824,5.4500
1628714002200000,0,276.05504586,5.4500
1628714002200000,0,478.86721904,5.4500
1628714002200000,0,154.73422000,5.4500
1628714002200000,0,184.00000000,5.4500
1628714002200000,0,2682.90000000,5.4500
1628714002303000,1,183.79864535,5.4500
1628714002341000,1,3675.74098349,5.4500
1628714002385000,1,183.78082779,5.4500
1628714002408000,1,1850.00000000,5.4500
1628714002469000,1,649.03508000,5.4500
1628714002887000,1,0.00000622,5.4500
1628714091128000,1,90.99800000,5.4400
1628714273566000,1,486.85570938,5.4500
1628714273566000,1,38.37361103,5.4500
1628714844047000,0,471.61785825,5.4400
1628714844047000,0,216.07884759,5.4400
1628714844047000,0,18.75727940,5.4500
1628714844047000,0,184.00000000,5.4500
1628714844047000,0,450.93261422,5.4500
1628714949538000,1,10.00000000,5.4300
1628715141513000,1,500.04380343,5.4200
1628715141513000,1,184.11177403,5.4200
1628715141513000,1,368.25478917,5.4200
1628715141513000,1,135.73399410,5.4200
1628715141513000,1,54.28405494,5.4200
1628715141513000,1,3342.90000000,5.4200
1628715141513000,1,3975.00000000,5.4200
1628715257116000,0,4.19337016,5.4300
1628715659506000,1,7.09029538,5.4000
1628715701952000,0,185.75602132,5.3900
1628715702022000,1,185.75602132,5.3900
1628715815881000,0,7.71614100,5.3900
1628715900997000,1,19.70745712,5.3500
1628715900997000,1,151.03078971,5.3500
1628715900997000,1,60.45022102,5.3500
1628715900997000,1,504.67062767,5.3500
1628715900997000,1,278.91588784,5.3500
1628715900997000,1,710.91309002,5.3500
1628715901604000,1,19.00000000,5.3500
1628715991101000,1,134.98990227,5.3300
1628715991101000,1,53.98339991,5.3300
1628715991101000,1,187.12493782,5.3300
1628715991114000,1,0.00001852,5.3300
1628715991209000,1,18.03062271,5.3200
1628715991209000,1,184.00000000,5.3200
1628715991209000,1,62.96937729,5.3200
1628716041493000,0,220.68056693,5.3200
1628716041493000,0,484.02239693,5.3200
1628716049649000,0,220.57139000,5.3300
1628716049713000,0,0.00000420,5.3300
1628716053073000,0,215.44539526,5.3300
1628716069068000,0,515.86144847,5.3400
1628716069068000,0,195.49290587,5.3400
1628716074662000,0,210.52070623,5.3500
1628716166439000,0,4.98343718,5.3800
1628716552590000,1,567.51933962,5.3000
1628716552590000,1,148.39435211,5.3000
1628716552590000,1,60.51711346,5.3000
1628716553258000,1,60.34891370,5.2900
1628716553258000,1,150.96895069,5.2900
1628716553258000,1,479.98247174,5.2900
1628716553258000,1,18.18663885,5.2800
1628716553258000,1,290.51302502,5.2800
1628716611570000,0,188.98161408,5.3000
1628716611570000,0,188.85731833,5.3000
1628716611570000,0,36.37238834,5.3000
1628716766492000,0,5.23018867,5.3000
1628716860468000,0,475.18297193,5.3000
1628716967125000,0,100.00000000,5.3100
1628717519932000,0,177.98915704,5.3500
1628717519932000,0,517.23131300,5.3500
1628717709964000,1,283.41541727,5.3700
1628718116730000,1,185.31408313,5.3900
1628718116730000,1,228.89723762,5.3900
1628719307595000,1,487.92666270,5.3800
1628719365000000,1,62.23176748,5.3600
1628719365000000,1,37.76823252,5.3600
1628719560640000,1,1000.00000000,5.3400
1628719560640000,1,514.20146308,5.3400
1628719678594000,0,498.94733000,5.3400
1628720529650000,0,18.80000000,5.2700
1628720535488000,0,18.80000000,5.2700
1628720536489000,1,762.44676806,5.2600
1628720539834000,0,18.80000000,5.2700
1628720545430000,0,18.80000000,5.2700
1628720549602000,0,18.80000000,5.2700
1628720573533000,1,130.71967015,5.2500
1628720573533000,1,52.47502415,5.2500
1628720709679000,0,77.51798424,5.2700
1628720790646000,1,3500.00000000,5.2400
1628720799327000,0,191.15468867,5.2400
1628720799327000,0,19.05258323,5.2400
1628720799327000,0,213.81944565,5.2400
1628720808143000,1,38.66013096,5.2200
1628720808143000,1,1400.00000000,5.2200
1628720811278000,0,23.60000000,5.2200
1628720822162000,0,13.30000000,5.2100
1628720827109000,0,23.60000000,5.2200
1628720832707000,0,18.90000000,5.2200
1628720836832000,0,18.90000000,5.2200
1628720844017000,0,19.00000000,5.2200
1628720847213000,0,18.51260116,5.2300
1628720847213000,0,0.48739884,5.2300
1628720851986000,0,19.00000000,5.2300
1628720852688000,0,36.70551477,5.2300
1628720921982000,0,19.00000000,5.2200
1628720926893000,0,19.00000000,5.2300
1628720932185000,0,19.00000000,5.2300
1628720936999000,0,19.00000000,5.2300
1628720942660000,0,19.00000000,5.2300
1628720955454000,0,54.47169317,5.2300
1628720982414000,0,52.92111463,5.2400
1628721041641000,0,53.08797782,5.2500
1628721057582000,0,49.38338207,5.2600
1628721075467000,0,46.82951367,5.2600
1628721075467000,0,117.07378418,5.2600
1628721795599000,1,27.78967000,5.2500
1628722011610000,1,37.92619000,5.2400
1628722033475000,0,20.46409698,5.2400
1628722033475000,0,51.06645723,5.2400
1628722033475000,0,14.46944579,5.2400
1628722212639000,1,18.90131867,5.2300
1628722212639000,1,184.00000000,5.2300
1628722212639000,1,221.12539888,5.2300
1628722359902000,0,497.42039373,5.2400
1628722798837000,1,25.00000000,5.2500
1628723083085000,1,483.99706930,5.2700
1628723710270000,1,183.00529870,5.2600
1628723710545000,1,95.08170535,5.2600
1628723710648000,1,3035.71299595,5.2600
1628725052821000,0,494.42659915,5.2800
1628725419921000,1,67.14254342,5.2800
1628725419921000,1,167.82621726,5.2800
1628725419921000,1,189.18167932,5.2800
1628725554462000,1,494.00569000,5.2600
