timestamp ms,type,amount,price
1625962286289000,0,470.29689313,4.0600
1625962825851000,1,486.00670350,4.0700
1625963774156000,0,474.70366320,4.0400
1625965449586000,1,159.68895991,4.0700
1625965449612000,1,148.57323101,4.0700
1625968559893000,0,451.77548855,4.1000
1625968574678000,1,12.56281406,4.0900
1625968576207000,1,12.56281406,4.0900
1625969564965000,0,18.26698153,4.1300
1625969564965000,0,19.47620224,4.1300
1625969737767000,0,37.74318377,4.1200
1625970168958000,1,65.99558606,4.1000
1625970169165000,1,66.00000000,4.1000
1625970169178000,1,764.49960000,4.1000
1625970169236000,1,213.50481394,4.1000
1625971015066000,0,483.31184037,4.1000
1625971015066000,0,725.33321793,4.1000
1625971015066000,0,290.07332299,4.1000
1625971015066000,0,455.45764474,4.1000
1625971015066000,0,244.20816308,4.1000
1625971015066000,0,1881.78612279,4.1000
1625971015066000,0,367.24390243,4.1000
1625971015066000,0,19.08710268,4.1000
1625971015066000,0,205.30330000,4.1000
1625971015066000,0,1098.96930000,4.1000
1625971015066000,0,1182.00000000,4.1000
1625971095092000,0,18.29250291,4.1200
1625971095092000,0,56.85761875,4.1200
1625971125159000,1,456.21551982,4.1100
1625971275330000,1,154.85955862,4.1100
1625971275885000,1,700.00000000,4.1100
1625971276109000,1,327.14044138,4.1100
1625971313007000,1,65.42579426,4.1000
1625971621169000,0,75.00000000,4.1200
1625971701872000,1,46.87500000,4.1200
1625972010082000,1,76.03323312,4.1200
1625972010082000,1,8.87993952,4.1200
1625972010096000,1,86.67500000,4.1200
1625972010504000,1,132.63922060,4.1200
1625972010706000,1,69.30000000,4.1200
1625972136457000,1,313.91000000,4.1200
1625972153374000,1,489.50128951,4.1100
1625972168607000,1,243.16108869,4.1000
1625972168607000,1,75.38621905,4.1000
1625972179492000,1,178.27620368,4.1000
1625972179492000,1,71.32493505,4.1000
1625972179492000,1,19.45195431,4.0900
1625972179492000,1,49.49421471,4.0900
1625972199783000,1,69.71619759,4.1000
1625972262634000,0,68.33775293,4.1000
1625972412355000,0,305.52754091,4.1000
1625972412355000,0,444.24781848,4.1000
1625972617641000,1,40.00000000,4.1000
1625972617850000,1,123.45522694,4.1000
1625972617850000,1,64.90979420,4.1000
1625972623475000,1,61.16186171,4.1000
1625972652586000,1,57.33890822,4.1000
1625972717503000,1,58.65718080,4.1000
1625972931365000,1,58.66533194,4.0900
1625972960838000,1,59.22546371,4.0900
1625972981963000,1,58.91319720,4.0900
1625973307715000,1,54.36169818,4.0900
1625973323545000,1,54.08811085,4.0900
1625973382919000,1,53.54773484,4.0900
1625973395895000,1,53.28088059,4.0900
1625973501701000,1,52.72713325,4.0900
1625973501701000,1,91.48554926,4.0900
1625973502334000,1,40.34885672,4.0900
1625974078394000,1,472.37743627,4.0800
1625974300138000,1,48.00969026,4.0800
1625975307692000,1,108.15625034,4.0500
1625975307692000,1,43.27102376,4.0500
1625975349253000,0,74.09738485,4.0500
1625975349571000,0,274.13629975,4.0500
1625976012537000,0,479.80528190,4.0500
1625976012537000,0,292.70458448,4.0500
1625976322741000,1,96.30255465,4.0400
1625976367733000,1,353.98298244,4.0400
1625976387641000,1,190.83855799,4.0300
1625976387679000,1,83.18587581,4.0300
1625976387679000,1,33.28611964,4.0300
1625977394948000,0,96.41801607,4.0300
1625977394987000,0,140.00000000,4.0300
1625977395027000,0,35.26132527,4.0300
1625977681078000,1,355.50000000,4.0200
1625977681383000,1,118.99728961,4.0200
1625977681383000,1,37.28871254,4.0200
1625977788268000,0,268.31125038,4.0200
1625977939363000,0,68.00788460,4.0200
1625978007478000,0,46.87500000,4.0300
1625978007546000,0,325.32947409,4.0300
1625979106964000,1,95.12157323,4.0600
1625979106964000,1,23.17782579,4.0600
1625979107583000,0,122.88177339,4.0600
1625979675870000,1,32.88554328,4.0600
1625980150058000,1,24.60000000,4.0600
1625980214865000,1,29.27143946,4.0600
1625980214865000,1,69.88616710,4.0600
1625980468036000,1,28.49650607,4.0700
1625981111796000,1,22.14118402,4.0800
1625981539201000,0,46.44000695,4.0900
1625981539352000,0,28.00411682,4.0900
1625981654047000,1,50.00000000,4.1000
1625983213570000,0,34.51562199,4.1400
1625983266124000,0,45.82977192,4.1400
1625983339037000,0,90.25904544,4.1500
1625983355039000,1,14.60486695,4.1500
1625983355039000,1,9.79513305,4.1500
1625983390642000,1,24.40000000,4.1500
1625983394658000,1,2.31333786,4.1500
1625983517968000,0,46.87500000,4.1600
1625983518007000,0,60.81928408,4.1600
1625983522213000,1,1158.00000000,4.1600
1625983522213000,1,14.22557782,4.1600
1625983522213000,1,35.56394454,4.1600
1625983522213000,1,92.47441764,4.1600
1625983556115000,0,120.77071306,4.1700
1625983556115000,0,216.52777407,4.1700
1625983584245000,1,4799.01991291,4.1700
1625983584334000,1,7473.88319000,4.1700
1625983584434000,1,0.00000713,4.1700
1625983652323000,0,130.57803479,4.1800
1625983688522000,0,147.93352609,4.1900
1625983747043000,1,24.10000000,4.1900
1625983833153000,0,160.95014457,4.2000
1625983867245000,1,12.30113658,4.2000
1625983995409000,1,12.16453611,4.1800
1625984073262000,0,193.71620764,4.1800
1625984073280000,0,157.83809637,4.1800
1625984073392000,0,66.90000000,4.1800
1625984073488000,0,66.90000000,4.1800
1625984074405000,0,88.40499756,4.1800
1625984074860000,0,96.35418552,4.1800
1625984075061000,0,112.40581609,4.1800
1625984075243000,0,112.41316623,4.1800
1625984081992000,0,4780.21564600,4.1800
1625984082502000,0,238.80584577,4.1800
1625984133878000,1,11.98203438,4.1900
1625984155026000,1,750.00000000,4.1800
1625984309439000,1,11.88981988,4.1500
1625984350221000,0,153.40384615,4.1600
1625984526605000,1,11.85498483,4.1500
1625984563130000,1,11.86380408,4.1400
1625984587055000,1,29.41028649,4.1400
1625984615884000,1,11.62051164,4.1400
1625984615884000,1,29.04496238,4.1400
1625984675040000,0,269.17380000,4.1400
1625984675133000,0,5.96994910,4.1400
1625984694692000,1,12.73089704,4.1400
1625984694692000,1,31.82724259,4.1400
1625984759025000,1,476.91520350,4.1300
1625984759025000,1,12.51402664,4.1300
1625984785910000,1,12.29446105,4.1300
1625985345181000,1,8.79316150,4.1200
1625985662088000,1,23.98683136,4.1200
1625986506798000,1,8.62151667,4.0900
1625986507002000,1,17.29448006,4.0800
1625986507002000,1,105.58729333,4.0800
1625987149884000,0,288.47049004,4.1200
1625987149884000,0,76.92951040,4.1200
1625987149907000,0,51.66595131,4.1200
1625987149909000,0,320.00637401,4.1200
1625987188939000,0,287.65193072,4.1300
1625987419310000,1,10.59123872,4.1300
1625987558271000,1,25.81509132,4.1200
1625987558271000,1,10.32603653,4.1200
1625987569109000,1,10.11384605,4.1200
1625987715201000,1,10.02184607,4.1100
1625988799055000,1,8.57567582,4.1700
1625988851738000,1,5.78342209,4.1700
1625988851738000,1,14.45855521,4.1700
1625989320755000,0,707.65892303,4.2000
1625989320755000,0,282.98916444,4.2000
1625989321863000,0,282.85043373,4.2100
1625989321863000,0,548.00000000,4.2100
1625989321863000,0,169.14956627,4.2100
1625989321932000,0,321.31623000,4.2100
1625989322097000,0,0.00000373,4.2100
1625989322097000,0,219.28586443,4.2100
1625989322106000,0,594.58427052,4.2100
1625989350543000,1,16.85317236,4.2300
1625989350543000,1,6.74126894,4.2300
1625989350543000,1,43.81203366,4.2300
1625989350543000,1,791.99998504,4.2300
1625989350885000,1,433.98596957,4.2200
1625989350885000,1,356.23222748,4.2200
1625989350885000,1,6.74513348,4.2200
1625989350885000,1,16.86283370,4.2200
1625989350885000,1,43.81203366,4.2200
1625989350885000,1,1193.99997211,4.2200
1625989351476000,1,6.74513348,4.2100
1625989351476000,1,16.86282652,4.2100
1625989351603000,1,0.00000718,4.2100
1625989351694000,1,750.69387139,4.2100
1625989529062000,1,7.76835814,4.2200
1625989621257000,1,7.68894746,4.2200
1625989854416000,0,281.54426224,4.2200
1625990046721000,1,25.91502574,4.2000
1625990046721000,1,9.96999426,4.2000
1625990233460000,0,86.38250000,4.2100
1625991175971000,0,463.25038995,4.2000
1625991386768000,0,454.70864652,4.2100
1625991386768000,0,211.15596155,4.2100
1625991834116000,1,6.17246160,4.2300
1625991834247000,0,19.02949671,4.2400
1625991834247000,0,98.63559762,4.2400
1625991838248000,1,15.42444305,4.2300
1625991838248000,1,40.10355194,4.2300
1625991848264000,1,5.58188830,4.2300
1625991848264000,1,13.96040696,4.2300
1625991853771000,1,13.71629577,4.2300
1625991878642000,1,12.13592232,4.2300
1625991929557000,1,11.87753292,4.2400
1625991929557000,1,12.02246708,4.2400
1625991940812000,1,26.26398281,4.2400
1625991940812000,1,9.37641660,4.2400
1625992017609000,1,6.95689749,4.2400
1625992017609000,1,18.08793347,4.2400
1625992116786000,1,442.08198824,4.2400
1625992116786000,1,5.98653783,4.2400
1625992513869000,1,8.43826230,4.2000
1625992788993000,1,8.23005629,4.2000
1625993180233000,1,464.29455235,4.1900
1625993480026000,1,8.84360756,4.1900
1625993864256000,0,342.27965433,4.2000
1625994401990000,1,19.10519955,4.2000
1625994401990000,1,7.59977613,4.2000
1625994408467000,1,6.77734762,4.2000
1625994570850000,1,16.23469483,4.1900
1625994570850000,1,6.12683485,4.1900
1625994741438000,1,5.87023098,4.2000
1625994803916000,1,5.82491688,4.1900
1625994891841000,1,5.68110355,4.1900
1625994891841000,1,14.16074532,4.1900
1625994891841000,1,36.81618617,4.1900
1625995075301000,1,5.30302160,4.2000
1625995488904000,0,25.00000000,4.2100
1625995488930000,0,338.55722154,4.2100
1625995644019000,1,57.15695247,4.2000
1625996456935000,1,17.92609089,4.2200
1625996456935000,1,44.80690828,4.2200
1625996482211000,1,17.60741605,4.2200
1625996560855000,1,468.94321370,4.2100
1625996560855000,1,17.30754239,4.2100
1625996564518000,1,39.78832210,4.2100
1625996605903000,1,15.03403147,4.2100
1625996927268000,1,319.30610455,4.2000
1625996968209000,1,11.53907368,4.2000
1625997025625000,1,11.39384337,4.2000
1626000619858000,0,354.80546715,4.1900
1626000742674000,0,468.38995681,4.2000
1626003161389000,1,436.92081595,4.2100
1626003210049000,1,11.55789993,4.2100
1626003544342000,1,9.82626996,4.2100
1626003544342000,1,444.83547897,4.2100
1626003703600000,1,9.70321270,4.2100
1626003794107000,1,8.61692165,4.2000
1626003854416000,1,8.24529853,4.2000
1626004808587000,0,359.61439448,4.2000
1626005036177000,1,8.44994557,4.1900
1626005163100000,0,114.84632255,4.1900
1626006183291000,1,4.87266877,4.1800
1626006614764000,0,362.35649928,4.1700
1626006614783000,0,120.96485309,4.1700
1626006615147000,1,117.66509433,4.1600
1626006615846000,1,8.45812807,4.1600
1626007552090000,1,473.00354311,4.1800
1626011845884000,1,15.00000000,4.2100
1626012059132000,1,6.13751043,4.2200
1626012060118000,1,9.14094468,4.2200
1626012094119000,1,7.73951842,4.2200
1626012150187000,1,7.02767694,4.2200
1626012181311000,0,20.61000000,4.2300
1626012181343000,0,100.20000000,4.2300
1626012181361000,0,50.00000000,4.2300
1626012181382000,0,257.95550000,4.2300
1626012181390000,0,63.90264559,4.2300
1626012279643000,0,47.67866231,4.2300
1626012892054000,1,6.98835324,4.2300
1626013015368000,1,6.33962935,4.2200
1626013161191000,1,5.56832137,4.2100
1626013351475000,1,5.36455993,4.2100
1626013510388000,1,6.34810568,4.2100
1626013510388000,1,15.87026420,4.2100
1626013510388000,1,10.36163012,4.2100
1626013510425000,1,30.90105681,4.2100
1626013510425000,1,30.09651789,4.2100
1626013510462000,1,34.42000000,4.2100
1626013703118000,1,5.85126634,4.2100
1626013758965000,1,5.79077117,4.2100
1626013903666000,1,5.79227009,4.2100
1626013903666000,1,14.47459299,4.2100
1626013903666000,1,437.06383049,4.2100
1626014488992000,0,352.60000753,4.2100
1626014713690000,1,10.37398246,4.2200
1626016307598000,1,15.00000000,4.2400
1626016332481000,0,439.26619028,4.2500
1626016365513000,1,12.10653752,4.2500
1626016392606000,1,23.80000000,4.2500
1626016489983000,1,48.64010667,4.2500
1626016920878000,1,312.96500000,4.2600
1626016934885000,1,12.07729468,4.2500
1626018497164000,1,455.62923882,4.2200
1626018628826000,0,35.37263828,4.2200
1626018907791000,1,5.59824250,4.2200
1626019029122000,0,24.00630023,4.2200
1626019280655000,1,13.96275403,4.2200
1626019280655000,1,34.90585690,4.2200
1626019347691000,1,13.65901452,4.2200
1626019347692000,1,0.00000001,4.2200
1626019347692000,1,13.65901451,4.2200
1626019347721000,1,20.48731394,4.2200
1626019738406000,1,31.05758696,4.2200
1626020503589000,1,59.61554459,4.1900
1626020503589000,1,149.02713250,4.1900
1626020503589000,1,387.34389488,4.1900
1626020503589000,1,472.97358377,4.1900
1626020503589000,1,238.44394583,4.1900
1626020503589000,1,357.81622911,4.1900
1626020503589000,1,996.83000000,4.1900
1626020503715000,0,238.44394583,4.1900
1626020503735000,0,163.80966780,4.1900
1626020755795000,0,48.00366785,4.2000
1626020758469000,0,99.99999999,4.2000
1626020758478000,0,62.00000000,4.2000
1626020758530000,0,196.00000700,4.2000
1626021345884000,0,354.27592045,4.2200
1626021345888000,0,104.32534895,4.2200
1626021462482000,1,46.87500000,4.2100
1626021462695000,1,35.45112436,4.2100
1626021690672000,1,63.25422489,4.2000
1626022002352000,1,473.49218113,4.1900
1626022563049000,0,355.77669136,4.2000
1626022841353000,1,69.45948135,4.2000
1626022841638000,1,23.33952028,4.2000
1626022841638000,1,62.42581622,4.2000
1626022977090000,1,41.18649770,4.1900
1626023437723000,1,700.00000000,4.1900
1626024629329000,0,18.23747722,4.1900
1626024629329000,0,163.21837003,4.1900
1626026228214000,1,456.54049771,4.1700
1626026228214000,1,83.95195066,4.1700
1626027675672000,0,312.61538461,4.1600
1626028625527000,0,449.94339435,4.1600
1626028835372000,0,46.87500000,4.1800
1626028835580000,0,70.77904086,4.1800
1626028835662000,0,44.39345337,4.1800
1626028835663000,0,37.97577288,4.1800
1626028835663000,0,105.62422712,4.1800
1626028835687000,0,22.93339999,4.1800
1626028835703000,0,121.44765464,4.1800
1626028835749000,0,142.74627665,4.1800
1626028835813000,0,32.87266935,4.1800
1626028835896000,0,63.50857261,4.1800
1626028836076000,0,48.00000001,4.1800
1626028836260000,0,61.17983768,4.1800
1626032894648000,0,83.19892570,4.1600
1626032894908000,0,44.12365064,4.1600
1626032909105000,0,372.67742366,4.1600
1626032909105000,0,442.42971318,4.1600
1626033967777000,1,489.04010734,4.1500
1626033968253000,1,100.00000000,4.1400
1626034277475000,1,110.68539326,4.1500
1626034358917000,1,110.68539325,4.1500
1626037341893000,1,361.50302057,4.1300
1626037342110000,1,363.00008811,4.1300
1626037342971000,1,2248.22616009,4.1300
1626037342971000,1,177.67364709,4.1300
1626037342971000,1,448.32453766,4.1300
1626037517293000,1,46.87500000,4.1200
1626037517780000,1,357.65311878,4.1200
1626037517786000,1,51.18546120,4.1200
1626037517789000,1,307.05170778,4.1200
1626037517819000,1,437.01187283,4.1200
1626037517820000,1,139.91434806,4.1200
1626037517827000,1,360.00000000,4.1200
1626037517845000,1,111.21846352,4.1200
1626037816379000,0,468.87269828,4.1200
1626038427204000,1,312.61538461,4.1500
1626038892799000,0,284.56378322,4.1700
1626039047094000,0,261.00000000,4.1800
1626039047134000,0,71.74591413,4.1800
1626039213486000,0,255.00000000,4.1700
1626039639317000,0,23.74701670,4.1900
1626039666304000,0,47.73780447,4.1900
1626039708206000,0,120.60009984,4.1900
1626039726710000,0,557.91507899,4.1900
1626040099962000,0,350.00000000,4.2000
1626040099962000,0,150.00000000,4.2000
1626040099962000,0,18.90611250,4.2100
1626040099962000,0,1837.74426800,4.2100
1626040099962000,0,238.23018460,4.2100
1626040099962000,0,441.47810473,4.2100
1626040471130000,1,51.58980695,4.2100
1626040523974000,1,51.33778519,4.2100
1626041024229000,0,281.37864000,4.2200
1626041568803000,1,117.60250201,4.2200
1626041568846000,1,353.29240000,4.2200
1626041569069000,1,46.87500000,4.2200
1626044439390000,1,280.07746543,4.1800
1626044439410000,1,89.10301637,4.1800
1626045066068000,1,93.00889827,4.1700
1626045066087000,1,9.30452218,4.1700
