timestamp ms,type,amount,price
1623456091221000,0,34.37896070,4.7600
1623456273561000,1,7.07355479,4.7100
1623456273561000,1,15.94847927,4.7100
1623456278639000,1,44.54355666,4.7100
1623456278639000,1,255.45644334,4.7100
1623456623728000,0,74.00000000,4.7500
1623456623728000,0,317.81052631,4.7500
1623456623728000,0,211.04625330,4.7500
1623456623728000,0,105.56174646,4.7500
1623456687693000,0,34.67287000,4.7100
1623456745574000,1,100.00000000,4.7200
1623456896187000,1,70.21087927,4.7000
1623456896224000,1,11.50569423,4.7000
1623456896224000,1,73.54430577,4.7000
1623457154096000,1,48.27024779,4.6800
1623457265241000,1,43.37916491,4.6700
1623457265370000,1,63.68254964,4.6700
1623457265403000,1,208.49167907,4.6700
1623457265403000,1,16.50832092,4.6700
1623457265425000,1,256.15209431,4.6700
1623457265520000,1,64.25221480,4.6700
1623457265602000,1,20.69728705,4.6700
1623457355082000,1,37.95976487,4.6600
1623457364479000,1,325.09958171,4.6500
1623457364528000,1,53.24644068,4.6500
1623457364591000,1,327.31814462,4.6500
1623457364611000,1,72.99999999,4.6500
1623457364622000,1,32.00000000,4.6500
1623457364679000,1,54.00000000,4.6500
1623457364680000,1,58.00000000,4.6500
1623457364692000,1,31.33583300,4.6500
1623457418299000,0,75.00000000,4.6600
1623457418815000,0,240.87777290,4.6600
1623457432170000,1,81.71726000,4.6600
1623457450293000,0,43.18906000,4.6700
1623457856551000,1,322.26890620,4.6600
1623457859025000,1,162.12594359,4.6600
1623457859025000,1,93.49141631,4.6600
1623457859025000,1,18.49839400,4.6600
1623457870873000,1,70.80229025,4.6600
1623457882276000,1,72.24887208,4.6600
1623457909508000,0,48.46993000,4.6700
1623458180738000,0,32.00000000,4.7100
1623458181143000,0,12.23051200,4.7100
1623458181143000,0,62.42948800,4.7100
1623458181470000,0,132.78000000,4.7100
1623458294376000,1,16.88808443,4.7100
1623458333548000,1,59.08617721,4.7100
1623458368306000,1,57.44461658,4.7100
1623458418601000,1,56.71657306,4.7100
1623458648258000,1,52.10960529,4.6800
1623458648258000,1,54.86835062,4.6700
1623458934663000,0,238.71435742,4.6900
1623458934683000,0,85.25512596,4.6900
1623458934728000,0,306.18632426,4.6900
1623458935502000,0,50.51967400,4.7000
1623458941085000,1,53.16612457,4.7000
1623458941085000,1,132.90151421,4.7000
1623459120279000,1,41.57767626,4.7000
1623459547612000,1,583.64035459,4.6700
1623460226907000,0,281.61665117,4.7100
1623460275474000,1,607.65255247,4.7000
1623460275474000,1,310.60899437,4.7000
1623460871661000,1,82.43735261,4.6400
1623460999172000,1,79.14555167,4.6200
1623461006392000,1,16.62583728,4.6200
1623461275459000,0,65.11866753,4.6100
1623461277239000,0,14.20000000,4.6200
1623461280995000,0,54.15018776,4.6200
1623461336737000,1,10.00000000,4.6000
1623461336737000,1,40.00000000,4.6000
1623461364328000,1,21.80644598,4.5900
1623461364349000,1,40.47427406,4.5900
1623461370007000,1,297.57805907,4.5800
1623461373721000,1,51.95930543,4.5700
1623461387899000,0,75.00000000,4.5900
1623461389483000,1,55.34501561,4.5800
1623461393042000,0,61.60564859,4.5800
1623461395064000,0,75.00000000,4.5900
1623461395064000,0,61.49937165,4.5900
1623461395064000,0,187.97623835,4.5900
1623461413979000,1,918.00000000,4.5700
1623461487910000,1,5.88000000,4.5400
1623461487910000,1,5.72999999,4.5400
1623461487912000,1,0.00000001,4.5400
1623461626719000,1,61.67103000,4.5400
1623461706789000,1,393.65603453,4.5300
1623461706789000,1,6.06196547,4.5300
1623461742219000,1,17.79275653,4.5100
1623461761073000,0,57.76133188,4.5200
1623461817309000,0,17.62913907,4.5300
1623461864650000,0,305.92694416,4.5400
1623461864650000,0,620.99771263,4.5400
1623461943596000,1,36.85953000,4.5300
1623462183612000,1,35.26938049,4.5400
1623462183612000,1,86.20655724,4.5400
1623462183612000,1,224.10233644,4.5400
1623462435995000,1,14.23005000,4.5500
1623462510037000,1,18.76333610,4.5600
1623462548219000,1,16.12030000,4.5500
1623462646495000,1,28.20000000,4.5400
1623462646657000,1,0.20466426,4.5400
1623462646657000,1,11.36186570,4.5400
1623462665303000,1,9.24199154,4.5300
1623462665303000,1,23.11436792,4.5300
1623462705863000,1,15.27597238,4.5200
1623462886082000,1,15.19775809,4.5300
1623462886082000,1,37.99206955,4.5300
1623463000966000,0,128.60649597,4.5300
1623463000966000,0,290.60249234,4.5300
1623463000966000,0,198.94784753,4.5300
1623463001185000,0,59.00262030,4.5300
1623463094398000,0,119.32259038,4.5400
1623463094398000,0,276.10740556,4.5400
1623463142594000,0,62.48571428,4.5500
1623463164901000,1,30.29440429,4.5200
1623463165322000,1,134.91608379,4.5200
1623463189399000,1,29.74473046,4.5100
1623463210333000,1,130.25512000,4.5100
1623463214930000,1,100.00000000,4.5000
1623463214930000,1,232.96000000,4.5000
1623463215188000,1,17.04000000,4.5000
1623463217812000,1,51.99999999,4.4900
1623463223777000,0,59.00262030,4.5000
1623463237083000,0,127.34964000,4.4900
1623463255998000,0,123.11813957,4.5000
1623463459701000,0,115.04292237,4.5600
1623463511609000,1,30.66594092,4.5700
1623463534088000,1,301.65502342,4.5500
1623463534088000,1,27.84094008,4.5500
1623463584615000,1,220.02213014,4.5400
1623463584615000,1,248.56373390,4.5400
1623463584615000,1,103.89862829,4.5400
1623463584615000,1,41.55591767,4.5400
1623463584934000,1,0.00001817,4.5400
1623463615797000,1,36.79708950,4.5400
1623463747980000,0,123.96326000,4.5500
1623463748005000,0,0.00000376,4.5500
1623463754342000,0,68.66598859,4.5600
1623463754938000,0,237.00000000,4.5600
1623463897185000,1,12.92073000,4.5600
1623463974769000,1,7.53941911,4.5500
1623463974769000,1,18.84854777,4.5500
1623464005577000,0,138.37400393,4.5400
1623464054445000,1,127.17338000,4.5300
1623464381811000,1,25.00000000,4.4800
1623464386679000,0,118.92196000,4.4800
1623464399359000,0,107.39790000,4.4800
1623464555539000,0,113.94772420,4.4500
1623464555725000,1,191.71910580,4.4500
1623464734131000,1,17.62913907,4.4600
1623464804342000,0,50.00000000,4.4500
1623464904632000,1,51.18553064,4.4600
1623464904664000,1,1.29628232,4.4600
1623464904664000,1,130.70371768,4.4600
1623464904699000,1,0.50396191,4.4600
1623464904699000,1,73.00000000,4.4600
1623465027747000,0,79.54369784,4.4700
1623465105039000,1,108.82723705,4.4300
1623465105042000,1,31.92280129,4.4300
1623465105339000,1,35.10000000,4.4300
1623465229912000,1,80.20288548,4.4400
1623465258437000,1,86.64031877,4.4500
1623465368496000,1,84.72571237,4.4600
1623465377660000,1,82.97659103,4.4600
1623465388763000,1,0.66934907,4.4600
1623465478399000,1,37.32248238,4.4800
1623465478429000,1,31.26395712,4.4800
1623465506598000,1,84.17123000,4.4800
1623465679717000,1,66.32153248,4.5000
1623465802454000,1,67.59536893,4.5100
1623465802454000,1,168.98467385,4.5100
1623465815202000,0,281.05501158,4.5200
1623465846648000,1,59.84388774,4.5200
1623465914095000,1,54.39384979,4.5200
1623465914095000,1,135.98654021,4.5200
1623465999213000,1,630.34192833,4.5000
1623465999213000,1,45.53613913,4.5000
1623466114792000,1,32.20953749,4.5000
1623466183601000,1,29.14376000,4.5100
1623466193099000,1,28.47977890,4.5100
1623466210086000,1,26.43334446,4.5000
1623466213310000,1,25.75625108,4.5000
1623466219177000,1,25.04865839,4.5000
1623466225693000,1,24.92036657,4.5000
1623466367838000,1,27.61276104,4.4700
1623466396680000,1,27.34213266,4.4700
1623466432948000,1,20.60211125,4.4700
1623466544943000,1,308.87432925,4.4700
1623466626929000,1,18.41720971,4.4700
1623466791631000,0,100.00000000,4.4300
1623466822497000,0,153.81591298,4.4500
1623466823812000,0,152.52657332,4.4500
1623466823812000,0,1.28933966,4.4500
1623466961012000,0,149.96431258,4.4800
1623467028715000,1,55.93932514,4.4900
1623467028715000,1,222.42375502,4.4900
1623467028715000,1,321.63691984,4.4900
1623467028801000,1,139.74939752,4.4900
1623467040964000,1,53.56261421,4.4900
1623467081563000,1,53.12429000,4.5000
1623467081633000,1,0.00000677,4.5000
1623467295801000,1,44.57138000,4.4800
1623467296813000,0,153.39219000,4.4800
1623467398777000,1,43.57122725,4.4500
1623467507673000,0,111.86098654,4.4600
1623467718808000,1,32.30273000,4.4900
1623467842707000,1,35.54821226,4.5100
1623467857805000,0,142.05071000,4.5100
1623467913757000,0,4.41241685,4.5100
1623468060905000,0,113.70856000,4.5100
1623468125998000,1,22.45483163,4.5200
1623468126069000,1,0.15772290,4.5200
1623468126069000,1,57.40484718,4.5200
1623468126069000,1,110.43742992,4.5200
1623468126110000,1,58.99804449,4.5200
1623468135787000,1,23.96130000,4.5200
1623468251448000,1,18.76869392,4.5000
1623468251448000,1,46.92197139,4.5000
1623468251448000,1,17.75137402,4.5000
1623468251579000,0,38.69600000,4.5000
1623468523721000,1,291.14107521,4.4800
1623468771143000,1,31.18817389,4.4600
1623468854876000,0,295.35016000,4.4500
1623468960984000,0,199.78165637,4.4500
1623468960984000,0,79.07256246,4.4500
1623469068293000,1,100.87937000,4.4600
1623469105942000,1,450.00000000,4.4400
1623469106021000,1,98.12240635,4.4400
1623469106021000,1,304.10898883,4.4400
1623469106021000,1,39.25117764,4.4400
1623469244803000,1,93.83500175,4.4300
1623469244803000,1,37.53892706,4.4300
1623469397966000,1,50.61595000,4.4500
1623469420922000,1,49.47180000,4.4500
1623469741561000,0,197.23840406,4.4200
1623469803332000,1,111.96063271,4.4200
1623469949622000,0,4490.88686023,4.4500
1623469949740000,0,509.11313000,4.4500
1623469950134000,0,0.00000977,4.4500
1623469984169000,1,44.19479016,4.4500
1623470009042000,1,44.46809000,4.4500
1623470088691000,0,41.67052922,4.4700
1623470088701000,0,79.99999999,4.4700
1623470088751000,0,67.00000000,4.4700
1623470088809000,0,267.00000000,4.4700
1623470192200000,1,33.32336593,4.4800
1623470192200000,1,83.30960298,4.4800
1623470310241000,0,310.20558509,4.5000
1623470310241000,0,19.79931492,4.5000
1623470330260000,1,23.64280404,4.5000
1623470330260000,1,59.08744593,4.5000
1623470371844000,1,49.68494046,4.4900
1623470371844000,1,19.88589954,4.4900
1623470433204000,0,27.70000000,4.4900
1623470433411000,0,159.82768372,4.4900
1623470434785000,1,28.02643156,4.4900
1623470438385000,1,28.82225089,4.4900
1623470454411000,1,28.61621694,4.5000
1623470454411000,1,71.52022306,4.5000
1623470488125000,1,23.36580314,4.5000
1623470559942000,1,37.36999584,4.5000
1623470610208000,1,11.21482630,4.4900
1623470636623000,1,9.76840438,4.4800
1623470704892000,1,11.21892600,4.4600
1623470704892000,1,28.04731499,4.4600
1623470720972000,1,122.03588038,4.4500
1623471356624000,1,12.20552000,4.4900
1623471394629000,1,10.92656916,4.4800
1623471394629000,1,27.31642291,4.4800
1623471404104000,0,126.57029591,4.4800
1623471441035000,0,177.21494320,4.4900
1623471441035000,0,332.53897550,4.4900
1623471441035000,0,223.28921415,4.4900
1623471441035000,0,386.16029626,4.4900
1623471518842000,1,9.83653342,4.4900
1623471520966000,0,9.83653000,4.4900
1623471520966000,0,450.00000000,4.4900
1623471566544000,1,296.20712586,4.4800
1623471566544000,1,63.60620523,4.4800
1623471566544000,1,24.47482872,4.4800
1623471566544000,1,9.46090019,4.4800
1623471774802000,0,60.77595372,4.4700
1623471774944000,0,179.22635585,4.4700
1623472041058000,1,471.31275648,4.4800
1623472116025000,0,229.84974241,4.4800
1623472116025000,0,223.47246430,4.4800
1623472116025000,0,350.00000000,4.4800
1623472116025000,0,652.11447786,4.4800
1623472116025000,0,588.69314343,4.4800
1623472116025000,0,74.00000000,4.4800
1623472116025000,0,631.75043286,4.4800
1623472116025000,0,330.43526785,4.4800
1623472116025000,0,1530.67766118,4.4800
1623472116025000,0,73.00000000,4.4900
1623472116025000,0,279.19227004,4.4900
1623472116025000,0,187.97184000,4.4900
1623472116025000,0,558.65815837,4.4900
1623472116025000,0,566.44733276,4.4900
1623472263628000,1,300.13708616,4.4800
1623472263628000,1,30.52423089,4.4800
1623472264693000,1,553.60937000,4.4800
1623472279331000,1,21.17732202,4.4700
1623472279331000,1,52.94330504,4.4700
1623472321063000,1,23.13230398,4.4600
1623472321063000,1,112.09406310,4.4600
1623472321063000,1,49.00403505,4.4600
1623472321247000,1,2.77042910,4.4600
1623472321247000,1,20.36186090,4.4600
1623472321296000,1,0.00001398,4.4600
1623472358924000,1,18.21952458,4.4500
1623472386723000,1,18.31610124,4.4400
1623472399710000,1,76.00000000,4.4300
1623472399710000,1,3.99613407,4.4300
1623472399902000,1,13.99097551,4.4300
1623472399902000,1,44.96777394,4.4300
1623472417804000,1,15.80530657,4.4300
1623472419168000,1,39.50255870,4.4300
1623472496281000,1,31.04976785,4.4300
1623472541063000,1,25.27519000,4.4400
1623472547110000,1,25.14875000,4.4400
1623472603814000,1,25.93995668,4.4400
1623472603814000,1,64.83396332,4.4400
1623472641774000,1,24.09209261,4.4400
1623472644829000,1,60.22673000,4.4400
1623472667194000,1,23.25059000,4.4400
1623472674911000,1,23.14007000,4.4400
1623472691302000,1,58.16205259,4.4300
1623472691302000,1,23.14655741,4.4300
1623472706516000,1,317.20641636,4.4200
1623472706516000,1,149.97362866,4.4200
1623472706516000,1,57.69190176,4.4200
1623472706516000,1,22.67851603,4.4200
1623472718029000,1,500.00000000,4.4200
1623472718029000,1,50.76149149,4.4200
1623472718029000,1,20.30459660,4.4200
1623472718029000,1,131.97987789,4.4200
1623472718029000,1,77.00000000,4.4100
1623472718029000,1,32.63421932,4.4100
1623472728425000,1,50.76962000,4.4200
1623472748112000,1,18.95096386,4.4200
1623472748112000,1,47.35752614,4.4200
1623472755217000,1,18.26973000,4.4200
1623472765986000,1,45.67705649,4.4100
1623472765986000,1,18.27629351,4.4100
1623472837607000,1,19.66236000,4.4300
1623472990399000,1,75.00000000,4.4000
1623472990635000,1,15.00000000,4.4000
1623472991004000,1,78.00000000,4.3900
1623472991004000,1,198.84171677,4.3900
1623473001028000,0,259.10682010,4.4000
1623473250604000,0,589.92803054,4.4400
1623473250604000,0,312.69603117,4.4400
1623473341291000,1,11.73299684,4.4400
1623473341291000,1,29.32991478,4.4400
1623473341291000,1,76.25993378,4.4400
1623473341291000,1,225.00145387,4.4400
1623473341291000,1,591.33015012,4.4400
1623473341291000,1,996.83000000,4.4400
1623473341291000,1,341.18243242,4.4400
1623473341291000,1,76.00000000,4.4400
1623473341376000,0,75.00000000,4.4400
1623473341393000,0,312.91400000,4.4400
1623473341398000,0,212.08597819,4.4400
1623473354845000,0,308.79882000,4.4400
1623473477748000,1,226.67539943,4.4000
1623473477748000,1,173.04260057,4.4000
1623473538352000,1,56.79299936,4.3900
1623473538352000,1,12.57216293,4.3900
1623473671521000,0,14.50000000,4.3800
1623473706992000,0,14.60000000,4.3900
1623473747919000,1,19.44701229,4.3700
1623473747919000,1,25.91862700,4.3700
1623473781799000,1,62.47591743,4.3600
1623473781799000,1,89.05900640,4.3600
1623473782063000,1,17.55145015,4.3600
1623473782063000,1,22.92570134,4.3600
1623473795788000,0,14.60000000,4.3800
1623473802930000,1,16.16308623,4.3700
1623474125367000,1,28.25133130,4.4200
1623474125367000,1,55.18403568,4.4200
1623474142151000,0,257.40276019,4.4200
1623474142151000,0,226.52558369,4.4200
1623474142151000,0,682.49288809,4.4200
1623474142151000,0,600.72629417,4.4200
1623474142260000,1,226.52558369,4.4200
1623474142374000,1,1407.81331550,4.4200
1623474147528000,0,807.36343115,4.4300
1623474278148000,0,119.94961416,4.4300
1623474406716000,0,274.88214000,4.3900
1623474615805000,0,272.79122956,4.4300
1623474682846000,1,31.47649000,4.4200
1623474682874000,1,0.00000092,4.4200
1623474696832000,0,273.07450000,4.4200
1623474709603000,0,272.73144000,4.4300
1623474723912000,0,11.23423423,4.4400
1623474731481000,0,293.68584028,4.4400
1623474731481000,0,272.11853605,4.4400
1623474893567000,1,105.30947910,4.4500
1623474893567000,1,291.37256595,4.4500
1623474893567000,1,624.70273974,4.4500
1623474904094000,1,110.77587133,4.4500
1623475162669000,0,270.94089000,4.4600
1623475251906000,1,6.00000000,4.4800
1623475336809000,1,312.91824481,4.4600
1623475336809000,1,629.14006732,4.4600
1623475336809000,1,274.02230621,4.4600
1623475336809000,1,105.42611376,4.4600
1623475336809000,1,42.17151428,4.4600
1623475336809000,1,600.24496644,4.4600
1623475340110000,0,2604.80356313,4.4600
1623475408048000,0,576.66939974,4.4700
1623475408048000,0,176.94181790,4.4700
1623475424388000,0,64.00000000,4.4800
1623475545746000,0,233.70149707,4.4600
1623475545746000,0,9.50478094,4.4600
1623475545760000,0,214.30581621,4.4600
1623475545860000,0,243.19282511,4.4600
1623475545905000,0,110.53302625,4.4600
1623475545905000,0,132.65979886,4.4600
1623475545918000,0,173.28130248,4.4600
1623475545918000,0,75.00000000,4.4700
1623475545918000,0,112.00127017,4.4700
1623475545918000,0,192.48861269,4.4700
1623475547097000,0,14.13582972,4.4600
1623475547266000,0,191.58139425,4.4600
1623475549928000,0,270.27027027,4.4600
1623475550031000,0,232.25752498,4.4600
1623475552678000,1,49.93190721,4.4600
1623475552705000,1,50.00000000,4.4600
1623475552725000,1,170.33759214,4.4600
1623475552725000,1,54.66240786,4.4600
1623475552799000,1,69.53463531,4.4600
1623475552819000,1,202.10185933,4.4600
1623475554079000,1,75.00000000,4.4600
1623475634443000,1,443.10506792,4.4600
1623475634450000,1,130.50044250,4.4600
1623475634602000,0,41.04560000,4.4700
1623475634826000,0,1230.47843556,4.4700
1623475634826000,0,111.28326861,4.4700
1623475635428000,0,75.00000000,4.4600
1623475635751000,1,227.14047128,4.4600
1623475635757000,1,47.85952872,4.4600
1623475636842000,0,224.31411053,4.4600
1623475641077000,0,18.86162617,4.4600
1623475648347000,0,75.00000000,4.4700
1623475648347000,0,189.90604026,4.4700
1623475665286000,1,202.11521665,4.4600
1623475665707000,1,297.88478335,4.4600
1623475665707000,1,55.41941665,4.4600
1623475665752000,1,56.09999999,4.4600
1623475665788000,1,201.24273019,4.4600
1623475674976000,0,114.98263086,4.4600
1623475674976000,0,242.72496914,4.4600
1623475675183000,0,39.30740000,4.4600
1623475709549000,0,35.07470058,4.4600
1623475709549000,0,235.32440255,4.4600
1623475714816000,0,264.87919463,4.4700
1623475714816000,0,74.48322146,4.4700
1623475714816000,0,190.18123136,4.4700
1623475714827000,0,95.27817624,4.4700
1623475714962000,0,169.56401886,4.4700
1623475715085000,0,129.19717065,4.4700
1623475715085000,0,520.72956835,4.4700
1623475715085000,0,200.28125682,4.4700
1623475715085000,0,297.33829302,4.4700
1623475715085000,0,8.01075812,4.4700
1623475715096000,0,72.25323270,4.4700
1623475715096000,0,16.59076151,4.4700
1623475715152000,0,38.39245013,4.4800
1623475715164000,1,33.18152302,4.4700
1623475715193000,1,75.00000000,4.4700
1623475715763000,1,61.38156634,4.4700
1623475718885000,0,63.79248735,4.4700
1623475719091000,0,25.51699494,4.4700
1623475723413000,0,245.39567385,4.4700
1623475723673000,0,87.02043352,4.4700
1623475725295000,1,75.00000000,4.4700
1623475726667000,0,332.01342281,4.4700
1623475746652000,0,41.43260000,4.4700
1623475769724000,0,31.19135000,4.4700
1623475771424000,0,100.20535714,4.4800
1623475803095000,0,23.43839605,4.4800
1623475803095000,0,58.59599012,4.4800
1623475829518000,1,23.64139831,4.4800
1623475829628000,1,128.70816552,4.4800
1623475829628000,1,87.09190430,4.4800
1623475829652000,1,53.00000000,4.4800
1623475836714000,1,161.29800561,4.4800
1623475836714000,1,134.10199439,4.4800
1623475836735000,1,149.86570284,4.4800
1623475836759000,1,156.20000000,4.4800
1623475836800000,1,122.20000000,4.4800
1623475841136000,1,30.48723000,4.4700
1623475841136000,1,224.19706716,4.4700
1623475841174000,1,33.90000000,4.4700
1623475841195000,1,67.12000000,4.4700
1623475915274000,0,41.21524934,4.4700
1623475915274000,0,106.91216283,4.4700
1623475915274000,0,16.46816783,4.4700
1623475967757000,0,6.00000000,4.4800
1623476110464000,1,299.60966402,4.4800
1623476172557000,0,223.44076576,4.4800
1623476172557000,0,330.10044642,4.4800
1623476172557000,0,246.45878782,4.4800
1623476244361000,1,59.69779289,4.4700
1623476287590000,0,4.76052304,4.4700
1623476287590000,0,11.90258607,4.4700
1623476287590000,0,30.93651436,4.4700
1623476287590000,0,223.90107200,4.4700
1623476413074000,1,42.70852017,4.4600
1623476413074000,1,54.64290268,4.4600
1623476417367000,1,13.12411500,4.4600
1623476421381000,0,32.03906000,4.4600
1623476443806000,1,303.27135529,4.4500
1623476443806000,1,35.72878506,4.4500
1623476656816000,1,42.82331150,4.4300
1623476656816000,1,290.14920905,4.4300
1623476780133000,1,71.00000000,4.4200
1623476780133000,1,29.20535714,4.4200
1623476810837000,1,455.00000000,4.4200
1623476835799000,1,158.56385000,4.4200
1623476835799000,1,289.13615000,4.4200
1623476878183000,0,129.11738148,4.4200
1623476899110000,1,340.78988246,4.4100
1623476905313000,1,309.21011754,4.4100
1623477059700000,0,137.20078000,4.3800
1623477067709000,0,0.00000020,4.3800
1623477068358000,1,137.14481980,4.3800
1623477068358000,1,500.00000000,4.3800
1623477135869000,1,497.99827374,4.3600
1623477233376000,0,312.91400000,4.3700
1623477773038000,0,57.36711711,4.4400
1623478035911000,1,301.98576833,4.4100
1623478224481000,0,297.39332802,4.4400
1623478224481000,0,581.87745455,4.4400
1623478794865000,0,9.22284214,4.4700
1623478795018000,0,1.96969053,4.4700
1623478795018000,0,25.32279728,4.4700
1623478829384000,0,94.99923240,4.4700
1623479848069000,0,24.25005099,4.4300
1623479848069000,0,60.49665068,4.4300
1623479848069000,0,157.32059455,4.4300
1623479865896000,0,14.38551311,4.4300
1623479885406000,0,12.92310038,4.4300
1623480124769000,0,152.42889390,4.4300
1623480129183000,1,58.90443282,4.4200
1623480129183000,1,147.22776054,4.4200
1623480129183000,1,314.43755560,4.4200
1623480129183000,1,599.81253288,4.4200
1623480129183000,1,382.71958785,4.4200
1623480347578000,0,106.81981981,4.4400
1623480457947000,0,302.20570012,4.4500
1623480457947000,0,577.33093437,4.4500
1623480531363000,0,13.14437811,4.4500
1623480531363000,0,136.33543397,4.4500
1623480538719000,0,17.65125967,4.4500
1623480538719000,0,44.12814918,4.4500
1623480782824000,0,100.00000000,4.4700
1623481020301000,0,8.44553240,4.4800
1623481439785000,1,0.44923845,4.5100
1623481439785000,1,18.99523696,4.5100
1623481440066000,0,27.58407079,4.5200
1623481714654000,0,4.39427312,4.5400
1623481896412000,0,75.00000000,4.5300
1623481896525000,0,48.33667836,4.5400
1623481948672000,1,5.64916080,4.5400
1623481948672000,1,14.12290200,4.5400
1623482062305000,0,5.95560649,4.5500
1623482193825000,0,74.99999999,4.5500
1623482193922000,0,0.00000001,4.5500
1623482369014000,1,6.86729441,4.5500
1623482693876000,1,9.90616467,4.5500
1623482693876000,1,24.76541169,4.5500
1623482760578000,1,71.99659693,4.5400
1623482760578000,1,11.07578869,4.5400
1623482760578000,1,27.69007862,4.5400
1623482812072000,1,11.21796046,4.5400
1623482903088000,1,22.59328483,4.5300
1623482903088000,1,150.63452979,4.5300
1623482903289000,1,133.46721401,4.5300
1623482903289000,1,608.94980459,4.5300
1623482903289000,1,9.04189140,4.5300
1623483130346000,1,5.73847379,4.5300
1623483230112000,1,14.02165945,4.5300
1623483230112000,1,36.45029966,4.5300
1623483502304000,0,17.20000000,4.5500
1623483662510000,1,22.17905610,4.5400
1623483662675000,1,10.73414541,4.5400
1623483662675000,1,11.39053096,4.5400
1623483876607000,1,36.50282908,4.5600
1623483967652000,1,15.52985453,4.5500
1623483967652000,1,38.75220493,4.5500
1623483967674000,1,0.07243139,4.5500
1623483967674000,1,100.94405443,4.5500
1623483967674000,1,219.62834654,4.5500
1623484008706000,0,75.00000000,4.5600
1623484139187000,1,10.82579753,4.5600
1623484183964000,1,27.53435717,4.5600
1623484367900000,1,38.85375878,4.5600
1623484398588000,1,97.15157817,4.5500
1623484514286000,1,241.74911929,4.5500
1623484514286000,1,35.27605082,4.5500
1623484514286000,1,88.19012705,4.5500
1623484720960000,0,18.32873251,4.5400
1623484862312000,0,7.33665511,4.5400
1623484862312000,0,156.28452489,4.5400
1623485813280000,0,56.76103385,4.5600
1623485813280000,0,219.64039565,4.5600
1623486050805000,0,153.34756512,4.5500
1623486050805000,0,46.72933488,4.5500
1623486050918000,0,14.59106661,4.5500
1623486183426000,1,72.35939773,4.5600
1623486347143000,1,64.80855574,4.5500
1623486537682000,0,46.49069663,4.5400
1623486537682000,0,8.44322407,4.5400
1623486600083000,1,12.20102770,4.5300
1623486600083000,1,68.26879053,4.5300
1623486685578000,0,47.05179467,4.5200
1623486685578000,0,73.00000000,4.5200
1623486964289000,1,22.53705830,4.5100
1623487275481000,1,82.67128383,4.5100
1623487608716000,1,73.00000000,4.4900
1623487608716000,1,27.00000000,4.4900
1623487631542000,1,54.93392070,4.4900
1623487738718000,0,309.22995701,4.5000
1623487836545000,1,65.31970724,4.4800
1623487836669000,1,12.68029276,4.4800
1623487836669000,1,27.66970724,4.4800
1623487838104000,1,52.62638193,4.4800
1623487869087000,1,69.37776323,4.4800
1623487978862000,1,62.18876000,4.4900
1623489208102000,1,36.16255072,4.5300
1623489221299000,1,302.14355018,4.5200
1623489221299000,1,85.28078475,4.5200
1623489251515000,1,33.63140728,4.5100
1623489642199000,1,65.27815805,4.5400
1623489698411000,1,62.97448353,4.5400
1623489760456000,1,153.15303340,4.5400
1623489933067000,0,61.62420000,4.5200
1623490002643000,0,11.58174705,4.5200
1623490097809000,0,50.00000000,4.5300
1623490340341000,1,118.48659050,4.5000
1623490340341000,1,47.39761496,4.5000
1623490442020000,1,232.25492391,4.5000
1623490684102000,1,45.48609366,4.4900
1623491021948000,0,43.00602669,4.5100
1623491021948000,0,98.95309221,4.5100
1623491021948000,0,73.00000000,4.5200
1623491021948000,0,186.88758000,4.5200
1623491021948000,0,298.15330110,4.5200
1623491164239000,0,31.19812000,4.5000
1623491471383000,1,55.43110889,4.5000
1623492071559000,1,19.06311771,4.5200
1623492074537000,0,36.36829601,4.5200
1623492160969000,0,20.13023876,4.5200
1623492191613000,1,46.80902928,4.5200
1623492191613000,1,8.49849064,4.5200
1623492316396000,0,291.44814298,4.5300
1623492431606000,1,55.30751992,4.5200
1623492467490000,0,21.36260129,4.5200
1623492467490000,0,53.43528769,4.5200
1623492467490000,0,138.58838985,4.5200
1623492467490000,0,569.58420519,4.5200
1623492467490000,0,41.53282723,4.5200
1623492577898000,0,22.62717000,4.4900
1623492835154000,1,63.00000000,4.4700
1623492835158000,1,239.69943919,4.4700
1623492835158000,1,144.08821775,4.4700
1623492835179000,1,330.93434634,4.4700
1623492835186000,1,118.69868046,4.4700
1623492839069000,1,133.85697291,4.4600
1623492839069000,1,53.55270164,4.4600
1623492839069000,1,151.14775690,4.4600
1623492885121000,1,390.99468867,4.4500
1623492885130000,1,199.60119266,4.4500
1623492886021000,1,279.40411867,4.4500
1623492948566000,1,43.62104979,4.4400
1623492948566000,1,225.14833776,4.4300
1623492948566000,1,602.21428571,4.4300
1623492948566000,1,289.06439246,4.4300
1623492948566000,1,189.61625000,4.4300
1623492948566000,1,339.44695258,4.4300
1623492948566000,1,278.59122564,4.4300
1623492948566000,1,798.00000000,4.4300
1623492948566000,1,108.25713348,4.4300
1623492948566000,1,527.52679791,4.4200
1623492957053000,1,34.64473192,4.4300
1623492957938000,1,39.15326006,4.4300
1623492961918000,1,98.94410361,4.4200
1623492962481000,1,98.01210691,4.4200
1623492962481000,1,37.96181461,4.4200
1623493000618000,0,85.15753000,4.4200
1623493093200000,1,47.58618871,4.4200
1623493439425000,1,291.34176556,4.4300
1623493439425000,1,112.06012545,4.4300
1623493439425000,1,11.62499050,4.4300
1623493439486000,1,33.23054289,4.4300
1623493500334000,1,627.26167038,4.4200
1623493500334000,1,296.53032119,4.4200
1623493500334000,1,225.71695277,4.4200
1623493500334000,1,274.99358867,4.4200
1623493500334000,1,105.78413866,4.4200
1623493500334000,1,42.33476763,4.4200
1623493500334000,1,241.43873858,4.4200
1623493519299000,1,74.65737932,4.4300
1623493520930000,0,82.25894323,4.4400
1623493520930000,0,144.55711928,4.4400
1623493565763000,0,75.00000000,4.4500
1623493620202000,0,75.00000000,4.4600
1623493636963000,0,448.02999974,4.4600
1623493637062000,0,53.90310810,4.4600
1623493637062000,0,202.71217750,4.4600
1623493637125000,0,95.70735707,4.4600
1623493657091000,0,225.92054385,4.4700
1623493706797000,0,28.98814590,4.4800
1623493706832000,0,72.47036475,4.4800
1623493721034000,0,76.88771530,4.4800
1623493721034000,0,272.51377950,4.4800
1623493752055000,0,77.62877525,4.4800
1623493752055000,0,350.00000000,4.4800
1623493752055000,0,215.97820418,4.4800
1623493752055000,0,193.63433931,4.4800
1623493752055000,0,411.31101979,4.4800
1623493760526000,1,55.80312976,4.4700
1623493781226000,1,28.30686000,4.4900
1623493825678000,0,50.90552056,4.5000
1623493825957000,0,61.39646770,4.5000
1623493837784000,0,207.90959773,4.5100
1623493837784000,0,124.09960227,4.5100
1623493872623000,1,32.48238664,4.5200
1623493872623000,1,22.82513328,4.5200
1623493927137000,1,75.00000000,4.5600
1623493927192000,1,477.27914000,4.5600
1623494029205000,0,54.82378635,4.5500
1623494096601000,0,336.07922159,4.5700
1623494103845000,0,13.30000000,4.5800
1623494104442000,0,33.10392510,4.5800
1623494130439000,1,34.63256000,4.5800
1623494130522000,1,0.00000253,4.5800
1623494130522000,1,86.57207747,4.5800
1623494352717000,1,32.81505000,4.6000
1623494535834000,1,53.77044996,4.6200
1623494689017000,1,37.25722487,4.6300
1623494794635000,1,38.43951052,4.6400
1623494841755000,1,39.52758740,4.6400
1623494878253000,1,30.94871575,4.6400
1623494878253000,1,77.34963425,4.6400
1623494894936000,0,215.32408927,4.6500
1623494894936000,0,233.97318419,4.6500
1623494904732000,1,23.37163392,4.6400
1623494904732000,1,58.42908480,4.6400
1623494909040000,1,50.36151811,4.6300
1623494909040000,1,20.14460725,4.6300
1623494971377000,1,7.83669653,4.6300
1623494971979000,1,19.58900712,4.6300
1623494977192000,1,8.38526993,4.6300
1623494989568000,0,305.18176908,4.6400
1623494989568000,0,216.11222662,4.6400
1623494989568000,0,570.63413139,4.6400
1623494989568000,0,508.02230394,4.6400
1623494997822000,0,650.36098054,4.6500
1623494997822000,0,249.24715664,4.6500
1623494997822000,0,76.00000000,4.6500
1623494997822000,0,350.00000000,4.6500
1623494997822000,0,215.53380649,4.6500
1623494997822000,0,53.85160471,4.6500
1623495077686000,1,19.07119814,4.6300
1623495077686000,1,300.30964200,4.6300
1623495229324000,1,169.15333712,4.6200
1623495229330000,1,114.07267208,4.6200
1623495229330000,1,44.36282792,4.6200
1623495322211000,0,572.38858970,4.6300
1623495322211000,0,35.31118930,4.6300
1623495324867000,0,411.04843849,4.6300
1623495324867000,0,151.26960151,4.6300
1623495327456000,0,148.52075196,4.6300
1623495330422000,0,41.77146149,4.6300
1623495354137000,1,102.39809658,4.6300
1623495369279000,1,150.85244337,4.6300
1623495389941000,1,158.00000000,4.6200
1623495705894000,1,301.52511039,4.6200
1623495786883000,0,305.86126065,4.6200
1623495786883000,0,75.57774480,4.6200
1623495881040000,0,152.93274200,4.6200
1623496362138000,1,42.23029449,4.6000
1623496366805000,1,241.11288403,4.6000
1623496366805000,1,147.78711597,4.6000
1623496366810000,1,326.12660000,4.6000
1623496366839000,1,140.39538562,4.6000
1623496368115000,1,61.52150124,4.5900
1623497341373000,1,282.69716615,4.5500
1623497341373000,1,607.99313734,4.5500
1623497401518000,1,21.89461438,4.5400
1623497560128000,1,78.44395775,4.5500
1623497560156000,1,0.14465726,4.5500
1623497668763000,1,78.36552626,4.5400
1623497668763000,1,192.82322335,4.5400
1623497668763000,1,1328.76168142,4.5300
1623497677004000,1,492.45088505,4.5400
1623497677004000,1,996.83000000,4.5400
1623497677004000,1,105.71266333,4.5400
1623497787415000,0,128.30301542,4.5500
1623497790106000,1,184.67788000,4.5500
1623497790254000,1,0.00000698,4.5500
1623498075704000,1,79.12187894,4.5500
1623498075704000,1,4.44943072,4.5500
1623498280140000,1,78.68227581,4.5500
1623498280140000,1,196.68329419,4.5500
1623498530474000,0,196.81574000,4.5800
1623498575378000,0,0.00000993,4.5800
1623498661929000,1,87.23786820,4.5800
1623498712695000,1,86.78258814,4.5800
1623498712695000,1,34.75104013,4.5800
1623498712818000,1,182.20054775,4.5800
1623498712818000,1,21.79945225,4.5800
1623498732750000,1,546.35359616,4.5800
1623498732750000,1,300.00000000,4.5800
1623498732750000,1,155.08100310,4.5700
1623498766466000,0,325.33194066,4.5900
1623498772297000,0,75.00000000,4.6000
1623498774378000,1,93.81646582,4.6000
1623498779320000,1,10.92986942,4.5900
1623498780070000,1,93.42985957,4.5900
1623499157935000,1,84.28063581,4.6000
1623499495163000,0,284.07537159,4.6000
1623499495163000,0,583.49620535,4.6000
1623499495163000,0,321.61956521,4.6000
1623499495163000,0,282.78421297,4.6000
1623499495163000,0,73.00000000,4.6100
1623499495163000,0,34.73608816,4.6100
1623499503430000,0,141.39210648,4.6100
1623499503430000,0,322.80911062,4.6100
1623499503430000,0,77.00000000,4.6200
1623499503430000,0,320.62906724,4.6200
1623499503430000,0,712.26538929,4.6200
1623499848316000,1,83.14293711,4.6200
1623499848316000,1,207.80574303,4.6200
1623499848316000,1,31.64471882,4.6200
1623499909400000,0,493.30875860,4.6500
1623499909400000,0,298.47061262,4.6500
1623499909400000,0,76.00000000,4.6500
1623499909400000,0,182.33289000,4.6500
1623499909400000,0,132.55509983,4.6500
1623499909400000,0,317.90322580,4.6500
1623499909400000,0,381.14554218,4.6500
1623500033791000,1,67.89894211,4.6500
1623500436294000,1,49.15006277,4.6500
1623500885183000,1,12.10757250,4.6700
1623500885183000,1,4.84302900,4.6700
1623500949286000,0,75.00000000,4.6800
1623500949291000,0,87.07705288,4.6800
1623500949292000,0,96.22679491,4.6800
1623500977257000,1,13.92544792,4.6900
1623500977257000,1,5.57426885,4.6900
1623501025437000,1,581.90234519,4.6700
1623501025437000,1,304.88714071,4.6700
1623501025437000,1,35.35885231,4.6700
1623501025437000,1,5.44282098,4.6700
1623501025437000,1,13.60705244,4.6700
1623501025437000,1,74.00000000,4.6600
1623501025437000,1,3152.46888412,4.6600
1623501025437000,1,324.49570814,4.6600
1623501025437000,1,996.83000000,4.6600
1623501025437000,1,787.26998717,4.6600
1623501145077000,0,168.63163969,4.7000
1623501146327000,1,26.18432000,4.7000
1623501210326000,0,109.80316339,4.7200
1623501219121000,0,357.63252845,4.7300
1623501219121000,0,170.28705018,4.7300
1623501220496000,0,159.36827156,4.7300
1623501274371000,0,255.07691945,4.7300
1623501274371000,0,356.70073392,4.7300
1623501274371000,0,211.63119538,4.7300
1623501274371000,0,315.22198730,4.7300
1623501274371000,0,542.69685951,4.7300
1623501280120000,1,91.38818062,4.7200
1623501280120000,1,224.65612247,4.7200
1623501280270000,1,36.58478000,4.7200
1623501280311000,1,0.00000899,4.7200
1623501282616000,0,90.07591819,4.7200
1623501282616000,0,850.00000000,4.7200
1623501282616000,0,316.90677965,4.7200
1623501282616000,0,255.65875504,4.7200
1623501282616000,0,173.78273623,4.7300
1623501410378000,1,256.82901986,4.7300
1623501410644000,1,75.00000000,4.7300
1623501410830000,1,46.35708584,4.7300
1623501410866000,1,171.81389430,4.7300
1623501424403000,0,186.06156647,4.7400
1623501426193000,0,57.44409211,4.7400
1623501426279000,0,328.31806371,4.7400
1623501432266000,0,167.64705882,4.7600
1623501435528000,1,31.90366900,4.7400
1623501435575000,0,315.37894736,4.7500
1623501435575000,0,47.48690806,4.7500
1623501435575000,0,37.13414458,4.7500
1623501435589000,1,129.87154638,4.7400
1623501435711000,1,38.22478462,4.7400
1623501439587000,0,168.09633000,4.7400
1623501571050000,1,43.97831132,4.7300
1623501587860000,1,33.15059569,4.7400
1623501604401000,1,36.36149000,4.7400
1623501609085000,1,35.21826391,4.7400
1623501609085000,1,88.04564609,4.7400
1623501619419000,1,35.21826000,4.7300
1623501632489000,1,30.10406019,4.7200
1623501632489000,1,75.26167993,4.7200
1623501685188000,1,112.25506495,4.7100
1623501685188000,1,46.16526611,4.7100
1623501715851000,1,45.03421262,4.7100
1623501715851000,1,4.56871407,4.7100
1623501751848000,1,37.86275837,4.7100
1623501751848000,1,62.13724163,4.7100
1623501849464000,0,46.29199918,4.7400
1623501881062000,0,255.06263021,4.7300
1623501926125000,1,44.28752371,4.7300
1623501929049000,1,150.53000000,4.7200
1623501929407000,1,143.49277091,4.7200
1623501929407000,1,201.67722909,4.7200
1623501929609000,1,67.23535804,4.7200
1623501929747000,1,18.60411046,4.7200
1623502194109000,1,43.01834986,4.7100
1623502218010000,0,289.92828000,4.7200
1623502245777000,0,255.56101000,4.7300
1623502273503000,1,40.81258077,4.7200
1623502336369000,1,55.35055155,4.7200
1623502429738000,1,278.14846887,4.7100
1623502429738000,1,570.02355587,4.7100
1623502429738000,1,396.64615090,4.7100
1623502429738000,1,996.83000000,4.7100
1623502429738000,1,212.10312441,4.7100
1623502429738000,1,178.34394000,4.7100
1623502429738000,1,152.28792549,4.7100
1623502429738000,1,60.92613361,4.7100
1623502429980000,0,46.74424214,4.7100
1623502508896000,1,49.12300439,4.7300
1623502508896000,1,113.78971848,4.7300
1623502539905000,0,75.00000000,4.7300
1623502539982000,0,95.69961528,4.7300
1623502539983000,0,37.37851076,4.7300
1623502639073000,1,58.42443012,4.7300
1623502752943000,1,55.63129543,4.7400
1623503083618000,1,33.94712000,4.7200
1623503132057000,1,13.37625256,4.7100
1623503157496000,1,28.97206000,4.7100
1623503219627000,1,32.45776000,4.7100
1623503293540000,1,27.68895000,4.7000
1623503589269000,1,21.29214198,4.7100
1623503589269000,1,51.23962241,4.7100
1623503589269000,1,126.05983561,4.7100
1623503591899000,1,18.40612525,4.7100
1623503591908000,1,0.00000001,4.7100
1623503756001000,1,15.01100000,4.7100
1623503816811000,0,256.00087000,4.7200
1623503820956000,1,20.80220127,4.7200
1623503902791000,1,19.07989200,4.7200
1623503902791000,1,47.69163800,4.7200
1623503910700000,1,50.00000000,4.7100
1623504279664000,1,15.06566885,4.7000
1623504310343000,1,14.67013380,4.7000
1623504310343000,1,22.98862314,4.7000
1623505034532000,1,32.72305946,4.7300
1623505183829000,1,47.02211000,4.7200
1623505431226000,0,255.55730732,4.7200
1623505431226000,0,77.00000000,4.7300
1623505431226000,0,67.44269268,4.7300
1623505645600000,1,56.58403000,4.7500
1623505844569000,1,50.88947000,4.7500
1623506272145000,1,57.61267000,4.7400
1623506279931000,0,72.90765495,4.7400
1623506344089000,0,527.71645695,4.7400
1623506344089000,0,276.85102889,4.7400
1623507407137000,1,400.00000000,4.7100
1623507461111000,1,350.00000000,4.7100
1623507461111000,1,287.46658099,4.7100
1623507503342000,1,591.76079974,4.7000
1623508299662000,0,219.00000000,4.6900
1623508299700000,0,29.43000000,4.6900
1623508673679000,0,278.03235055,4.6800
1623508673679000,0,605.02361518,4.6800
1623508673679000,0,286.16983043,4.6800
1623508673679000,0,324.77564102,4.6800
1623508673679000,0,1178.36394743,4.6800
1623508777553000,1,214.24923134,4.6700
1623509100558000,1,51.00431037,4.6700
1623509361342000,1,300.49982140,4.6800
1623509361342000,1,570.77260200,4.6800
1623509361342000,1,83.21263296,4.6800
1623509361342000,1,726.84263920,4.6800
1623509369582000,1,207.96956994,4.6800
1623509369582000,1,213.42861426,4.6800
1623509369582000,1,996.83000000,4.6800
1623509369582000,1,268.19600491,4.6800
1623509392813000,0,257.79723808,4.6800
1623509392813000,0,644.61835077,4.6800
1623509392813000,0,277.35703407,4.6800
1623509392813000,0,256.06391554,4.6800
1623509975109000,1,77.45113926,4.6800
1623510263978000,0,256.67814943,4.7000
1623510263978000,0,350.00000000,4.7000
1623510263978000,0,641.87560120,4.7000
1623510263978000,0,418.11433447,4.7000
1623510272226000,0,696.94053350,4.7000
1623510272226000,0,290.14654773,4.7100
1623510272226000,0,76.00000000,4.7100
1623510272226000,0,603.85546767,4.7100
1623510519296000,1,303.88510207,4.7100
1623510519296000,1,19.21445431,4.7100
1623510872801000,1,150.00002093,4.6700
1623510872847000,1,170.00000000,4.6700
1623510876364000,1,25.54363478,4.6700
1623510903693000,1,85.52051728,4.6700
1623510917073000,1,316.08948272,4.6600
1623510939977000,1,56.60007317,4.6500
1623511233328000,0,30.19652399,4.6700
1623511875886000,1,90.32844232,4.6800
1623511875886000,1,225.74478762,4.6800
1623512060591000,1,564.88099108,4.6700
1623512060591000,1,213.90078941,4.6700
1623512060591000,1,179.87152000,4.6700
1623512060591000,1,302.83639593,4.6700
1623512060591000,1,77.00000000,4.6700
1623512060591000,1,328.17838868,4.6700
1623512068847000,1,668.65161132,4.6700
1623512068847000,1,325.85653104,4.6700
1623512068847000,1,542.06309492,4.6700
1623512068847000,1,130.37131162,4.6700
1623512087024000,0,583.62217782,4.6800
1623513150326000,1,25.38340000,4.6600
1623513615793000,1,203.49700854,4.6400
1623513615929000,1,196.50299146,4.6400
1623513675454000,0,75.00000000,4.6700
1623513675517000,0,17.18341241,4.6700
1623513675522000,0,232.70952119,4.6700
1623513696560000,0,74.00000000,4.7000
1623513696560000,0,67.34680851,4.7000
1623513943477000,0,213.30277232,4.7000
1623513943477000,0,320.39361702,4.7000
1623514330602000,0,569.68376977,4.6800
1623514542122000,0,232.30679289,4.6800
1623514542143000,0,22.00000000,4.6800
1623514542312000,0,29.91544252,4.6800
1623514542312000,0,9.78455748,4.6800
1623514543214000,0,573.68725935,4.6800
1623514689758000,0,286.79307749,4.6900
1623514689758000,0,577.26943874,4.6900
1623514689758000,0,74.00000000,4.7000
1623514689758000,0,146.79889101,4.7000
1623514782756000,0,533.48060918,4.7000
1623514782756000,0,278.23003459,4.7000
1623514782756000,0,179.31958000,4.7000
1623514782756000,0,318.98936170,4.7000
1623514782756000,0,373.06126559,4.7000
1623514790996000,0,403.71822490,4.7000
1623514790996000,0,678.49650000,4.7000
1623514790996000,0,533.34468599,4.7100
1623514790996000,0,68.30516389,4.7100
1623515067404000,1,103.98930052,4.7000
1623515266655000,1,138.41608252,4.7000
1623515266709000,1,42.59941638,4.7000
1623515502320000,1,65.26223865,4.7000
1623515822414000,1,150.00000000,4.7000
1623515869858000,1,63.00000000,4.7000
1623515869863000,1,43.00000000,4.7000
1623515869928000,1,45.89554235,4.7000
1623515869928000,1,271.47010975,4.7000
1623515972728000,1,275.46079213,4.6900
1623515972728000,1,149.53920787,4.6900
1623515972730000,1,320.20493116,4.6900
1623515995605000,1,106.83760683,4.6800
1623515995605000,1,216.22615012,4.6800
1623516003749000,1,332.60407035,4.6800
1623516561402000,1,209.38193042,4.6700
1623516561402000,1,996.83000000,4.6700
1623516561402000,1,476.86892064,4.6700
1623516569676000,1,67.40096888,4.6700
1623516569676000,1,213.93255544,4.6700
1623516569676000,1,76.00000000,4.6700
1623516569676000,1,179.87152000,4.6700
1623516569676000,1,83.41514613,4.6700
1623516569676000,1,996.83000000,4.6700
1623516569676000,1,66.41438433,4.6600
1623516631593000,0,75.00000000,4.6800
1623517271542000,1,205.21075207,4.6800
1623517271542000,1,44.78924793,4.6800
1623517453493000,0,571.73116891,4.6900
1623517453493000,0,300.34914677,4.6900
1623517453493000,0,813.21179519,4.6900
1623517461751000,0,183.61820481,4.6900
1623517461751000,0,76.00000000,4.6900
1623517461751000,0,179.49466000,4.6900
1623517461751000,0,319.02985073,4.6900
1623517461751000,0,928.94896889,4.6900
1623517734000000,0,54.50000000,4.7000
1623518221687000,1,178.96710414,4.7000
1623518221702000,1,54.88939940,4.7000
1623518306690000,1,313.77544488,4.6900
1623518329398000,1,295.79079628,4.6900
1623518626040000,1,297.79060940,4.6700
1623518626040000,1,509.57282175,4.6700
1623519006250000,0,285.00000000,4.7000
1623519006266000,0,306.26368492,4.7000
1623519006266000,0,11.13351508,4.7000
1623519006333000,0,124.25821407,4.7000
1623519316744000,0,128.24268615,4.7300
1623519316750000,0,67.35912166,4.7300
1623519316804000,0,17.83551801,4.7300
1623519316948000,0,58.05000000,4.7300
1623519694998000,1,17.20000000,4.7400
1623520201365000,1,314.30428676,4.7400
1623520201490000,1,262.47881627,4.7400
1623520201981000,1,23.54812059,4.7400
1623521630181000,0,282.96689065,4.7500
1623521630181000,0,104.39648517,4.7600
1623521742663000,1,81.41353161,4.7400
1623521742663000,1,192.65746132,4.7400
1623522062841000,1,13.37625257,4.7300
1623522717462000,1,603.36154287,4.7200
1623522717462000,1,529.26457002,4.7200
1623522717462000,1,203.59255743,4.7200
1623522717462000,1,81.45633038,4.7200
1623522717462000,1,277.63319495,4.7200
1623522717462000,1,996.83000000,4.7200
1623522717462000,1,76.00000000,4.7200
1623522717462000,1,211.62919941,4.7200
1623522717462000,1,321.45127117,4.7200
1623522717580000,0,389.72899732,4.7200
1623523256830000,0,29.27176259,4.7500
1623523487346000,0,99.99367419,4.7600
1623523487369000,0,215.00000000,4.7600
1623523487495000,0,25.21220271,4.7600
1623523487520000,0,56.72745608,4.7600
1623523487539000,0,169.29593700,4.7600
1623525122851000,1,46.31339023,4.7500
1623525122965000,1,39.02140418,4.7500
1623525204429000,1,82.11704047,4.7500
1623525466398000,1,600.79780435,4.7400
1623525466398000,1,199.18580835,4.7400
1623525466398000,1,80.81085822,4.7400
1623525508195000,1,80.31872618,4.7400
1623525508195000,1,200.78911271,4.7400
1623525656048000,1,39.82324510,4.7300
1623525691401000,1,76.91845745,4.7400
1623525691401000,1,192.24987834,4.7400
1623525723618000,0,75.00000000,4.7400
1623525726397000,0,155.83166421,4.7400
1623526874559000,1,16.06861000,4.7100
1623526874579000,1,186.69880185,4.7100
1623526874579000,1,81.12962414,4.7100
1623526875716000,1,116.40000000,4.7000
1623528106992000,0,603.28198559,4.7200
1623528106992000,0,283.80747169,4.7200
1623528489531000,0,276.44482546,4.7500
1623528489531000,0,39.47261497,4.7500
1623528489717000,0,533.10043702,4.7500
1623529043845000,1,82.05193860,4.7400
1623529043845000,1,205.08651626,4.7400
1623529749808000,1,81.07126576,4.7300
1623529757746000,1,21.11366245,4.7300
1623529762382000,1,59.29034735,4.7300
1623529762382000,1,201.01002451,4.7300
1623529791560000,1,201.24012709,4.7300
1623529884348000,0,28.49050349,4.7400
1623529995440000,0,4216.27150185,4.7400
1623529995911000,0,25.13021352,4.7400
1623529995958000,0,4215.13506926,4.7400
1623529996047000,0,186.65830622,4.7400
1623529996178000,0,525.03701746,4.7400
1623529996203000,0,333.00420971,4.7400
1623529996372000,0,75.00000000,4.7400
1623529996526000,0,4215.53744211,4.7400
1623529996535000,0,86.30806368,4.7400
1623529996540000,0,218.00974122,4.7400
1623529996572000,0,316.34910000,4.7400
1623529996573000,0,320.08999430,4.7400
1623529996593000,0,760.01463748,4.7400
1623529996597000,0,312.00000000,4.7400
1623529996633000,0,316.06420000,4.7400
1623529996647000,0,822.06814265,4.7400
1623529996685000,0,285.80610637,4.7400
1623529996758000,0,636.33964875,4.7400
1623529996773000,0,632.70434034,4.7400
1623529996775000,0,577.61139901,4.7400
1623529996838000,0,636.95386110,4.7400
1623529996856000,0,1243.35835101,4.7400
1623529996874000,0,312.80010000,4.7400
1623529996878000,0,123.68781990,4.7400
1623530016107000,1,91.78021851,4.7400
1623530040738000,1,586.87545357,4.7300
1623530040738000,1,294.09656954,4.7300
1623530163904000,1,91.55920302,4.7200
1623530571556000,1,286.00989956,4.7000
1623530571556000,1,137.15264475,4.7000
1623530573338000,1,54.30000000,4.6900
1623530573356000,1,42.01264547,4.6900
1623530675173000,1,87.81912756,4.6900
1623530701208000,1,79.84929153,4.6900
1623530701208000,1,199.67283226,4.6900
1623530735628000,0,94.91952434,4.7200
1623530735662000,0,119.00000000,4.7200
1623530738301000,0,75.00000000,4.7500
1623530738372000,1,510.13770591,4.7400
1623530738476000,0,78.47787189,4.7400
1623530738583000,0,312.91400000,4.7400
1623530738594000,0,154.77570130,4.7400
1623530748971000,1,78.56837481,4.7400
1623530748971000,1,196.49784940,4.7400
1623530760256000,1,74.33869570,4.7400
1623530760256000,1,185.85094227,4.7400
1623530760256000,1,270.42569203,4.7400
1623530760336000,1,212.78675787,4.7400
1623530762535000,0,177.21516213,4.7400
1623530766039000,0,254.52719141,4.7500
1623530766211000,0,485.47473000,4.7600
1623530769165000,1,74.65105478,4.7600
1623530769356000,0,88.94254019,4.7700
1623530881806000,1,6.41674281,4.7600
1623530912521000,1,185.44381238,4.7600
1623530912521000,1,74.17752495,4.7600
1623530912521000,1,75.75464469,4.7600
1623530937914000,0,575.45171561,4.7700
1623530954590000,1,72.77424699,4.7700
1623530954590000,1,181.92036337,4.7700
1623530954590000,1,345.63661326,4.7700
1623531025946000,0,109.78834145,4.7700
1623531026031000,0,88.94254019,4.7700
1623531110639000,0,182.25360715,4.7600
1623531110639000,0,43.98133630,4.7600
1623531140099000,0,400.00000000,4.7600
1623531157438000,0,350.00000000,4.7600
1623531167515000,0,253.60891896,4.7600
1623531167515000,0,400.00000000,4.7600
1623531220861000,1,74.26371657,4.7600
1623531262271000,0,450.00000000,4.7600
1623531428138000,0,289.83941824,4.7600
1623531604190000,0,7.07355479,4.7900
1623531705682000,1,73.92245032,4.7900
1623531705682000,1,18.85372685,4.7900
1623531705702000,1,331.14627315,4.7900
1623531705702000,1,17.95372685,4.7900
1623531706764000,1,166.90688901,4.7900
1623531713664000,1,72.23142846,4.7800
1623531714084000,0,228.86669375,4.7800
1623531715589000,0,171.13330625,4.7800
1623531715589000,0,53.34190699,4.7800
1623531766304000,1,350.00000000,4.7800
1623531820830000,1,350.00000000,4.7800
1623531940998000,0,77.00000000,4.7900
1623531940998000,0,37.57991064,4.7900
1623531941024000,0,16.95785868,4.7900
1623531941025000,0,139.51817626,4.7900
1623531941038000,0,58.45824474,4.7900
1623531949587000,0,650.00000000,4.8100
1623531949587000,0,350.00000000,4.8100
1623532041013000,1,269.13597966,4.8100
1623532126979000,0,10.00000000,4.8200
1623532126979000,0,65.00000000,4.8200
1623532127671000,0,626.10314126,4.8300
1623532127671000,0,250.43798316,4.8300
1623532145562000,1,498.18354223,4.8300
1623532145562000,1,191.64918136,4.8300
1623532145562000,1,76.69596641,4.8300
1623532145618000,1,0.00000423,4.8300
1623532148520000,0,250.58874988,4.8200
1623532171326000,1,74.34930184,4.8200
1623532171326000,1,185.79703602,4.8200
1623532171326000,1,483.05365214,4.8200
1623532171357000,1,72.00000000,4.8100
1623532171357000,1,174.63617000,4.8100
1623532171357000,1,207.20753900,4.8100
1623532171357000,1,139.30199810,4.8100
1623532171786000,1,588.00000000,4.8100
1623532171786000,1,278.00000000,4.8100
1623532213616000,0,109.76185868,4.8100
1623532219584000,1,70.89770132,4.8100
1623532510492000,1,141.65285782,4.8500
1623532512970000,1,26.82638618,4.8500
1623532514238000,1,26.08471383,4.8500
1623532514413000,1,18.69911112,4.8500
1623532655263000,1,80.31331492,4.8400
1623532786694000,1,7.01582672,4.8300
1623532786694000,1,538.40056779,4.8300
1623532788245000,1,74.60875385,4.8300
1623533025330000,0,175.90834764,4.8100
1623533157149000,0,91.87102128,4.8200
1623533158863000,0,92.61007619,4.8200
1623533185096000,0,66.43394086,4.8200
1623533185096000,0,99.35439103,4.8200
1623533241514000,1,291.62703608,4.8100
1623533526244000,1,586.60207040,4.8000
1623533526244000,1,78.10292960,4.8000
1623533529284000,0,252.20963883,4.7900
1623533529380000,1,811.00531415,4.7900
1623533545838000,1,720.00000000,4.7700
1623533878866000,1,900.00000000,4.7600
1623534008090000,1,750.00000000,4.7500
1623534031220000,1,112.80733331,4.7400
1623534291880000,1,75.00000000,4.7500
1623534806521000,0,79.73789848,4.7700
1623534806550000,0,209.63481615,4.7700
1623534806574000,0,20.96348161,4.7700
1623534806616000,0,248.14134067,4.7700
1623534806616000,0,179.55641804,4.7700
1623534806731000,0,116.79633507,4.7700
1623534950090000,0,177.52236550,4.7800
1623534952554000,0,252.60635720,4.7800
1623535793486000,1,312.96500000,4.7800
1623535922266000,1,209.49901000,4.7800
1623535922266000,1,101.80098970,4.7800
1623535922340000,1,748.19901030,4.7800
1623536030739000,1,96.54738168,4.7700
1623536030991000,1,403.45261832,4.7700
1623536030991000,1,579.67518700,4.7700
1623536030991000,1,292.09098492,4.7700
1623536182126000,1,850.00000000,4.7600
1623536370320000,1,210.90371302,4.7300
1623536370320000,1,221.08953072,4.7300
1623536370320000,1,88.45539050,4.7300
1623536370320000,1,90.92701464,4.7300
1623536370320000,1,996.83000000,4.7300
1623536370320000,1,74.00000000,4.7300
1623536370320000,1,572.74712984,4.7300
1623536370320000,1,736.56061252,4.7200
1623536370320000,1,21.11054894,4.7200
1623536370320000,1,72.00000000,4.7200
1623536370320000,1,180.13072368,4.7200
1623536420644000,1,133.55290628,4.7300
1623536420644000,1,179.07922996,4.7200
1623536534187000,1,84.52193247,4.7200
1623536574879000,1,81.95902999,4.7100
1623536574884000,1,0.00000001,4.7100
1623536747005000,0,280.12957836,4.7000
1623536747005000,0,561.70352795,4.7000
1623537714548000,0,301.62190967,4.7000
1623537714548000,0,567.01875188,4.7000
1623537882487000,0,450.00000000,4.7000
1623538205224000,0,317.62856100,4.6900
1623538375211000,0,256.77396059,4.7100
1623538375211000,0,154.97338548,4.7100
1623538450034000,0,63.55414012,4.7100
1623538666780000,0,315.69662676,4.7200
1623538852486000,0,86.86256647,4.7200
1623539127688000,1,43.24880012,4.7200
1623539589659000,0,300.00000000,4.7300
1623539787250000,1,75.00000000,4.7300
1623539920126000,1,207.43828983,4.7300
1623539921292000,1,211.56920825,4.7300
1623539922382000,1,211.56920825,4.7300
1623541005758000,1,323.32277594,4.7100
1623541028777000,1,292.05013431,4.7000
1623541028777000,1,31.24115400,4.7000
1623541665140000,1,42.25502786,4.7000
1623541667613000,1,407.74497214,4.7000
1623541667613000,1,18.11502786,4.7000
1623541667978000,1,75.00000000,4.7000
1623541671673000,1,38.40000000,4.7000
1623541695186000,1,29.06952509,4.6900
1623541695186000,1,184.44600816,4.6900
1623541695202000,1,565.55399184,4.6900
1623541699694000,1,11.79273504,4.6800
1623541711683000,1,104.30298366,4.6800
1623541942346000,0,298.76447593,4.6500
1623541972699000,1,75.00000000,4.6500
1623541972704000,1,448.14091123,4.6500
1623541972730000,1,321.71930000,4.6500
1623541972749000,1,319.16000000,4.6500
1623541972782000,1,325.24057997,4.6500
1623541972799000,1,321.02382901,4.6500
1623541972823000,1,1538.91049000,4.6500
1623541972887000,1,89.56944611,4.6500
