timestamp ms,type,amount,price
1623456091221000,0,34.37896070,4.7600
1623456273561000,1,7.07355479,4.7100
1623456273561000,1,15.94847927,4.7100
1623456278639000,1,44.54355666,4.7100
1623456278639000,1,255.45644334,4.7100
1623456623728000,0,74.00000000,4.7500
1623456623728000,0,317.81052631,4.7500
1623456623728000,0,211.04625330,4.7500
1623456623728000,0,105.56174646,4.7500
1623456687693000,0,34.67287000,4.7100
1623456745574000,1,100.00000000,4.7200
1623456896187000,1,70.21087927,4.7000
1623456896224000,1,11.50569423,4.7000
1623456896224000,1,73.54430577,4.7000
1623457154096000,1,48.27024779,4.6800
1623457265241000,1,43.37916491,4.6700
1623457265370000,1,63.68254964,4.6700
1623457265403000,1,208.49167907,4.6700
1623457265403000,1,16.50832092,4.6700
1623457265425000,1,256.15209431,4.6700
1623457265520000,1,64.25221480,4.6700
1623457265602000,1,20.69728705,4.6700
1623457355082000,1,37.95976487,4.6600
1623457364479000,1,325.09958171,4.6500
1623457364528000,1,53.24644068,4.6500
1623457364591000,1,327.31814462,4.6500
1623457364611000,1,72.99999999,4.6500
1623457364622000,1,32.00000000,4.6500
1623457364679000,1,54.00000000,4.6500
1623457364680000,1,58.00000000,4.6500
1623457364692000,1,31.33583300,4.6500
1623457418299000,0,75.00000000,4.6600
1623457418815000,0,240.87777290,4.6600
1623457432170000,1,81.71726000,4.6600
1623457450293000,0,43.18906000,4.6700
1623457856551000,1,322.26890620,4.6600
1623457859025000,1,162.12594359,4.6600
1623457859025000,1,93.49141631,4.6600
1623457859025000,1,18.49839400,4.6600
1623457870873000,1,70.80229025,4.6600
1623457882276000,1,72.24887208,4.6600
1623457909508000,0,48.46993000,4.6700
1623458180738000,0,32.00000000,4.7100
1623458181143000,0,12.23051200,4.7100
1623458181143000,0,62.42948800,4.7100
1623458181470000,0,132.78000000,4.7100
1623458294376000,1,16.88808443,4.7100
1623458333548000,1,59.08617721,4.7100
1623458368306000,1,57.44461658,4.7100
1623458418601000,1,56.71657306,4.7100
1623458648258000,1,52.10960529,4.6800
1623458648258000,1,54.86835062,4.6700
1623458934663000,0,238.71435742,4.6900
1623458934683000,0,85.25512596,4.6900
1623458934728000,0,306.18632426,4.6900
1623458935502000,0,50.51967400,4.7000
1623458941085000,1,53.16612457,4.7000
1623458941085000,1,132.90151421,4.7000
1623459120279000,1,41.57767626,4.7000
1623459547612000,1,583.64035459,4.6700
1623460226907000,0,281.61665117,4.7100
1623460275474000,1,607.65255247,4.7000
1623460275474000,1,310.60899437,4.7000
1623460871661000,1,82.43735261,4.6400
1623460999172000,1,79.14555167,4.6200
1623461006392000,1,16.62583728,4.6200
1623461275459000,0,65.11866753,4.6100
1623461277239000,0,14.20000000,4.6200
1623461280995000,0,54.15018776,4.6200
1623461336737000,1,10.00000000,4.6000
1623461336737000,1,40.00000000,4.6000
1623461364328000,1,21.80644598,4.5900
1623461364349000,1,40.47427406,4.5900
1623461370007000,1,297.57805907,4.5800
1623461373721000,1,51.95930543,4.5700
1623461387899000,0,75.00000000,4.5900
1623461389483000,1,55.34501561,4.5800
1623461393042000,0,61.60564859,4.5800
1623461395064000,0,75.00000000,4.5900
1623461395064000,0,61.49937165,4.5900
1623461395064000,0,187.97623835,4.5900
1623461413979000,1,918.00000000,4.5700
1623461487910000,1,5.88000000,4.5400
1623461487910000,1,5.72999999,4.5400
1623461487912000,1,0.00000001,4.5400
1623461626719000,1,61.67103000,4.5400
1623461706789000,1,393.65603453,4.5300
1623461706789000,1,6.06196547,4.5300
1623461742219000,1,17.79275653,4.5100
1623461761073000,0,57.76133188,4.5200
1623461817309000,0,17.62913907,4.5300
1623461864650000,0,305.92694416,4.5400
1623461864650000,0,620.99771263,4.5400
1623461943596000,1,36.85953000,4.5300
1623462183612000,1,35.26938049,4.5400
1623462183612000,1,86.20655724,4.5400
1623462183612000,1,224.10233644,4.5400
1623462435995000,1,14.23005000,4.5500
1623462510037000,1,18.76333610,4.5600
1623462548219000,1,16.12030000,4.5500
1623462646495000,1,28.20000000,4.5400
1623462646657000,1,0.20466426,4.5400
1623462646657000,1,11.36186570,4.5400
1623462665303000,1,9.24199154,4.5300
1623462665303000,1,23.11436792,4.5300
1623462705863000,1,15.27597238,4.5200
1623462886082000,1,15.19775809,4.5300
1623462886082000,1,37.99206955,4.5300
1623463000966000,0,128.60649597,4.5300
1623463000966000,0,290.60249234,4.5300
1623463000966000,0,198.94784753,4.5300
1623463001185000,0,59.00262030,4.5300
1623463094398000,0,119.32259038,4.5400
1623463094398000,0,276.10740556,4.5400
1623463142594000,0,62.48571428,4.5500
1623463164901000,1,30.29440429,4.5200
1623463165322000,1,134.91608379,4.5200
1623463189399000,1,29.74473046,4.5100
1623463210333000,1,130.25512000,4.5100
1623463214930000,1,100.00000000,4.5000
1623463214930000,1,232.96000000,4.5000
1623463215188000,1,17.04000000,4.5000
1623463217812000,1,51.99999999,4.4900
1623463223777000,0,59.00262030,4.5000
1623463237083000,0,127.34964000,4.4900
1623463255998000,0,123.11813957,4.5000
1623463459701000,0,115.04292237,4.5600
1623463511609000,1,30.66594092,4.5700
1623463534088000,1,301.65502342,4.5500
1623463534088000,1,27.84094008,4.5500
1623463584615000,1,220.02213014,4.5400
1623463584615000,1,248.56373390,4.5400
1623463584615000,1,103.89862829,4.5400
1623463584615000,1,41.55591767,4.5400
1623463584934000,1,0.00001817,4.5400
1623463615797000,1,36.79708950,4.5400
1623463747980000,0,123.96326000,4.5500
1623463748005000,0,0.00000376,4.5500
1623463754342000,0,68.66598859,4.5600
1623463754938000,0,237.00000000,4.5600
1623463897185000,1,12.92073000,4.5600
1623463974769000,1,7.53941911,4.5500
1623463974769000,1,18.84854777,4.5500
1623464005577000,0,138.37400393,4.5400
1623464054445000,1,127.17338000,4.5300
1623464381811000,1,25.00000000,4.4800
1623464386679000,0,118.92196000,4.4800
1623464399359000,0,107.39790000,4.4800
1623464555539000,0,113.94772420,4.4500
1623464555725000,1,191.71910580,4.4500
1623464734131000,1,17.62913907,4.4600
1623464804342000,0,50.00000000,4.4500
1623464904632000,1,51.18553064,4.4600
1623464904664000,1,1.29628232,4.4600
1623464904664000,1,130.70371768,4.4600
1623464904699000,1,0.50396191,4.4600
1623464904699000,1,73.00000000,4.4600
1623465027747000,0,79.54369784,4.4700
1623465105039000,1,108.82723705,4.4300
1623465105042000,1,31.92280129,4.4300
1623465105339000,1,35.10000000,4.4300
1623465229912000,1,80.20288548,4.4400
1623465258437000,1,86.64031877,4.4500
1623465368496000,1,84.72571237,4.4600
1623465377660000,1,82.97659103,4.4600
1623465388763000,1,0.66934907,4.4600
1623465478399000,1,37.32248238,4.4800
1623465478429000,1,31.26395712,4.4800
1623465506598000,1,84.17123000,4.4800
1623465679717000,1,66.32153248,4.5000
1623465802454000,1,67.59536893,4.5100
1623465802454000,1,168.98467385,4.5100
1623465815202000,0,281.05501158,4.5200
1623465846648000,1,59.84388774,4.5200
1623465914095000,1,54.39384979,4.5200
1623465914095000,1,135.98654021,4.5200
1623465999213000,1,630.34192833,4.5000
1623465999213000,1,45.53613913,4.5000
1623466114792000,1,32.20953749,4.5000
1623466183601000,1,29.14376000,4.5100
1623466193099000,1,28.47977890,4.5100
1623466210086000,1,26.43334446,4.5000
1623466213310000,1,25.75625108,4.5000
1623466219177000,1,25.04865839,4.5000
1623466225693000,1,24.92036657,4.5000
1623466367838000,1,27.61276104,4.4700
1623466396680000,1,27.34213266,4.4700
1623466432948000,1,20.60211125,4.4700
1623466544943000,1,308.87432925,4.4700
1623466626929000,1,18.41720971,4.4700
1623466791631000,0,100.00000000,4.4300
1623466822497000,0,153.81591298,4.4500
1623466823812000,0,152.52657332,4.4500
1623466823812000,0,1.28933966,4.4500
1623466961012000,0,149.96431258,4.4800
1623467028715000,1,55.93932514,4.4900
1623467028715000,1,222.42375502,4.4900
1623467028715000,1,321.63691984,4.4900
1623467028801000,1,139.74939752,4.4900
1623467040964000,1,53.56261421,4.4900
1623467081563000,1,53.12429000,4.5000
1623467081633000,1,0.00000677,4.5000
1623467295801000,1,44.57138000,4.4800
1623467296813000,0,153.39219000,4.4800
1623467398777000,1,43.57122725,4.4500
1623467507673000,0,111.86098654,4.4600
1623467718808000,1,32.30273000,4.4900
1623467842707000,1,35.54821226,4.5100
1623467857805000,0,142.05071000,4.5100
1623467913757000,0,4.41241685,4.5100
1623468060905000,0,113.70856000,4.5100
1623468125998000,1,22.45483163,4.5200
1623468126069000,1,0.15772290,4.5200
1623468126069000,1,57.40484718,4.5200
1623468126069000,1,110.43742992,4.5200
1623468126110000,1,58.99804449,4.5200
1623468135787000,1,23.96130000,4.5200
1623468251448000,1,18.76869392,4.5000
1623468251448000,1,46.92197139,4.5000
1623468251448000,1,17.75137402,4.5000
1623468251579000,0,38.69600000,4.5000
1623468523721000,1,291.14107521,4.4800
1623468771143000,1,31.18817389,4.4600
1623468854876000,0,295.35016000,4.4500
1623468960984000,0,199.78165637,4.4500
1623468960984000,0,79.07256246,4.4500
1623469068293000,1,100.87937000,4.4600
1623469105942000,1,450.00000000,4.4400
1623469106021000,1,98.12240635,4.4400
1623469106021000,1,304.10898883,4.4400
1623469106021000,1,39.25117764,4.4400
1623469244803000,1,93.83500175,4.4300
1623469244803000,1,37.53892706,4.4300
1623469397966000,1,50.61595000,4.4500
1623469420922000,1,49.47180000,4.4500
1623469741561000,0,197.23840406,4.4200
1623469803332000,1,111.96063271,4.4200
1623469949622000,0,4490.88686023,4.4500
1623469949740000,0,509.11313000,4.4500
1623469950134000,0,0.00000977,4.4500
1623469984169000,1,44.19479016,4.4500
1623470009042000,1,44.46809000,4.4500
1623470088691000,0,41.67052922,4.4700
1623470088701000,0,79.99999999,4.4700
1623470088751000,0,67.00000000,4.4700
1623470088809000,0,267.00000000,4.4700
1623470192200000,1,33.32336593,4.4800
1623470192200000,1,83.30960298,4.4800
1623470310241000,0,310.20558509,4.5000
1623470310241000,0,19.79931492,4.5000
1623470330260000,1,23.64280404,4.5000
1623470330260000,1,59.08744593,4.5000
1623470371844000,1,49.68494046,4.4900
1623470371844000,1,19.88589954,4.4900
1623470433204000,0,27.70000000,4.4900
1623470433411000,0,159.82768372,4.4900
1623470434785000,1,28.02643156,4.4900
1623470438385000,1,28.82225089,4.4900
1623470454411000,1,28.61621694,4.5000
1623470454411000,1,71.52022306,4.5000
1623470488125000,1,23.36580314,4.5000
1623470559942000,1,37.36999584,4.5000
1623470610208000,1,11.21482630,4.4900
1623470636623000,1,9.76840438,4.4800
1623470704892000,1,11.21892600,4.4600
1623470704892000,1,28.04731499,4.4600
1623470720972000,1,122.03588038,4.4500
1623471356624000,1,12.20552000,4.4900
1623471394629000,1,10.92656916,4.4800
1623471394629000,1,27.31642291,4.4800
1623471404104000,0,126.57029591,4.4800
1623471441035000,0,177.21494320,4.4900
1623471441035000,0,332.53897550,4.4900
1623471441035000,0,223.28921415,4.4900
1623471441035000,0,386.16029626,4.4900
1623471518842000,1,9.83653342,4.4900
1623471520966000,0,9.83653000,4.4900
1623471520966000,0,450.00000000,4.4900
1623471566544000,1,296.20712586,4.4800
1623471566544000,1,63.60620523,4.4800
1623471566544000,1,24.47482872,4.4800
1623471566544000,1,9.46090019,4.4800
1623471774802000,0,60.77595372,4.4700
1623471774944000,0,179.22635585,4.4700
1623472041058000,1,471.31275648,4.4800
1623472116025000,0,229.84974241,4.4800
1623472116025000,0,223.47246430,4.4800
1623472116025000,0,350.00000000,4.4800
1623472116025000,0,652.11447786,4.4800
1623472116025000,0,588.69314343,4.4800
1623472116025000,0,74.00000000,4.4800
1623472116025000,0,631.75043286,4.4800
1623472116025000,0,330.43526785,4.4800
1623472116025000,0,1530.67766118,4.4800
1623472116025000,0,73.00000000,4.4900
1623472116025000,0,279.19227004,4.4900
1623472116025000,0,187.97184000,4.4900
1623472116025000,0,558.65815837,4.4900
1623472116025000,0,566.44733276,4.4900
1623472263628000,1,300.13708616,4.4800
1623472263628000,1,30.52423089,4.4800
1623472264693000,1,553.60937000,4.4800
1623472279331000,1,21.17732202,4.4700
1623472279331000,1,52.94330504,4.4700
1623472321063000,1,23.13230398,4.4600
1623472321063000,1,112.09406310,4.4600
1623472321063000,1,49.00403505,4.4600
1623472321247000,1,2.77042910,4.4600
1623472321247000,1,20.36186090,4.4600
1623472321296000,1,0.00001398,4.4600
1623472358924000,1,18.21952458,4.4500
1623472386723000,1,18.31610124,4.4400
1623472399710000,1,76.00000000,4.4300
1623472399710000,1,3.99613407,4.4300
1623472399902000,1,13.99097551,4.4300
1623472399902000,1,44.96777394,4.4300
1623472417804000,1,15.80530657,4.4300
1623472419168000,1,39.50255870,4.4300
1623472496281000,1,31.04976785,4.4300
1623472541063000,1,25.27519000,4.4400
1623472547110000,1,25.14875000,4.4400
1623472603814000,1,25.93995668,4.4400
1623472603814000,1,64.83396332,4.4400
1623472641774000,1,24.09209261,4.4400
1623472644829000,1,60.22673000,4.4400
1623472667194000,1,23.25059000,4.4400
1623472674911000,1,23.14007000,4.4400
1623472691302000,1,58.16205259,4.4300
1623472691302000,1,23.14655741,4.4300
1623472706516000,1,317.20641636,4.4200
1623472706516000,1,149.97362866,4.4200
1623472706516000,1,57.69190176,4.4200
1623472706516000,1,22.67851603,4.4200
1623472718029000,1,500.00000000,4.4200
1623472718029000,1,50.76149149,4.4200
1623472718029000,1,20.30459660,4.4200
1623472718029000,1,131.97987789,4.4200
1623472718029000,1,77.00000000,4.4100
1623472718029000,1,32.63421932,4.4100
1623472728425000,1,50.76962000,4.4200
1623472748112000,1,18.95096386,4.4200
1623472748112000,1,47.35752614,4.4200
1623472755217000,1,18.26973000,4.4200
1623472765986000,1,45.67705649,4.4100
1623472765986000,1,18.27629351,4.4100
1623472837607000,1,19.66236000,4.4300
1623472990399000,1,75.00000000,4.4000
1623472990635000,1,15.00000000,4.4000
1623472991004000,1,78.00000000,4.3900
1623472991004000,1,198.84171677,4.3900
1623473001028000,0,259.10682010,4.4000
1623473250604000,0,589.92803054,4.4400
1623473250604000,0,312.69603117,4.4400
1623473341291000,1,11.73299684,4.4400
1623473341291000,1,29.32991478,4.4400
1623473341291000,1,76.25993378,4.4400
1623473341291000,1,225.00145387,4.4400
1623473341291000,1,591.33015012,4.4400
1623473341291000,1,996.83000000,4.4400
1623473341291000,1,341.18243242,4.4400
1623473341291000,1,76.00000000,4.4400
1623473341376000,0,75.00000000,4.4400
1623473341393000,0,312.91400000,4.4400
1623473341398000,0,212.08597819,4.4400
1623473354845000,0,308.79882000,4.4400
1623473477748000,1,226.67539943,4.4000
1623473477748000,1,173.04260057,4.4000
1623473538352000,1,56.79299936,4.3900
1623473538352000,1,12.57216293,4.3900
1623473671521000,0,14.50000000,4.3800
1623473706992000,0,14.60000000,4.3900
1623473747919000,1,19.44701229,4.3700
1623473747919000,1,25.91862700,4.3700
1623473781799000,1,62.47591743,4.3600
1623473781799000,1,89.05900640,4.3600
1623473782063000,1,17.55145015,4.3600
1623473782063000,1,22.92570134,4.3600
1623473795788000,0,14.60000000,4.3800
1623473802930000,1,16.16308623,4.3700
1623474125367000,1,28.25133130,4.4200
1623474125367000,1,55.18403568,4.4200
1623474142151000,0,257.40276019,4.4200
1623474142151000,0,226.52558369,4.4200
1623474142151000,0,682.49288809,4.4200
1623474142151000,0,600.72629417,4.4200
1623474142260000,1,226.52558369,4.4200
1623474142374000,1,1407.81331550,4.4200
1623474147528000,0,807.36343115,4.4300
1623474278148000,0,119.94961416,4.4300
1623474406716000,0,274.88214000,4.3900
1623474615805000,0,272.79122956,4.4300
1623474682846000,1,31.47649000,4.4200
1623474682874000,1,0.00000092,4.4200
1623474696832000,0,273.07450000,4.4200
1623474709603000,0,272.73144000,4.4300
1623474723912000,0,11.23423423,4.4400
1623474731481000,0,293.68584028,4.4400
1623474731481000,0,272.11853605,4.4400
1623474893567000,1,105.30947910,4.4500
1623474893567000,1,291.37256595,4.4500
1623474893567000,1,624.70273974,4.4500
1623474904094000,1,110.77587133,4.4500
1623475162669000,0,270.94089000,4.4600
1623475251906000,1,6.00000000,4.4800
1623475336809000,1,312.91824481,4.4600
1623475336809000,1,629.14006732,4.4600
1623475336809000,1,274.02230621,4.4600
1623475336809000,1,105.42611376,4.4600
1623475336809000,1,42.17151428,4.4600
1623475336809000,1,600.24496644,4.4600
1623475340110000,0,2604.80356313,4.4600
1623475408048000,0,576.66939974,4.4700
1623475408048000,0,176.94181790,4.4700
1623475424388000,0,64.00000000,4.4800
1623475545746000,0,233.70149707,4.4600
1623475545746000,0,9.50478094,4.4600
1623475545760000,0,214.30581621,4.4600
1623475545860000,0,243.19282511,4.4600
1623475545905000,0,110.53302625,4.4600
1623475545905000,0,132.65979886,4.4600
1623475545918000,0,173.28130248,4.4600
1623475545918000,0,75.00000000,4.4700
1623475545918000,0,112.00127017,4.4700
1623475545918000,0,192.48861269,4.4700
1623475547097000,0,14.13582972,4.4600
1623475547266000,0,191.58139425,4.4600
1623475549928000,0,270.27027027,4.4600
1623475550031000,0,232.25752498,4.4600
1623475552678000,1,49.93190721,4.4600
1623475552705000,1,50.00000000,4.4600
1623475552725000,1,170.33759214,4.4600
1623475552725000,1,54.66240786,4.4600
1623475552799000,1,69.53463531,4.4600
1623475552819000,1,202.10185933,4.4600
1623475554079000,1,75.00000000,4.4600
1623475634443000,1,443.10506792,4.4600
1623475634450000,1,130.50044250,4.4600
1623475634602000,0,41.04560000,4.4700
1623475634826000,0,1230.47843556,4.4700
1623475634826000,0,111.28326861,4.4700
1623475635428000,0,75.00000000,4.4600
1623475635751000,1,227.14047128,4.4600
1623475635757000,1,47.85952872,4.4600
1623475636842000,0,224.31411053,4.4600
1623475641077000,0,18.86162617,4.4600
1623475648347000,0,75.00000000,4.4700
1623475648347000,0,189.90604026,4.4700
1623475665286000,1,202.11521665,4.4600
1623475665707000,1,297.88478335,4.4600
1623475665707000,1,55.41941665,4.4600
1623475665752000,1,56.09999999,4.4600
1623475665788000,1,201.24273019,4.4600
1623475674976000,0,114.98263086,4.4600
1623475674976000,0,242.72496914,4.4600
1623475675183000,0,39.30740000,4.4600
1623475709549000,0,35.07470058,4.4600
1623475709549000,0,235.32440255,4.4600
1623475714816000,0,264.87919463,4.4700
1623475714816000,0,74.48322146,4.4700
1623475714816000,0,190.18123136,4.4700
1623475714827000,0,95.27817624,4.4700
1623475714962000,0,169.56401886,4.4700
1623475715085000,0,129.19717065,4.4700
1623475715085000,0,520.72956835,4.4700
1623475715085000,0,200.28125682,4.4700
1623475715085000,0,297.33829302,4.4700
1623475715085000,0,8.01075812,4.4700
1623475715096000,0,72.25323270,4.4700
1623475715096000,0,16.59076151,4.4700
1623475715152000,0,38.39245013,4.4800
1623475715164000,1,33.18152302,4.4700
1623475715193000,1,75.00000000,4.4700
1623475715763000,1,61.38156634,4.4700
1623475718885000,0,63.79248735,4.4700
1623475719091000,0,25.51699494,4.4700
1623475723413000,0,245.39567385,4.4700
1623475723673000,0,87.02043352,4.4700
1623475725295000,1,75.00000000,4.4700
1623475726667000,0,332.01342281,4.4700
1623475746652000,0,41.43260000,4.4700
1623475769724000,0,31.19135000,4.4700
1623475771424000,0,100.20535714,4.4800
1623475803095000,0,23.43839605,4.4800
1623475803095000,0,58.59599012,4.4800
1623475829518000,1,23.64139831,4.4800
1623475829628000,1,128.70816552,4.4800
1623475829628000,1,87.09190430,4.4800
1623475829652000,1,53.00000000,4.4800
1623475836714000,1,161.29800561,4.4800
1623475836714000,1,134.10199439,4.4800
1623475836735000,1,149.86570284,4.4800
1623475836759000,1,156.20000000,4.4800
1623475836800000,1,122.20000000,4.4800
1623475841136000,1,30.48723000,4.4700
1623475841136000,1,224.19706716,4.4700
1623475841174000,1,33.90000000,4.4700
1623475841195000,1,67.12000000,4.4700
1623475915274000,0,41.21524934,4.4700
1623475915274000,0,106.91216283,4.4700
1623475915274000,0,16.46816783,4.4700
1623475967757000,0,6.00000000,4.4800
1623476110464000,1,299.60966402,4.4800
1623476172557000,0,223.44076576,4.4800
1623476172557000,0,330.10044642,4.4800
1623476172557000,0,246.45878782,4.4800
1623476244361000,1,59.69779289,4.4700
1623476287590000,0,4.76052304,4.4700
1623476287590000,0,11.90258607,4.4700
1623476287590000,0,30.93651436,4.4700
1623476287590000,0,223.90107200,4.4700
1623476413074000,1,42.70852017,4.4600
1623476413074000,1,54.64290268,4.4600
1623476417367000,1,13.12411500,4.4600
1623476421381000,0,32.03906000,4.4600
1623476443806000,1,303.27135529,4.4500
1623476443806000,1,35.72878506,4.4500
1623476656816000,1,42.82331150,4.4300
1623476656816000,1,290.14920905,4.4300
1623476780133000,1,71.00000000,4.4200
1623476780133000,1,29.20535714,4.4200
1623476810837000,1,455.00000000,4.4200
1623476835799000,1,158.56385000,4.4200
1623476835799000,1,289.13615000,4.4200
1623476878183000,0,129.11738148,4.4200
1623476899110000,1,340.78988246,4.4100
1623476905313000,1,309.21011754,4.4100
1623477059700000,0,137.20078000,4.3800
1623477067709000,0,0.00000020,4.3800
1623477068358000,1,137.14481980,4.3800
1623477068358000,1,500.00000000,4.3800
1623477135869000,1,497.99827374,4.3600
1623477233376000,0,312.91400000,4.3700
1623477773038000,0,57.36711711,4.4400
1623478035911000,1,301.98576833,4.4100
1623478224481000,0,297.39332802,4.4400
1623478224481000,0,581.87745455,4.4400
1623478794865000,0,9.22284214,4.4700
1623478795018000,0,1.96969053,4.4700
1623478795018000,0,25.32279728,4.4700
1623478829384000,0,94.99923240,4.4700
1623479848069000,0,24.25005099,4.4300
1623479848069000,0,60.49665068,4.4300
1623479848069000,0,157.32059455,4.4300
1623479865896000,0,14.38551311,4.4300
1623479885406000,0,12.92310038,4.4300
1623480124769000,0,152.42889390,4.4300
1623480129183000,1,58.90443282,4.4200
1623480129183000,1,147.22776054,4.4200
1623480129183000,1,314.43755560,4.4200
1623480129183000,1,599.81253288,4.4200
1623480129183000,1,382.71958785,4.4200
1623480347578000,0,106.81981981,4.4400
1623480457947000,0,302.20570012,4.4500
1623480457947000,0,577.33093437,4.4500
1623480531363000,0,13.14437811,4.4500
1623480531363000,0,136.33543397,4.4500
1623480538719000,0,17.65125967,4.4500
1623480538719000,0,44.12814918,4.4500
1623480782824000,0,100.00000000,4.4700
1623481020301000,0,8.44553240,4.4800
1623481439785000,1,0.44923845,4.5100
1623481439785000,1,18.99523696,4.5100
1623481440066000,0,27.58407079,4.5200
1623481714654000,0,4.39427312,4.5400
1623481896412000,0,75.00000000,4.5300
1623481896525000,0,48.33667836,4.5400
1623481948672000,1,5.64916080,4.5400
1623481948672000,1,14.12290200,4.5400
1623482062305000,0,5.95560649,4.5500
1623482193825000,0,74.99999999,4.5500
1623482193922000,0,0.00000001,4.5500
1623482369014000,1,6.86729441,4.5500
1623482693876000,1,9.90616467,4.5500
1623482693876000,1,24.76541169,4.5500
1623482760578000,1,71.99659693,4.5400
1623482760578000,1,11.07578869,4.5400
1623482760578000,1,27.69007862,4.5400
1623482812072000,1,11.21796046,4.5400
1623482903088000,1,22.59328483,4.5300
1623482903088000,1,150.63452979,4.5300
1623482903289000,1,133.46721401,4.5300
1623482903289000,1,608.94980459,4.5300
1623482903289000,1,9.04189140,4.5300
1623483130346000,1,5.73847379,4.5300
1623483230112000,1,14.02165945,4.5300
1623483230112000,1,36.45029966,4.5300
1623483502304000,0,17.20000000,4.5500
1623483662510000,1,22.17905610,4.5400
1623483662675000,1,10.73414541,4.5400
1623483662675000,1,11.39053096,4.5400
1623483876607000,1,36.50282908,4.5600
1623483967652000,1,15.52985453,4.5500
1623483967652000,1,38.75220493,4.5500
1623483967674000,1,0.07243139,4.5500
1623483967674000,1,100.94405443,4.5500
1623483967674000,1,219.62834654,4.5500
1623484008706000,0,75.00000000,4.5600
1623484139187000,1,10.82579753,4.5600
1623484183964000,1,27.53435717,4.5600
1623484367900000,1,38.85375878,4.5600
1623484398588000,1,97.15157817,4.5500
1623484514286000,1,241.74911929,4.5500
1623484514286000,1,35.27605082,4.5500
1623484514286000,1,88.19012705,4.5500
1623484720960000,0,18.32873251,4.5400
1623484862312000,0,7.33665511,4.5400
1623484862312000,0,156.28452489,4.5400
1623485813280000,0,56.76103385,4.5600
1623485813280000,0,219.64039565,4.5600
1623486050805000,0,153.34756512,4.5500
1623486050805000,0,46.72933488,4.5500
1623486050918000,0,14.59106661,4.5500
1623486183426000,1,72.35939773,4.5600
1623486347143000,1,64.80855574,4.5500
1623486537682000,0,46.49069663,4.5400
1623486537682000,0,8.44322407,4.5400
1623486600083000,1,12.20102770,4.5300
1623486600083000,1,68.26879053,4.5300
1623486685578000,0,47.05179467,4.5200
1623486685578000,0,73.00000000,4.5200
1623486964289000,1,22.53705830,4.5100
1623487275481000,1,82.67128383,4.5100
1623487608716000,1,73.00000000,4.4900
1623487608716000,1,27.00000000,4.4900
1623487631542000,1,54.93392070,4.4900
1623487738718000,0,309.22995701,4.5000
1623487836545000,1,65.31970724,4.4800
1623487836669000,1,12.68029276,4.4800
1623487836669000,1,27.66970724,4.4800
1623487838104000,1,52.62638193,4.4800
1623487869087000,1,69.37776323,4.4800
1623487978862000,1,62.18876000,4.4900
1623489208102000,1,36.16255072,4.5300
1623489221299000,1,302.14355018,4.5200
1623489221299000,1,85.28078475,4.5200
1623489251515000,1,33.63140728,4.5100
1623489642199000,1,65.27815805,4.5400
1623489698411000,1,62.97448353,4.5400
1623489760456000,1,153.15303340,4.5400
1623489933067000,0,61.62420000,4.5200
1623490002643000,0,11.58174705,4.5200
1623490097809000,0,50.00000000,4.5300
1623490340341000,1,118.48659050,4.5000
1623490340341000,1,47.39761496,4.5000
1623490442020000,1,232.25492391,4.5000
1623490684102000,1,45.48609366,4.4900
1623491021948000,0,43.00602669,4.5100
1623491021948000,0,98.95309221,4.5100
1623491021948000,0,73.00000000,4.5200
1623491021948000,0,186.88758000,4.5200
1623491021948000,0,298.15330110,4.5200
1623491164239000,0,31.19812000,4.5000
1623491471383000,1,55.43110889,4.5000
1623492071559000,1,19.06311771,4.5200
1623492074537000,0,36.36829601,4.5200
1623492160969000,0,20.13023876,4.5200
1623492191613000,1,46.80902928,4.5200
1623492191613000,1,8.49849064,4.5200
1623492316396000,0,291.44814298,4.5300
1623492431606000,1,55.30751992,4.5200
1623492467490000,0,21.36260129,4.5200
1623492467490000,0,53.43528769,4.5200
1623492467490000,0,138.58838985,4.5200
1623492467490000,0,569.58420519,4.5200
1623492467490000,0,41.53282723,4.5200
1623492577898000,0,22.62717000,4.4900
1623492835154000,1,63.00000000,4.4700
1623492835158000,1,239.69943919,4.4700
1623492835158000,1,144.08821775,4.4700
1623492835179000,1,330.93434634,4.4700
1623492835186000,1,118.69868046,4.4700
1623492839069000,1,133.85697291,4.4600
1623492839069000,1,53.55270164,4.4600
1623492839069000,1,151.14775690,4.4600
1623492885121000,1,390.99468867,4.4500
1623492885130000,1,199.60119266,4.4500
1623492886021000,1,279.40411867,4.4500
1623492948566000,1,43.62104979,4.4400
1623492948566000,1,225.14833776,4.4300
1623492948566000,1,602.21428571,4.4300
1623492948566000,1,289.06439246,4.4300
1623492948566000,1,189.61625000,4.4300
1623492948566000,1,339.44695258,4.4300
1623492948566000,1,278.59122564,4.4300
1623492948566000,1,798.00000000,4.4300
1623492948566000,1,108.25713348,4.4300
1623492948566000,1,527.52679791,4.4200
1623492957053000,1,34.64473192,4.4300
1623492957938000,1,39.15326006,4.4300
1623492961918000,1,98.94410361,4.4200
1623492962481000,1,98.01210691,4.4200
1623492962481000,1,37.96181461,4.4200
1623493000618000,0,85.15753000,4.4200
1623493093200000,1,47.58618871,4.4200
1623493439425000,1,291.34176556,4.4300
1623493439425000,1,112.06012545,4.4300
1623493439425000,1,11.62499050,4.4300
1623493439486000,1,33.23054289,4.4300
1623493500334000,1,627.26167038,4.4200
1623493500334000,1,296.53032119,4.4200
1623493500334000,1,225.71695277,4.4200
1623493500334000,1,274.99358867,4.4200
1623493500334000,1,105.78413866,4.4200
1623493500334000,1,42.33476763,4.4200
1623493500334000,1,241.43873858,4.4200
1623493519299000,1,74.65737932,4.4300
1623493520930000,0,82.25894323,4.4400
1623493520930000,0,144.55711928,4.4400
1623493565763000,0,75.00000000,4.4500
1623493620202000,0,75.00000000,4.4600
1623493636963000,0,448.02999974,4.4600
1623493637062000,0,53.90310810,4.4600
1623493637062000,0,202.71217750,4.4600
1623493637125000,0,95.70735707,4.4600
1623493657091000,0,225.92054385,4.4700
1623493706797000,0,28.98814590,4.4800
1623493706832000,0,72.47036475,4.4800
1623493721034000,0,76.88771530,4.4800
1623493721034000,0,272.51377950,4.4800
1623493752055000,0,77.62877525,4.4800
1623493752055000,0,350.00000000,4.4800
1623493752055000,0,215.97820418,4.4800
1623493752055000,0,193.63433931,4.4800
1623493752055000,0,411.31101979,4.4800
1623493760526000,1,55.80312976,4.4700
1623493781226000,1,28.30686000,4.4900
1623493825678000,0,50.90552056,4.5000
1623493825957000,0,61.39646770,4.5000
1623493837784000,0,207.90959773,4.5100
1623493837784000,0,124.09960227,4.5100
1623493872623000,1,32.48238664,4.5200
1623493872623000,1,22.82513328,4.5200
1623493927137000,1,75.00000000,4.5600
1623493927192000,1,477.27914000,4.5600
1623494029205000,0,54.82378635,4.5500
1623494096601000,0,336.07922159,4.5700
1623494103845000,0,13.30000000,4.5800
1623494104442000,0,33.10392510,4.5800
1623494130439000,1,34.63256000,4.5800
1623494130522000,1,0.00000253,4.5800
1623494130522000,1,86.57207747,4.5800
1623494352717000,1,32.81505000,4.6000
1623494535834000,1,53.77044996,4.6200
1623494689017000,1,37.25722487,4.6300
1623494794635000,1,38.43951052,4.6400
1623494841755000,1,39.52758740,4.6400
1623494878253000,1,30.94871575,4.6400
1623494878253000,1,77.34963425,4.6400
1623494894936000,0,215.32408927,4.6500
1623494894936000,0,233.97318419,4.6500
1623494904732000,1,23.37163392,4.6400
1623494904732000,1,58.42908480,4.6400
1623494909040000,1,50.36151811,4.6300
1623494909040000,1,20.14460725,4.6300
1623494971377000,1,7.83669653,4.6300
1623494971979000,1,19.58900712,4.6300
1623494977192000,1,8.38526993,4.6300
1623494989568000,0,305.18176908,4.6400
1623494989568000,0,216.11222662,4.6400
1623494989568000,0,570.63413139,4.6400
1623494989568000,0,508.02230394,4.6400
1623494997822000,0,650.36098054,4.6500
1623494997822000,0,249.24715664,4.6500
1623494997822000,0,76.00000000,4.6500
1623494997822000,0,350.00000000,4.6500
1623494997822000,0,215.53380649,4.6500
1623494997822000,0,53.85160471,4.6500
1623495077686000,1,19.07119814,4.6300
1623495077686000,1,300.30964200,4.6300
1623495229324000,1,169.15333712,4.6200
1623495229330000,1,114.07267208,4.6200
1623495229330000,1,44.36282792,4.6200
1623495322211000,0,572.38858970,4.6300
1623495322211000,0,35.31118930,4.6300
1623495324867000,0,411.04843849,4.6300
1623495324867000,0,151.26960151,4.6300
1623495327456000,0,148.52075196,4.6300
1623495330422000,0,41.77146149,4.6300
1623495354137000,1,102.39809658,4.6300
1623495369279000,1,150.85244337,4.6300
1623495389941000,1,158.00000000,4.6200
1623495705894000,1,301.52511039,4.6200
1623495786883000,0,305.86126065,4.6200
1623495786883000,0,75.57774480,4.6200
1623495881040000,0,152.93274200,4.6200
1623496362138000,1,42.23029449,4.6000
1623496366805000,1,241.11288403,4.6000
1623496366805000,1,147.78711597,4.6000
1623496366810000,1,326.12660000,4.6000
1623496366839000,1,140.39538562,4.6000
1623496368115000,1,61.52150124,4.5900
1623497341373000,1,282.69716615,4.5500
1623497341373000,1,607.99313734,4.5500
1623497401518000,1,21.89461438,4.5400
1623497560128000,1,78.44395775,4.5500
1623497560156000,1,0.14465726,4.5500
1623497668763000,1,78.36552626,4.5400
1623497668763000,1,192.82322335,4.5400
1623497668763000,1,1328.76168142,4.5300
1623497677004000,1,492.45088505,4.5400
1623497677004000,1,996.83000000,4.5400
1623497677004000,1,105.71266333,4.5400
1623497787415000,0,128.30301542,4.5500
1623497790106000,1,184.67788000,4.5500
1623497790254000,1,0.00000698,4.5500
1623498075704000,1,79.12187894,4.5500
1623498075704000,1,4.44943072,4.5500
1623498280140000,1,78.68227581,4.5500
1623498280140000,1,196.68329419,4.5500
1623498530474000,0,196.81574000,4.5800
1623498575378000,0,0.00000993,4.5800
1623498661929000,1,87.23786820,4.5800
1623498712695000,1,86.78258814,4.5800
1623498712695000,1,34.75104013,4.5800
1623498712818000,1,182.20054775,4.5800
1623498712818000,1,21.79945225,4.5800
1623498732750000,1,546.35359616,4.5800
1623498732750000,1,300.00000000,4.5800
1623498732750000,1,155.08100310,4.5700
1623498766466000,0,325.33194066,4.5900
1623498772297000,0,75.00000000,4.6000
1623498774378000,1,93.81646582,4.6000
1623498779320000,1,10.92986942,4.5900
1623498780070000,1,93.42985957,4.5900
1623499157935000,1,84.28063581,4.6000
1623499495163000,0,284.07537159,4.6000
1623499495163000,0,583.49620535,4.6000
1623499495163000,0,321.61956521,4.6000
1623499495163000,0,282.78421297,4.6000
1623499495163000,0,73.00000000,4.6100
1623499495163000,0,34.73608816,4.6100
1623499503430000,0,141.39210648,4.6100
1623499503430000,0,322.80911062,4.6100
1623499503430000,0,77.00000000,4.6200
1623499503430000,0,320.62906724,4.6200
1623499503430000,0,712.26538929,4.6200
1623499848316000,1,83.14293711,4.6200
1623499848316000,1,207.80574303,4.6200
1623499848316000,1,31.64471882,4.6200
1623499909400000,0,493.30875860,4.6500
1623499909400000,0,298.47061262,4.6500
1623499909400000,0,76.00000000,4.6500
1623499909400000,0,182.33289000,4.6500
1623499909400000,0,132.55509983,4.6500
1623499909400000,0,317.90322580,4.6500
1623499909400000,0,381.14554218,4.6500
1623500033791000,1,67.89894211,4.6500
1623500436294000,1,49.15006277,4.6500
1623500885183000,1,12.10757250,4.6700
1623500885183000,1,4.84302900,4.6700
1623500949286000,0,75.00000000,4.6800
1623500949291000,0,87.07705288,4.6800
1623500949292000,0,96.22679491,4.6800
1623500977257000,1,13.92544792,4.6900
1623500977257000,1,5.57426885,4.6900
1623501025437000,1,581.90234519,4.6700
1623501025437000,1,304.88714071,4.6700
1623501025437000,1,35.35885231,4.6700
1623501025437000,1,5.44282098,4.6700
1623501025437000,1,13.60705244,4.6700
1623501025437000,1,74.00000000,4.6600
1623501025437000,1,3152.46888412,4.6600
1623501025437000,1,324.49570814,4.6600
1623501025437000,1,996.83000000,4.6600
1623501025437000,1,787.26998717,4.6600
1623501145077000,0,168.63163969,4.7000
1623501146327000,1,26.18432000,4.7000
1623501210326000,0,109.80316339,4.7200
1623501219121000,0,357.63252845,4.7300
1623501219121000,0,170.28705018,4.7300
1623501220496000,0,159.36827156,4.7300
1623501274371000,0,255.07691945,4.7300
1623501274371000,0,356.70073392,4.7300
1623501274371000,0,211.63119538,4.7300
1623501274371000,0,315.22198730,4.7300
1623501274371000,0,542.69685951,4.7300
1623501280120000,1,91.38818062,4.7200
1623501280120000,1,224.65612247,4.7200
1623501280270000,1,36.58478000,4.7200
1623501280311000,1,0.00000899,4.7200
1623501282616000,0,90.07591819,4.7200
1623501282616000,0,850.00000000,4.7200
1623501282616000,0,316.90677965,4.7200
1623501282616000,0,255.65875504,4.7200
1623501282616000,0,173.78273623,4.7300
1623501410378000,1,256.82901986,4.7300
1623501410644000,1,75.00000000,4.7300
1623501410830000,1,46.35708584,4.7300
1623501410866000,1,171.81389430,4.7300
1623501424403000,0,186.06156647,4.7400
1623501426193000,0,57.44409211,4.7400
1623501426279000,0,328.31806371,4.7400
1623501432266000,0,167.64705882,4.7600
1623501435528000,1,31.90366900,4.7400
1623501435575000,0,315.37894736,4.7500
1623501435575000,0,47.48690806,4.7500
1623501435575000,0,37.13414458,4.7500
1623501435589000,1,129.87154638,4.7400
1623501435711000,1,38.22478462,4.7400
1623501439587000,0,168.09633000,4.7400
1623501571050000,1,43.97831132,4.7300
1623501587860000,1,33.15059569,4.7400
1623501604401000,1,36.36149000,4.7400
1623501609085000,1,35.21826391,4.7400
1623501609085000,1,88.04564609,4.7400
1623501619419000,1,35.21826000,4.7300
1623501632489000,1,30.10406019,4.7200
1623501632489000,1,75.26167993,4.7200
1623501685188000,1,112.25506495,4.7100
1623501685188000,1,46.16526611,4.7100
1623501715851000,1,45.03421262,4.7100
1623501715851000,1,4.56871407,4.7100
1623501751848000,1,37.86275837,4.7100
1623501751848000,1,62.13724163,4.7100
1623501849464000,0,46.29199918,4.7400
1623501881062000,0,255.06263021,4.7300
1623501926125000,1,44.28752371,4.7300
1623501929049000,1,150.53000000,4.7200
1623501929407000,1,143.49277091,4.7200
1623501929407000,1,201.67722909,4.7200
1623501929609000,1,67.23535804,4.7200
1623501929747000,1,18.60411046,4.7200
1623502194109000,1,43.01834986,4.7100
1623502218010000,0,289.92828000,4.7200
1623502245777000,0,255.56101000,4.7300
1623502273503000,1,40.81258077,4.7200
1623502336369000,1,55.35055155,4.7200
1623502429738000,1,278.14846887,4.7100
1623502429738000,1,570.02355587,4.7100
1623502429738000,1,396.64615090,4.7100
1623502429738000,1,996.83000000,4.7100
1623502429738000,1,212.10312441,4.7100
1623502429738000,1,178.34394000,4.7100
1623502429738000,1,152.28792549,4.7100
1623502429738000,1,60.92613361,4.7100
1623502429980000,0,46.74424214,4.7100
1623502508896000,1,49.12300439,4.7300
1623502508896000,1,113.78971848,4.7300
1623502539905000,0,75.00000000,4.7300
1623502539982000,0,95.69961528,4.7300
1623502539983000,0,37.37851076,4.7300
1623502639073000,1,58.42443012,4.7300
1623502752943000,1,55.63129543,4.7400
1623503083618000,1,33.94712000,4.7200
1623503132057000,1,13.37625256,4.7100
1623503157496000,1,28.97206000,4.7100
1623503219627000,1,32.45776000,4.7100
1623503293540000,1,27.68895000,4.7000
1623503589269000,1,21.29214198,4.7100
1623503589269000,1,51.23962241,4.7100
1623503589269000,1,126.05983561,4.7100
1623503591899000,1,18.40612525,4.7100
1623503591908000,1,0.00000001,4.7100
1623503756001000,1,15.01100000,4.7100
1623503816811000,0,256.00087000,4.7200
1623503820956000,1,20.80220127,4.7200
1623503902791000,1,19.07989200,4.7200
1623503902791000,1,47.69163800,4.7200
1623503910700000,1,50.00000000,4.7100
1623504279664000,1,15.06566885,4.7000
1623504310343000,1,14.67013380,4.7000
1623504310343000,1,22.98862314,4.7000
1623505034532000,1,32.72305946,4.7300
1623505183829000,1,47.02211000,4.7200
1623505431226000,0,255.55730732,4.7200
1623505431226000,0,77.00000000,4.7300
1623505431226000,0,67.44269268,4.7300
1623505645600000,1,56.58403000,4.7500
1623505844569000,1,50.88947000,4.7500
1623506272145000,1,57.61267000,4.7400
1623506279931000,0,72.90765495,4.7400
1623506344089000,0,527.71645695,4.7400
1623506344089000,0,276.85102889,4.7400
1623507407137000,1,400.00000000,4.7100
1623507461111000,1,350.00000000,4.7100
1623507461111000,1,287.46658099,4.7100
1623507503342000,1,591.76079974,4.7000
1623508299662000,0,219.00000000,4.6900
1623508299700000,0,29.43000000,4.6900
1623508673679000,0,278.03235055,4.6800
1623508673679000,0,605.02361518,4.6800
1623508673679000,0,286.16983043,4.6800
1623508673679000,0,324.77564102,4.6800
1623508673679000,0,1178.36394743,4.6800
1623508777553000,1,214.24923134,4.6700
1623509100558000,1,51.00431037,4.6700
1623509361342000,1,300.49982140,4.6800
1623509361342000,1,570.77260200,4.6800
1623509361342000,1,83.21263296,4.6800
1623509361342000,1,726.84263920,4.6800
1623509369582000,1,207.96956994,4.6800
1623509369582000,1,213.42861426,4.6800
1623509369582000,1,996.83000000,4.6800
1623509369582000,1,268.19600491,4.6800
1623509392813000,0,257.79723808,4.6800
1623509392813000,0,644.61835077,4.6800
1623509392813000,0,277.35703407,4.6800
1623509392813000,0,256.06391554,4.6800
1623509975109000,1,77.45113926,4.6800
1623510263978000,0,256.67814943,4.7000
1623510263978000,0,350.00000000,4.7000
1623510263978000,0,641.87560120,4.7000
1623510263978000,0,418.11433447,4.7000
1623510272226000,0,696.94053350,4.7000
1623510272226000,0,290.14654773,4.7100
1623510272226000,0,76.00000000,4.7100
1623510272226000,0,603.85546767,4.7100
1623510519296000,1,303.88510207,4.7100
1623510519296000,1,19.21445431,4.7100
1623510872801000,1,150.00002093,4.6700
1623510872847000,1,170.00000000,4.6700
1623510876364000,1,25.54363478,4.6700
1623510903693000,1,85.52051728,4.6700
1623510917073000,1,316.08948272,4.6600
1623510939977000,1,56.60007317,4.6500
1623511233328000,0,30.19652399,4.6700
1623511875886000,1,90.32844232,4.6800
1623511875886000,1,225.74478762,4.6800
1623512060591000,1,564.88099108,4.6700
1623512060591000,1,213.90078941,4.6700
1623512060591000,1,179.87152000,4.6700
1623512060591000,1,302.83639593,4.6700
1623512060591000,1,77.00000000,4.6700
1623512060591000,1,328.17838868,4.6700
1623512068847000,1,668.65161132,4.6700
1623512068847000,1,325.85653104,4.6700
1623512068847000,1,542.06309492,4.6700
1623512068847000,1,130.37131162,4.6700
1623512087024000,0,583.62217782,4.6800
1623513150326000,1,25.38340000,4.6600
1623513615793000,1,203.49700854,4.6400
1623513615929000,1,196.50299146,4.6400
1623513675454000,0,75.00000000,4.6700
1623513675517000,0,17.18341241,4.6700
1623513675522000,0,232.70952119,4.6700
1623513696560000,0,74.00000000,4.7000
1623513696560000,0,67.34680851,4.7000
1623513943477000,0,213.30277232,4.7000
1623513943477000,0,320.39361702,4.7000
1623514330602000,0,569.68376977,4.6800
1623514542122000,0,232.30679289,4.6800
1623514542143000,0,22.00000000,4.6800
1623514542312000,0,29.91544252,4.6800
1623514542312000,0,9.78455748,4.6800
1623514543214000,0,573.68725935,4.6800
1623514689758000,0,286.79307749,4.6900
1623514689758000,0,577.26943874,4.6900
1623514689758000,0,74.00000000,4.7000
1623514689758000,0,146.79889101,4.7000
1623514782756000,0,533.48060918,4.7000
1623514782756000,0,278.23003459,4.7000
1623514782756000,0,179.31958000,4.7000
1623514782756000,0,318.98936170,4.7000
1623514782756000,0,373.06126559,4.7000
1623514790996000,0,403.71822490,4.7000
1623514790996000,0,678.49650000,4.7000
1623514790996000,0,533.34468599,4.7100
1623514790996000,0,68.30516389,4.7100
1623515067404000,1,103.98930052,4.7000
1623515266655000,1,138.41608252,4.7000
1623515266709000,1,42.59941638,4.7000
1623515502320000,1,65.26223865,4.7000
1623515822414000,1,150.00000000,4.7000
1623515869858000,1,63.00000000,4.7000
1623515869863000,1,43.00000000,4.7000
1623515869928000,1,45.89554235,4.7000
1623515869928000,1,271.47010975,4.7000
1623515972728000,1,275.46079213,4.6900
1623515972728000,1,149.53920787,4.6900
1623515972730000,1,320.20493116,4.6900
1623515995605000,1,106.83760683,4.6800
1623515995605000,1,216.22615012,4.6800
1623516003749000,1,332.60407035,4.6800
1623516561402000,1,209.38193042,4.6700
1623516561402000,1,996.83000000,4.6700
1623516561402000,1,476.86892064,4.6700
1623516569676000,1,67.40096888,4.6700
1623516569676000,1,213.93255544,4.6700
1623516569676000,1,76.00000000,4.6700
1623516569676000,1,179.87152000,4.6700
1623516569676000,1,83.41514613,4.6700
1623516569676000,1,996.83000000,4.6700
1623516569676000,1,66.41438433,4.6600
1623516631593000,0,75.00000000,4.6800
1623517271542000,1,205.21075207,4.6800
1623517271542000,1,44.78924793,4.6800
1623517453493000,0,571.73116891,4.6900
1623517453493000,0,300.34914677,4.6900
1623517453493000,0,813.21179519,4.6900
1623517461751000,0,183.61820481,4.6900
1623517461751000,0,76.00000000,4.6900
1623517461751000,0,179.49466000,4.6900
1623517461751000,0,319.02985073,4.6900
1623517461751000,0,928.94896889,4.6900
1623517734000000,0,54.50000000,4.7000
1623518221687000,1,178.96710414,4.7000
1623518221702000,1,54.88939940,4.7000
1623518306690000,1,313.77544488,4.6900
1623518329398000,1,295.79079628,4.6900
1623518626040000,1,297.79060940,4.6700
1623518626040000,1,509.57282175,4.6700
1623519006250000,0,285.00000000,4.7000
1623519006266000,0,306.26368492,4.7000
1623519006266000,0,11.13351508,4.7000
1623519006333000,0,124.25821407,4.7000
1623519316744000,0,128.24268615,4.7300
1623519316750000,0,67.35912166,4.7300
1623519316804000,0,17.83551801,4.7300
1623519316948000,0,58.05000000,4.7300
1623519694998000,1,17.20000000,4.7400
1623520201365000,1,314.30428676,4.7400
1623520201490000,1,262.47881627,4.7400
1623520201981000,1,23.54812059,4.7400
1623521630181000,0,282.96689065,4.7500
1623521630181000,0,104.39648517,4.7600
1623521742663000,1,81.41353161,4.7400
1623521742663000,1,192.65746132,4.7400
1623522062841000,1,13.37625257,4.7300
1623522717462000,1,603.36154287,4.7200
1623522717462000,1,529.26457002,4.7200
1623522717462000,1,203.59255743,4.7200
1623522717462000,1,81.45633038,4.7200
1623522717462000,1,277.63319495,4.7200
1623522717462000,1,996.83000000,4.7200
1623522717462000,1,76.00000000,4.7200
1623522717462000,1,211.62919941,4.7200
1623522717462000,1,321.45127117,4.7200
1623522717580000,0,389.72899732,4.7200
1623523256830000,0,29.27176259,4.7500
1623523487346000,0,99.99367419,4.7600
1623523487369000,0,215.00000000,4.7600
1623523487495000,0,25.21220271,4.7600
1623523487520000,0,56.72745608,4.7600
1623523487539000,0,169.29593700,4.7600
1623525122851000,1,46.31339023,4.7500
1623525122965000,1,39.02140418,4.7500
1623525204429000,1,82.11704047,4.7500
1623525466398000,1,600.79780435,4.7400
1623525466398000,1,199.18580835,4.7400
1623525466398000,1,80.81085822,4.7400
1623525508195000,1,80.31872618,4.7400
1623525508195000,1,200.78911271,4.7400
1623525656048000,1,39.82324510,4.7300
1623525691401000,1,76.91845745,4.7400
1623525691401000,1,192.24987834,4.7400
1623525723618000,0,75.00000000,4.7400
1623525726397000,0,155.83166421,4.7400
1623526874559000,1,16.06861000,4.7100
1623526874579000,1,186.69880185,4.7100
1623526874579000,1,81.12962414,4.7100
1623526875716000,1,116.40000000,4.7000
1623528106992000,0,603.28198559,4.7200
1623528106992000,0,283.80747169,4.7200
1623528489531000,0,276.44482546,4.7500
1623528489531000,0,39.47261497,4.7500
1623528489717000,0,533.10043702,4.7500
1623529043845000,1,82.05193860,4.7400
1623529043845000,1,205.08651626,4.7400
1623529749808000,1,81.07126576,4.7300
1623529757746000,1,21.11366245,4.7300
1623529762382000,1,59.29034735,4.7300
1623529762382000,1,201.01002451,4.7300
1623529791560000,1,201.24012709,4.7300
1623529884348000,0,28.49050349,4.7400
1623529995440000,0,4216.27150185,4.7400
1623529995911000,0,25.13021352,4.7400
1623529995958000,0,4215.13506926,4.7400
1623529996047000,0,186.65830622,4.7400
1623529996178000,0,525.03701746,4.7400
1623529996203000,0,333.00420971,4.7400
1623529996372000,0,75.00000000,4.7400
1623529996526000,0,4215.53744211,4.7400
1623529996535000,0,86.30806368,4.7400
1623529996540000,0,218.00974122,4.7400
1623529996572000,0,316.34910000,4.7400
1623529996573000,0,320.08999430,4.7400
1623529996593000,0,760.01463748,4.7400
1623529996597000,0,312.00000000,4.7400
1623529996633000,0,316.06420000,4.7400
1623529996647000,0,822.06814265,4.7400
1623529996685000,0,285.80610637,4.7400
1623529996758000,0,636.33964875,4.7400
1623529996773000,0,632.70434034,4.7400
1623529996775000,0,577.61139901,4.7400
1623529996838000,0,636.95386110,4.7400
1623529996856000,0,1243.35835101,4.7400
1623529996874000,0,312.80010000,4.7400
1623529996878000,0,123.68781990,4.7400
1623530016107000,1,91.78021851,4.7400
1623530040738000,1,586.87545357,4.7300
1623530040738000,1,294.09656954,4.7300
1623530163904000,1,91.55920302,4.7200
1623530571556000,1,286.00989956,4.7000
1623530571556000,1,137.15264475,4.7000
1623530573338000,1,54.30000000,4.6900
1623530573356000,1,42.01264547,4.6900
1623530675173000,1,87.81912756,4.6900
1623530701208000,1,79.84929153,4.6900
1623530701208000,1,199.67283226,4.6900
1623530735628000,0,94.91952434,4.7200
1623530735662000,0,119.00000000,4.7200
1623530738301000,0,75.00000000,4.7500
1623530738372000,1,510.13770591,4.7400
1623530738476000,0,78.47787189,4.7400
1623530738583000,0,312.91400000,4.7400
1623530738594000,0,154.77570130,4.7400
1623530748971000,1,78.56837481,4.7400
1623530748971000,1,196.49784940,4.7400
1623530760256000,1,74.33869570,4.7400
1623530760256000,1,185.85094227,4.7400
1623530760256000,1,270.42569203,4.7400
1623530760336000,1,212.78675787,4.7400
1623530762535000,0,177.21516213,4.7400
1623530766039000,0,254.52719141,4.7500
1623530766211000,0,485.47473000,4.7600
1623530769165000,1,74.65105478,4.7600
1623530769356000,0,88.94254019,4.7700
1623530881806000,1,6.41674281,4.7600
1623530912521000,1,185.44381238,4.7600
1623530912521000,1,74.17752495,4.7600
1623530912521000,1,75.75464469,4.7600
1623530937914000,0,575.45171561,4.7700
1623530954590000,1,72.77424699,4.7700
1623530954590000,1,181.92036337,4.7700
1623530954590000,1,345.63661326,4.7700
1623531025946000,0,109.78834145,4.7700
1623531026031000,0,88.94254019,4.7700
1623531110639000,0,182.25360715,4.7600
1623531110639000,0,43.98133630,4.7600
1623531140099000,0,400.00000000,4.7600
1623531157438000,0,350.00000000,4.7600
1623531167515000,0,253.60891896,4.7600
1623531167515000,0,400.00000000,4.7600
1623531220861000,1,74.26371657,4.7600
1623531262271000,0,450.00000000,4.7600
1623531428138000,0,289.83941824,4.7600
1623531604190000,0,7.07355479,4.7900
1623531705682000,1,73.92245032,4.7900
1623531705682000,1,18.85372685,4.7900
1623531705702000,1,331.14627315,4.7900
1623531705702000,1,17.95372685,4.7900
1623531706764000,1,166.90688901,4.7900
1623531713664000,1,72.23142846,4.7800
1623531714084000,0,228.86669375,4.7800
1623531715589000,0,171.13330625,4.7800
1623531715589000,0,53.34190699,4.7800
1623531766304000,1,350.00000000,4.7800
1623531820830000,1,350.00000000,4.7800
1623531940998000,0,77.00000000,4.7900
1623531940998000,0,37.57991064,4.7900
1623531941024000,0,16.95785868,4.7900
1623531941025000,0,139.51817626,4.7900
1623531941038000,0,58.45824474,4.7900
1623531949587000,0,650.00000000,4.8100
1623531949587000,0,350.00000000,4.8100
1623532041013000,1,269.13597966,4.8100
1623532126979000,0,10.00000000,4.8200
1623532126979000,0,65.00000000,4.8200
1623532127671000,0,626.10314126,4.8300
1623532127671000,0,250.43798316,4.8300
1623532145562000,1,498.18354223,4.8300
1623532145562000,1,191.64918136,4.8300
1623532145562000,1,76.69596641,4.8300
1623532145618000,1,0.00000423,4.8300
1623532148520000,0,250.58874988,4.8200
1623532171326000,1,74.34930184,4.8200
1623532171326000,1,185.79703602,4.8200
1623532171326000,1,483.05365214,4.8200
1623532171357000,1,72.00000000,4.8100
1623532171357000,1,174.63617000,4.8100
1623532171357000,1,207.20753900,4.8100
1623532171357000,1,139.30199810,4.8100
1623532171786000,1,588.00000000,4.8100
1623532171786000,1,278.00000000,4.8100
1623532213616000,0,109.76185868,4.8100
1623532219584000,1,70.89770132,4.8100
1623532510492000,1,141.65285782,4.8500
1623532512970000,1,26.82638618,4.8500
1623532514238000,1,26.08471383,4.8500
1623532514413000,1,18.69911112,4.8500
1623532655263000,1,80.31331492,4.8400
1623532786694000,1,7.01582672,4.8300
1623532786694000,1,538.40056779,4.8300
1623532788245000,1,74.60875385,4.8300
1623533025330000,0,175.90834764,4.8100
1623533157149000,0,91.87102128,4.8200
1623533158863000,0,92.61007619,4.8200
1623533185096000,0,66.43394086,4.8200
1623533185096000,0,99.35439103,4.8200
1623533241514000,1,291.62703608,4.8100
1623533526244000,1,586.60207040,4.8000
1623533526244000,1,78.10292960,4.8000
1623533529284000,0,252.20963883,4.7900
1623533529380000,1,811.00531415,4.7900
1623533545838000,1,720.00000000,4.7700
1623533878866000,1,900.00000000,4.7600
1623534008090000,1,750.00000000,4.7500
1623534031220000,1,112.80733331,4.7400
1623534291880000,1,75.00000000,4.7500
1623534806521000,0,79.73789848,4.7700
1623534806550000,0,209.63481615,4.7700
1623534806574000,0,20.96348161,4.7700
1623534806616000,0,248.14134067,4.7700
1623534806616000,0,179.55641804,4.7700
1623534806731000,0,116.79633507,4.7700
1623534950090000,0,177.52236550,4.7800
1623534952554000,0,252.60635720,4.7800
1623535793486000,1,312.96500000,4.7800
1623535922266000,1,209.49901000,4.7800
1623535922266000,1,101.80098970,4.7800
1623535922340000,1,748.19901030,4.7800
1623536030739000,1,96.54738168,4.7700
1623536030991000,1,403.45261832,4.7700
1623536030991000,1,579.67518700,4.7700
1623536030991000,1,292.09098492,4.7700
1623536182126000,1,850.00000000,4.7600
1623536370320000,1,210.90371302,4.7300
1623536370320000,1,221.08953072,4.7300
1623536370320000,1,88.45539050,4.7300
1623536370320000,1,90.92701464,4.7300
1623536370320000,1,996.83000000,4.7300
1623536370320000,1,74.00000000,4.7300
1623536370320000,1,572.74712984,4.7300
1623536370320000,1,736.56061252,4.7200
1623536370320000,1,21.11054894,4.7200
1623536370320000,1,72.00000000,4.7200
1623536370320000,1,180.13072368,4.7200
1623536420644000,1,133.55290628,4.7300
1623536420644000,1,179.07922996,4.7200
1623536534187000,1,84.52193247,4.7200
1623536574879000,1,81.95902999,4.7100
1623536574884000,1,0.00000001,4.7100
1623536747005000,0,280.12957836,4.7000
1623536747005000,0,561.70352795,4.7000
1623537714548000,0,301.62190967,4.7000
1623537714548000,0,567.01875188,4.7000
1623537882487000,0,450.00000000,4.7000
1623538205224000,0,317.62856100,4.6900
1623538375211000,0,256.77396059,4.7100
1623538375211000,0,154.97338548,4.7100
1623538450034000,0,63.55414012,4.7100
1623538666780000,0,315.69662676,4.7200
1623538852486000,0,86.86256647,4.7200
1623539127688000,1,43.24880012,4.7200
1623539589659000,0,300.00000000,4.7300
1623539787250000,1,75.00000000,4.7300
1623539920126000,1,207.43828983,4.7300
1623539921292000,1,211.56920825,4.7300
1623539922382000,1,211.56920825,4.7300
1623541005758000,1,323.32277594,4.7100
1623541028777000,1,292.05013431,4.7000
1623541028777000,1,31.24115400,4.7000
1623541665140000,1,42.25502786,4.7000
1623541667613000,1,407.74497214,4.7000
1623541667613000,1,18.11502786,4.7000
1623541667978000,1,75.00000000,4.7000
1623541671673000,1,38.40000000,4.7000
1623541695186000,1,29.06952509,4.6900
1623541695186000,1,184.44600816,4.6900
1623541695202000,1,565.55399184,4.6900
1623541699694000,1,11.79273504,4.6800
1623541711683000,1,104.30298366,4.6800
1623541942346000,0,298.76447593,4.6500
1623541972699000,1,75.00000000,4.6500
1623541972704000,1,448.14091123,4.6500
1623541972730000,1,321.71930000,4.6500
1623541972749000,1,319.16000000,4.6500
1623541972782000,1,325.24057997,4.6500
1623541972799000,1,321.02382901,4.6500
1623541972823000,1,1538.91049000,4.6500
1623541972887000,1,89.56944611,4.6500
1623542254866000,1,314.69600059,4.6200
1623542442900000,1,38.29885162,4.6500
1623542470098000,1,78.65098570,4.6400
1623542470230000,1,75.00000000,4.6400
1623542470342000,1,296.34901430,4.6400
1623542470342000,1,44.61684808,4.6400
1623542470363000,1,0.00000001,4.6400
1623542543219000,1,75.00000000,4.6300
1623542548616000,1,312.96500000,4.6300
1623542552777000,1,262.03500000,4.6300
1623542595601000,1,33.29828870,4.6200
1623542595601000,1,83.24584795,4.6200
1623542662820000,1,293.80250151,4.6000
1623542662820000,1,605.81542172,4.6000
1623542662820000,1,76.00000000,4.6000
1623542662820000,1,217.07883891,4.6000
1623542662820000,1,492.59534873,4.6000
1623542671082000,1,30.86726414,4.6100
1623542671082000,1,77.16569628,4.6100
1623542671082000,1,209.15022342,4.6100
1623542671082000,1,504.23465127,4.6000
1623542671082000,1,75.00000000,4.6000
1623542671082000,1,77.00000000,4.6000
1623542671082000,1,216.99886086,4.6000
1623542671082000,1,329.02173912,4.6000
1623542671082000,1,167.65324934,4.6000
1623543200060000,1,59.40181789,4.5800
1623543200106000,1,22.56621923,4.5800
1623543200107000,1,88.26223821,4.5800
1623543200107000,1,65.49748424,4.5800
1623543200107000,1,26.19841467,4.5800
1623543281809000,1,18.01401490,4.5800
1623543281809000,1,0.00000001,4.5800
1623543377143000,0,605.23478260,4.6000
1623543552106000,0,20.64488017,4.5900
1623543750818000,1,75.00000000,4.5700
1623543816835000,0,14.30000000,4.5700
1623543850888000,1,34.62493400,4.5600
1623543850888000,1,90.03469262,4.5600
1623543850889000,1,0.00000001,4.5600
1623543907613000,0,281.33629378,4.5700
1623544276257000,0,288.67350366,4.5800
1623544292757000,0,235.60377617,4.5800
1623544332812000,0,139.39710751,4.5900
1623544922301000,0,262.54929601,4.6000
1623545089245000,0,114.33917815,4.6100
1623545089300000,0,60.00000000,4.6100
1623545283169000,0,88.56056678,4.6300
1623545283204000,0,150.94706714,4.6300
1623545312606000,0,53.91051839,4.6400
1623545312644000,0,125.01886060,4.6400
1623545643916000,0,37.82789728,4.6500
1623545762611000,1,48.83682599,4.6600
1623545762611000,1,127.00202401,4.6600
1623545802719000,1,21.69610000,4.6600
1623545914141000,0,105.88973860,4.6600
1623545914472000,0,51.70000000,4.6600
1623545914589000,0,22.90000000,4.6600
1623545914744000,0,35.00000000,4.6600
1623545914776000,0,69.10000000,4.6600
1623545914993000,0,89.53000000,4.6600
1623545940822000,0,75.00000000,4.6600
1623546098014000,1,52.08024109,4.6600
1623546098014000,1,130.18352953,4.6600
1623546170606000,1,50.33862000,4.6700
1623546170677000,1,0.00000793,4.6700
1623546440972000,0,19.54396975,4.6700
1623546452660000,0,46.61448286,4.6800
1623546452672000,0,211.92515410,4.6800
1623546581102000,1,312.96500000,4.6900
1623546675316000,1,293.04862702,4.6900
1623546675316000,1,19.91637298,4.6900
1623546687853000,1,129.90595954,4.6900
1623547170968000,0,257.38410784,4.6900
1623547170968000,0,213.37860645,4.6900
1623547170968000,0,643.70002238,4.6900
1623547170968000,0,541.83363859,4.6900
1623547177013000,0,179.14359000,4.6900
1623547179213000,0,643.81301458,4.6900
1623547179213000,0,74.00000000,4.7000
1623547179213000,0,577.55428009,4.7000
1623547179213000,0,360.68549897,4.7000
1623547475622000,1,143.21746492,4.6700
1623547475622000,1,48.34178967,4.6700
1623547475727000,1,6.04079543,4.6700
1623547475727000,1,346.03652457,4.6700
1623547513064000,0,258.46667811,4.6700
1623547513064000,0,646.34168791,4.6700
1623547513715000,0,125.80066731,4.6800
1623547513825000,0,39.90000000,4.6800
1623547513890000,0,123.18545676,4.6800
1623547513890000,0,37.74454324,4.6800
1623547513892000,0,32.00000000,4.6800
1623547513938000,0,60.33000000,4.6800
1623547513944000,0,128.15909996,4.6800
1623547570647000,1,56.24870100,4.6700
1623547572457000,1,48.96613906,4.6700
1623547576381000,1,121.09003837,4.6700
1623547679275000,1,75.00000000,4.6700
1623547679398000,1,222.37866056,4.6700
1623547679398000,1,555.65021944,4.6700
1623547679423000,1,0.00000176,4.6700
1623547920119000,1,57.46534000,4.6900
1623548247393000,1,65.79864870,4.6800
1623549795465000,0,220.58786352,4.7000
1623549795465000,0,379.41213648,4.7000
1623549795539000,0,226.48979199,4.7000
1623550196874000,1,43.44318173,4.7000
1623550273389000,1,107.26016426,4.6900
1623550311657000,1,42.91702909,4.6800
1623550541785000,0,257.71669158,4.6900
1623550615378000,0,170.20659761,4.6900
1623550620024000,1,44.36192160,4.6900
1623550694837000,1,44.10827749,4.6800
1623550941146000,1,43.89723423,4.6700
1623550941146000,1,109.77062492,4.6700
1623551057725000,1,93.54833822,4.6600
1623551057725000,1,37.41799928,4.6600
1623551057725000,1,59.99925483,4.6600
1623551410729000,0,576.22707962,4.6800
1623551643938000,1,315.17306616,4.6700
1623552357713000,1,33.31549168,4.6700
1623553245550000,1,23.74039868,4.6400
1623553245561000,1,297.74747561,4.6400
1623553245598000,1,220.51256043,4.6400
1623553274793000,1,295.94996058,4.6300
1623553505990000,0,75.00000000,4.6200
1623553519598000,0,75.00000000,4.6200
1623553530878000,0,576.23488781,4.6200
1623553530878000,0,300.38429027,4.6200
1623553666822000,1,74.00000000,4.6000
1623553666822000,1,216.81106564,4.6000
1623553666822000,1,275.67527952,4.6000
1623553666822000,1,609.91023490,4.6000
1623553666822000,1,328.46739130,4.6000
1623553666822000,1,151.43240390,4.6000
1623553675079000,1,74.00000000,4.5900
1623553675079000,1,642.00000000,4.5900
1623553675079000,1,940.05279364,4.5900
1623553871113000,0,558.10760545,4.6000
1623553871113000,0,283.36185736,4.6000
1623553949431000,1,103.19768664,4.5900
1623553950827000,1,34.67074081,4.5900
1623554425925000,0,232.45314700,4.5800
1623554425925000,0,658.11201039,4.5800
1623554425925000,0,996.83000000,4.5800
1623554425925000,0,1711.45707076,4.5800
1623554425998000,1,75.00000000,4.5800
1623554426925000,1,312.96500000,4.5800
1623554429631000,1,387.71547308,4.5800
1623554429640000,1,205.73488381,4.5800
1623554429688000,1,188.93399316,4.5800
1623554429738000,1,124.55648438,4.5800
1623554429924000,1,41.05328059,4.5800
1623554429950000,1,339.15607942,4.5800
1623554446683000,1,218.52003541,4.5800
1623554451459000,1,97.39205169,4.5800
1623554451561000,1,594.54645908,4.5800
1623554451631000,1,24.91135067,4.5800
1623554451640000,1,312.96500000,4.5800
1623554451672000,1,23.46532705,4.5800
1623554451673000,1,55.47714549,4.5800
1623554451699000,1,50.00000000,4.5800
1623554451724000,1,281.00000000,4.5800
1623554451725000,1,292.28528631,4.5800
1623554451768000,1,45.86024079,4.5800
1623554451840000,1,65.73832340,4.5800
1623554451856000,1,164.22794893,4.5800
1623554451969000,1,119.44237943,4.5800
1623554452013000,1,138.42777680,4.5800
1623554461961000,1,250.36124648,4.5800
1623554463964000,1,47.91090196,4.5800
1623554473939000,1,4368.95939386,4.5800
1623554532893000,1,174.70000000,4.5800
1623554538823000,1,115.96086462,4.5800
1623554538921000,1,4369.84180489,4.5800
1623554539018000,1,149.02511829,4.5800
1623554539027000,1,200.25250986,4.5800
1623554542484000,1,424.11669214,4.5800
1623554542517000,1,60.38051859,4.5800
1623554542610000,1,312.96500000,4.5800
1623554574483000,0,77.34670323,4.5900
1623554574516000,0,185.82639965,4.5900
1623554640007000,1,88.65330409,4.5800
1623554640018000,1,117.76328627,4.5800
1623554640591000,1,3968.45903052,4.5800
1623554688474000,1,75.00000000,4.5600
1623554691213000,1,489.38785313,4.5600
1623554720252000,1,600.00000000,4.5600
1623554731062000,0,107.00977000,4.5600
1623554761659000,0,614.90248877,4.5600
1623554761659000,0,264.14186260,4.5600
1623554807546000,0,584.50727908,4.5700
1623554832799000,1,121.38153069,4.5700
1623554852807000,0,220.26925523,4.5700
1623554937509000,0,218.68772976,4.5700
1623554943584000,0,151.06257781,4.5700
1623555059565000,0,235.17686205,4.5900
1623555061796000,0,235.48908503,4.5900
1623555133189000,0,550.00000000,4.5900
1623555650299000,0,264.34657143,4.5600
1623555678034000,1,164.55265277,4.5600
1623555701932000,0,164.55265000,4.5600
1623555701932000,0,264.62477183,4.5600
1623555706960000,1,97.29931915,4.5500
1623555944122000,0,22.13263499,4.5900
1623556027566000,1,65.80000000,4.5700
1623556027840000,1,326.32310000,4.5700
1623556028229000,1,303.66660691,4.5700
1623556028229000,1,0.63339309,4.5700
1623556144111000,0,182.87192403,4.5700
1623556209682000,1,80.91940787,4.5600
1623556209682000,1,400.00000000,4.5600
1623556312229000,0,400.00000000,4.5700
1623556529366000,1,19.47691870,4.5600
1623556529366000,1,400.00000000,4.5600
1623556773134000,1,80.76187421,4.5500
1623556773134000,1,201.93111296,4.5500
1623556773134000,1,150.00000000,4.5500
1623556773134000,1,513.92579972,4.5500
1623556773134000,1,219.59122234,4.5500
1623556773134000,1,996.83000000,4.5500
1623556773134000,1,76.00000000,4.5500
1623556773134000,1,332.57142857,4.5500
1623556773134000,1,72.00000000,4.5400
1623556773134000,1,284.77270991,4.5400
1623556773134000,1,569.47953858,4.5400
1623556773134000,1,219.69409501,4.5400
1623556773134000,1,4292.67903413,4.5400
1623556811994000,0,324.87298000,4.5400
1623556967968000,1,68.51277054,4.5400
1623557003229000,1,37.88761521,4.5400
1623557003229000,1,94.72249984,4.5400
1623557020365000,1,87.75371000,4.5400
1623557020365000,1,200.00000000,4.5400
1623557020365000,1,33.31130032,4.5400
1623557110699000,0,201.16843440,4.5500
1623557157174000,0,287.21477095,4.5500
1623557157174000,0,38.27157704,4.5500
1623557186700000,0,568.12524029,4.5500
1623557186700000,0,301.14676269,4.5500
1623557188214000,1,28.29482000,4.5500
1623557188447000,1,0.00000970,4.5500
1623557193197000,0,900.00000000,4.5500
1623557280935000,1,70.34155078,4.5500
1623557280935000,1,182.89009615,4.5500
1623557472923000,0,120.60610048,4.5600
1623557472959000,0,92.09920399,4.5600
1623557473571000,0,445.10923800,4.5600
1623557505080000,1,62.03413593,4.5600
1623557505080000,1,24.82144509,4.5600
1623557655619000,1,23.19207336,4.5600
1623557655619000,1,57.99510239,4.5600
1623558152835000,1,278.25560383,4.5600
1623558152835000,1,34.70939617,4.5600
1623558190021000,1,148.15281553,4.5600
1623558190047000,1,28.54069244,4.5600
1623558190103000,1,249.99999999,4.5600
1623558190149000,1,96.41566169,4.5600
1623558440153000,0,288.87110933,4.5600
1623558440153000,0,41.05461922,4.5600
1623558440159000,0,435.59999999,4.5600
1623558859312000,1,275.90143502,4.5600
1623558859312000,1,585.66740919,4.5600
1623558859312000,1,32.04934562,4.5600
1623558977879000,1,69.70371343,4.5500
1623558977879000,1,27.88395928,4.5500
1623559399637000,0,258.21567378,4.5500
1623559399705000,0,300.36479832,4.5500
1623559399705000,0,591.86150088,4.5500
1623559438542000,0,264.88409402,4.5600
1623559438542000,0,400.00000000,4.5600
1623559515853000,1,26.96192498,4.5500
1623559712968000,0,237.34196528,4.5600
1623560349239000,1,75.00000000,4.5800
1623560349296000,1,208.89237947,4.5800
1623560349296000,1,553.65597414,4.5800
1623560349296000,1,59.85519464,4.5800
1623560410004000,1,75.00000000,4.5600
1623560479763000,0,59.49795120,4.5500
1623560570763000,0,294.50154116,4.5500
1623560570763000,0,560.72287869,4.5500
1623560611289000,1,37.45043712,4.5500
1623560639482000,1,556.74004508,4.5400
1623560639482000,1,298.56927744,4.5400
1623560639482000,1,37.47838536,4.5400
1623560649500000,1,91.97906506,4.5400
1623560673050000,1,48.91740782,4.5400
1623560673050000,1,26.08259218,4.5400
1623560956992000,1,41.65202054,4.5300
1623560956992000,1,104.14384981,4.5300
1623561009806000,1,26.50313707,4.5300
1623561009819000,1,13.70031387,4.5300
1623561009819000,1,36.29968612,4.5300
1623561204133000,1,334.74557521,4.5200
1623561204133000,1,64.97242479,4.5200
1623561204171000,1,302.68234758,4.5200
1623561204232000,1,551.61384107,4.5200
1623561204298000,1,77.00000000,4.5200
1623561204298000,1,172.71518300,4.5200
1623561204450000,1,48.14610715,4.5200
1623561204450000,1,12.23503325,4.5100
1623561204450000,1,77.00000000,4.5100
1623561204450000,1,112.74298898,4.5100
1623561204496000,1,90.99800000,4.5100
1623561204583000,0,712.17419755,4.5200
1623561324331000,1,90.99800000,4.5100
1623561397383000,0,27.40000000,4.5100
1623561521199000,0,611.27654919,4.5100
1623561521199000,0,290.17789084,4.5100
1623562695233000,1,5.12783505,4.5100
1623562880336000,1,298.19988091,4.5100
1623563256113000,0,72.00000000,4.5100
1623563256113000,0,50.49002217,4.5100
1623563282145000,0,582.31858020,4.5100
1623563282145000,0,308.35256100,4.5100
1623563458882000,1,563.98891260,4.5000
1623563489505000,1,222.11532633,4.4900
1623563489505000,1,298.77612622,4.4900
1623563489505000,1,571.77189803,4.4900
1623563489505000,1,77.00000000,4.4900
1623563489505000,1,334.20935411,4.4900
1623563489505000,1,75.83873859,4.4900
1623563497761000,1,920.99126141,4.4900
1623563497761000,1,73.00000000,4.4900
1623563497761000,1,75.00000000,4.4900
1623563497761000,1,222.33995106,4.4900
1623563497761000,1,282.76446116,4.4900
1623563520581000,0,302.46263676,4.5000
1623564083808000,0,14.40000000,4.5000
1623564114274000,0,286.03586106,4.5000
1623564114274000,0,286.41747227,4.5000
1623564154858000,0,400.00000000,4.5000
1623564595415000,0,267.24958752,4.5100
1623564750441000,0,166.69916788,4.5200
1623564921002000,0,266.72577967,4.5200
1623564921002000,0,265.85878770,4.5200
1623565177695000,0,267.84734191,4.5100
1623565177695000,0,564.87465934,4.5100
1623565177695000,0,305.00470501,4.5100
1623565177695000,0,452.89635360,4.5100
1623565182499000,0,543.93364640,4.5100
1623565182499000,0,221.90323307,4.5100
1623565182499000,0,668.89060948,4.5100
1623565182499000,0,65.27251105,4.5100
1623565182551000,0,330.76496673,4.5100
1623565182551000,0,446.74069364,4.5100
1623565182553000,0,777.50566037,4.5100
1623565182557000,0,514.57906807,4.5100
1623565182606000,0,72.00000000,4.5200
1623565182606000,0,101.86922098,4.5200
1623565182606000,0,11.97147902,4.5200
1623565182781000,0,77.00000000,4.5200
1623565182987000,0,75.00000000,4.5300
1623565185514000,1,73.00000000,4.5300
1623565185514000,1,816.00000000,4.5300
1623565185931000,0,265.36866805,4.5500
1623565185931000,0,663.16475007,4.5500
1623565185931000,0,73.00000000,4.5500
1623565185931000,0,574.45559286,4.5500
1623565188207000,0,75.00000000,4.5500
1623565188262000,0,1648.49987848,4.5500
1623565189039000,1,52.22388000,4.5500
1623565189134000,1,0.00000716,4.5500
1623565189925000,0,74.99999284,4.5500
1623565189925000,0,700.00000000,4.5500
1623565189925000,0,77.00000000,4.5500
1623565195538000,0,77.00000000,4.5600
1623565195538000,0,186.63348000,4.5600
1623565195538000,0,265.07831615,4.5600
1623565195538000,0,131.24747385,4.5600
1623565197011000,1,56.25114936,4.5600
1623565197381000,0,18.74885064,4.5600
1623565199603000,1,144.70798743,4.5600
1623565199652000,1,0.00000001,4.5600
1623565199789000,1,376.24076000,4.5500
1623565199963000,1,0.00000735,4.5500
1623565199963000,1,56.25113265,4.5500
1623565200043000,1,0.00001671,4.5500
1623565200043000,1,144.70796329,4.5500
1623565210338000,1,54.27174211,4.5600
1623565210338000,1,135.69440409,4.5600
1623565210338000,1,352.58064380,4.5600
1623565210931000,1,352.58065193,4.5500
1623565210931000,1,135.70604807,4.5500
1623565222911000,0,75.00000000,4.5700
1623565223204000,1,44.97693810,4.5700
1623565223204000,1,30.02306190,4.5700
1623565225142000,1,307.52833601,4.5700
1623565239226000,1,108.34886000,4.5700
1623565248128000,0,263.83368735,4.5700
1623565248128000,0,659.70184587,4.5700
1623565248128000,0,186.63348000,4.5700
1623565338251000,0,263.18551343,4.5900
1623565338251000,0,343.02770657,4.5900
1623565386604000,0,20.00000000,4.6100
1623565386649000,0,26.07165395,4.6100
1623565386650000,0,26.00000000,4.6100
1623565407479000,0,75.00000000,4.6000
1623565407579000,0,530.23478260,4.6000
1623565481507000,1,216.69190000,4.6100
1623565495025000,1,0.00000003,4.6100
1623565495025000,1,28.85443059,4.6100
1623565495025000,1,22.74556938,4.6100
1623565526847000,1,25.10414208,4.6100
1623565526888000,1,1.29859908,4.6100
1623565526888000,1,60.53290091,4.6100
1623565579448000,0,250.00000000,4.6200
1623565579600000,0,75.00000000,4.6200
1623565579603000,0,569.78687448,4.6200
1623565579636000,0,9.10209265,4.6200
1623565579636000,0,38.06472672,4.6200
1623565579638000,0,120.47769295,4.6200
1623565579639000,0,102.94294562,4.6200
1623565580407000,0,222.37644814,4.6400
1623565585617000,1,27.85346319,4.6500
1623565600562000,1,69.27292461,4.6500
1623565600562000,1,179.99645539,4.6500
1623565600781000,1,0.00000816,4.6500
1623565601256000,1,180.09527937,4.6400
1623565601256000,1,69.32239641,4.6400
1623565601256000,1,27.72895856,4.6400
1623565601457000,0,117.84217566,4.6400
1623565601622000,1,422.10693000,4.6400
1623565601724000,1,117.84218000,4.6400
1623565601802000,1,0.00000161,4.6400
1623565604414000,0,259.85905000,4.6400
1623565634455000,0,579.93591544,4.6700
1623565634455000,0,293.95600456,4.6700
1623565846659000,1,36.00000000,4.6600
1623565846660000,1,65.33014442,4.6600
1623565846680000,1,129.94978555,4.6600
1623565848334000,0,75.00000000,4.6600
1623565851816000,1,556.33217052,4.6500
1623565851816000,1,76.00000000,4.6500
1623565851816000,1,317.96774193,4.6500
1623565852146000,1,75.00000000,4.6500
1623565852204000,1,199.83729602,4.6500
1623565852214000,1,936.11143519,4.6500
1623565855275000,1,1100.00000000,4.6300
1623565855356000,1,1562.09611000,4.6300
1623565867293000,1,77.00000000,4.6200
1623565867293000,1,588.48316464,4.6200
1623565867293000,1,215.64106282,4.6200
1623565867293000,1,181.81817254,4.6200
1623565883187000,1,21.28908386,4.6200
1623565883187000,1,53.23053774,4.6200
1623565883187000,1,138.42974840,4.6200
1623565883219000,1,0.00001512,4.6200
1623565885513000,1,21.31837254,4.6100
1623565885513000,1,53.31444015,4.6100
1623565885513000,1,138.42975731,4.6100
1623565901158000,0,179.62224000,4.6100
1623565901158000,0,554.11297794,4.6100
1623565928758000,0,297.71640387,4.6200
1623565928758000,0,593.78686288,4.6200
1623566075759000,0,73.00000000,4.6300
1623566075759000,0,216.58654222,4.6300
1623566075759000,0,996.83000000,4.6300
1623566075759000,0,189.98642158,4.6300
1623566075759000,0,194.99444440,4.6300
1623566084000000,0,323.13174945,4.6300
1623566084000000,0,73.00000000,4.6300
1623566084000000,0,216.47768223,4.6300
1623566084000000,0,996.83000000,4.6300
1623566084000000,0,62.86078430,4.6300
1623566198124000,0,244.65691015,4.6200
1623566198124000,0,652.35683807,4.6200
1623566198124000,0,1696.52487753,4.6200
1623566198124000,0,216.62198425,4.6200
1623566198383000,0,0.00002051,4.6200
1623566198559000,0,652.17895150,4.6300
1623566198559000,0,1695.27785850,4.6300
1623566198645000,0,260.32904000,4.6300
1623566199187000,0,46.39353391,4.6400
1623566199204000,0,29.03510000,4.6400
1623566200159000,0,474.64265530,4.6500
1623566200237000,0,79.69956250,4.6500
1623566201363000,1,181.03448000,4.6400
1623566201363000,1,73.00000000,4.6400
1623566201363000,1,40.38071809,4.6400
1623566201461000,0,75.00000000,4.6400
1623566205706000,1,222.36159167,4.6400
1623566207071000,1,317.83870967,4.6500
1623566207071000,1,75.00000000,4.6500
1623566207071000,1,180.64516000,4.6500
1623566207158000,0,75.00000000,4.6500
1623566224795000,1,41.60018233,4.6500
1623566224795000,1,104.00045582,4.6500
1623566224795000,1,270.42066185,4.6500
1623566224898000,1,0.00001506,4.6500
1623566239156000,1,37.22822442,4.6500
1623566239156000,1,93.05499399,4.6500
1623566239156000,1,241.91199159,4.6500
1623566262535000,1,37.26132351,4.6400
1623566262535000,1,93.15444649,4.6400
1623566302475000,1,82.39476458,4.6400
1623566302475000,1,214.25313087,4.6400
1623566302475000,1,215.36270455,4.6400
1623566308918000,1,0.00001474,4.6400
1623566308918000,1,73.53200203,4.6400
1623566308918000,1,29.41248323,4.6400
1623566312571000,1,70.98081000,4.6400
1623566325442000,1,73.81848543,4.6400
1623566325442000,1,191.86876457,4.6400
1623566370117000,1,27.52269930,4.6400
1623566370117000,1,68.80674825,4.6400
1623566370117000,1,178.89752245,4.6400
1623566370243000,1,0.00002299,4.6400
1623566370808000,1,282.57844048,4.6300
1623566370808000,1,545.22175383,4.6300
1623566370808000,1,177.35114165,4.6300
1623566370808000,1,68.22027911,4.6300
1623566370808000,1,27.30547741,4.6300
1623566373450000,0,217.10460367,4.6300
1623566374816000,0,43.50221503,4.6300
1623566374816000,0,651.21716497,4.6300
1623566397516000,0,260.36487319,4.6300
1623566397516000,0,651.03713681,4.6300
1623566399680000,1,28.86261092,4.6300
1623566461942000,1,32.21633575,4.6300
1623566463720000,1,75.00000000,4.6200
1623566463808000,1,5.54175574,4.6200
1623566463808000,1,209.40856493,4.6200
1623566463808000,1,32.21633575,4.6200
1623566464341000,0,73.00000000,4.6200
1623566464341000,0,783.21898735,4.6200
1623566464514000,1,354.59157353,4.6200
1623566464514000,1,2259.40538827,4.6100
1623566465954000,1,32.00006087,4.6000
1623566465954000,1,80.00588256,4.6000
1623566466044000,0,229.64598339,4.6100
1623566467429000,0,32.05064781,4.6100
1623566467429000,0,181.10174000,4.6100
1623566467429000,0,16.49542669,4.6100
1623566480472000,0,262.11085309,4.6000
1623566480472000,0,655.27713272,4.6000
1623566480472000,0,282.61201419,4.6000
1623566481352000,0,261.80716000,4.6100
1623566481600000,0,1065.35443478,4.6100
1623566481933000,0,21.11054894,4.6100
1623566516826000,1,38.47981414,4.6100
1623566516826000,1,96.18009586,4.6100
1623566542567000,0,261.40366176,4.6200
1623566544523000,1,39.00530000,4.6200
1623566566308000,1,94.49877505,4.6100
1623566566308000,1,245.67239108,4.6100
1623566566308000,1,216.70349258,4.6100
1623566566308000,1,39.00529129,4.6100
1623566609915000,0,225.01824832,4.6100
1623566609915000,0,653.91328254,4.6100
1623566610081000,0,554.30584151,4.6200
1623566610081000,0,326.75324674,4.6200
1623566610081000,0,68.94091175,4.6200
1623566610930000,0,168.89807339,4.6300
1623566610931000,0,86.14364534,4.6300
1623566610941000,0,5.55539199,4.6300
1623566610941000,0,123.12908844,4.6300
1623566610942000,0,127.40000000,4.6300
1623566610943000,0,363.21307851,4.6300
1623566612365000,1,219.72886813,4.6200
1623566616403000,1,286.09789000,4.6200
1623566633773000,0,75.00000000,4.6200
1623566642587000,1,44.60412946,4.6300
1623566642587000,1,111.53028381,4.6300
1623566642587000,1,289.81811673,4.6300
1623566663592000,1,41.86181804,4.6200
1623566663592000,1,104.65940361,4.6200
1623566678188000,1,41.13845618,4.6200
1623566703605000,1,102.84810421,4.6100
1623566703605000,1,40.72599579,4.6100
1623566716113000,1,0.00000923,4.6100
1623566726451000,1,41.78871000,4.6200
1623566731419000,1,41.56219217,4.6200
1623566731419000,1,103.88453783,4.6200
1623566745432000,1,102.05309913,4.6200
1623566745432000,1,265.32031087,4.6200
1623566752026000,1,39.01496320,4.6200
1623566752026000,1,97.50045680,4.6200
1623566981132000,1,231.81462145,4.6100
1623566981132000,1,216.74432524,4.6100
1623566981132000,1,73.00000000,4.6000
1623566981132000,1,576.02288191,4.6000
1623566981132000,1,216.83767491,4.6000
1623566981132000,1,294.40683339,4.6000
1623566981132000,1,62.57107130,4.6000
1623566989381000,1,216.74432524,4.6100
1623566989381000,1,934.25892870,4.6000
1623566989381000,1,323.28260869,4.6000
1623566989381000,1,76.00000000,4.6000
1623566989381000,1,122.01435335,4.6000
1623567067810000,1,222.11848411,4.6000
1623567067810000,1,85.47198491,4.6000
1623567067810000,1,34.19545098,4.6000
1623567437853000,1,46.80333000,4.6100
1623567442805000,1,0.00000008,4.6100
1623567442805000,1,117.00669697,4.6100
1623567442805000,1,33.65782295,4.6100
1623567467085000,1,45.02892000,4.6000
1623567515424000,0,23.03926739,4.6100
1623567519815000,0,277.14426088,4.6100
1623567538142000,1,44.49640000,4.6100
1623567578979000,1,111.38393475,4.6000
1623567578979000,1,44.56263525,4.6000
1623567609932000,1,55.47171175,4.6000
1623567609932000,1,138.64953825,4.6000
1623567641557000,1,54.50295000,4.6000
1623567647686000,1,135.58194464,4.5900
1623567647686000,1,54.25217067,4.5900
1623567647686000,1,351.33752469,4.5900
1623567647741000,1,0.00001324,4.5900
1623567769310000,1,54.22628433,4.6000
1623567769310000,1,135.67680001,4.6000
1623567769310000,1,352.70568566,4.6000
1623567769538000,1,209.33368400,4.6000
1623567769740000,1,46.39929261,4.6000
1623567769741000,1,0.00000001,4.6000
1623567782350000,1,77.14601216,4.5900
1623567782350000,1,119.34695406,4.5900
1623567782350000,1,47.73467249,4.5900
1623567782350000,1,310.29219129,4.5900
1623567827886000,1,45.01712113,4.5900
1623567827886000,1,112.54125887,4.5900
1623568084136000,1,22.63004197,4.5800
1623568094623000,1,45.58068140,4.5800
1623568094623000,1,114.17329953,4.5800
1623568440926000,0,217.10803962,4.5800
1623568483406000,0,302.41169224,4.5900
1623568489640000,1,55.08386811,4.5900
1623568489640000,1,137.75673141,4.5900
1623568510470000,1,54.15218000,4.5900
1623568579470000,1,54.25049798,4.6000
1623568628434000,1,42.30398000,4.6000
1623568808017000,1,38.27094410,4.5900
1623569026865000,0,206.49021000,4.6000
1623569082476000,1,129.00000000,4.6000
1623569082556000,1,13.85000534,4.6000
1623569082556000,1,45.64824578,4.6000
1623569120473000,1,555.64929894,4.6000
1623569233624000,1,60.71317724,4.6000
1623569409034000,1,203.91828000,4.6000
1623569467848000,0,570.59379121,4.6100
1623569496229000,1,82.98432000,4.6100
1623569587199000,0,289.13026637,4.6200
1623569587199000,0,587.61586576,4.6200
1623569587199000,0,260.96393940,4.6200
1623569587199000,0,75.00000000,4.6300
1623569587199000,0,996.83000000,4.6300
1623569587199000,0,322.06263498,4.6300
1623569587199000,0,481.38430646,4.6300
1623569609104000,0,216.52865655,4.6300
1623569609104000,0,43.21160319,4.6300
1623569706442000,1,115.48313438,4.6000
1623570087939000,1,239.35276559,4.6000
1623570087961000,1,43.51799469,4.6000
1623570087990000,1,43.51799469,4.6000
1623570090214000,1,280.34067225,4.6000
1623570315158000,1,30.29013508,4.5900
1623570359139000,1,28.00000000,4.5800
1623570500456000,1,561.03893682,4.5800
1623570501270000,1,307.19556821,4.5700
1623570501270000,1,218.30005142,4.5700
1623570501270000,1,996.83000000,4.5700
1623570501392000,0,1598.06623037,4.5700
1623570624371000,1,28.00000000,4.5700
1623570728508000,0,282.49198770,4.5900
1623571378497000,0,278.38428139,4.5700
1623571378497000,0,613.64179514,4.5700
1623571623464000,0,262.68142280,4.5900
1623571800850000,0,262.65129705,4.5900
1623571813615000,0,262.64193840,4.5900
1623572111088000,1,312.96500000,4.5700
1623572111231000,1,249.69553822,4.5700
1623572111244000,1,45.84960822,4.5700
1623572111244000,1,286.71710285,4.5700
1623572448700000,0,125.26160281,4.5500
1623572448743000,0,167.00360376,4.5500
1623572448814000,0,298.72145450,4.5500
1623572448814000,0,300.12938910,4.5500
1623572706164000,0,264.89050436,4.5600
1623572784377000,0,263.73907647,4.5700
1623572805401000,0,263.75121863,4.5700
1623572805401000,0,659.49373656,4.5700
1623572877083000,0,30.60892476,4.5800
1623572877117000,0,292.55086891,4.5800
1623572877879000,0,263.63452807,4.5800
1623573243357000,0,20.00000000,4.6200
1623573251056000,0,261.59307989,4.6100
1623573398953000,0,79.00000000,4.6300
1623573398953000,0,481.88206935,4.6300
1623573398953000,0,283.65499769,4.6300
1623573398953000,0,1696.90196855,4.6300
1623573398953000,0,325.07559394,4.6300
1623573398953000,0,216.58953294,4.6300
1623573398953000,0,162.60642068,4.6300
1623573418789000,0,260.96309419,4.6300
1623573643654000,1,295.63335665,4.6200
1623573643654000,1,563.25824072,4.6200
1623573810477000,1,6.76355748,4.6100
1623573820660000,0,261.57169117,4.6100
1623573822626000,1,171.34262553,4.6100
1623573845679000,0,261.60456504,4.6100
1623573909426000,1,220.29035791,4.6200
1623573909439000,1,211.10000000,4.6200
1623573909512000,1,21.66894190,4.6200
1623573909575000,1,88.66409380,4.6200
1623573909606000,1,17.58004505,4.6200
1623573909607000,1,88.66409380,4.6200
1623574036902000,1,20.02519033,4.6100
1623574036914000,1,60.79159339,4.6100
1623574042257000,1,240.99524523,4.6100
1623574042265000,1,23.10000000,4.6100
1623574042298000,1,42.85433876,4.6100
1623574042298000,1,40.70193428,4.6100
1623574042298000,1,16.44372696,4.6100
1623574042526000,1,76.42448928,4.6100
1623574042526000,1,120.02061858,4.6100
1623574042561000,1,75.00000000,4.6100
1623574069850000,1,321.34792427,4.6100
1623574076836000,1,33.56222897,4.6100
1623574077129000,1,112.57913167,4.6100
1623574099144000,1,329.00000000,4.6100
1623574104806000,1,36.21805676,4.6100
1623574104806000,1,50.60822555,4.6100
1623574104815000,1,236.60161931,4.6100
1623574118128000,1,282.33250082,4.6100
1623574211458000,0,299.03091217,4.6100
1623574466687000,0,138.24055723,4.6100
1623574466687000,0,654.23301007,4.6100
1623574477040000,1,154.75891680,4.6100
1623574590669000,0,606.04356733,4.6100
1623575331876000,1,83.44019927,4.6200
1623575331876000,1,240.21370710,4.6200
1623575657459000,1,148.13592932,4.6200
1623575697219000,1,58.00731756,4.6200
1623575697658000,1,236.81440599,4.6200
1623575840966000,0,260.00091886,4.6300
1623575840966000,0,52.91308114,4.6300
1623575909999000,0,286.71930000,4.6300
1623575916800000,0,252.98720000,4.6300
1623576068949000,1,130.51250000,4.6200
1623576109906000,1,149.30000000,4.6200
1623576364870000,1,168.99211370,4.6200
1623576481733000,1,296.92998944,4.6100
1623576481733000,1,24.47826773,4.6100
1623576738760000,0,281.74852185,4.6100
1623576738760000,0,31.16547815,4.6100
1623576738834000,0,360.49799689,4.6100
1623577336421000,0,285.56015412,4.6300
1623577685409000,1,216.10671138,4.6300
1623577685525000,1,79.96312658,4.6300
1623577685525000,1,183.31687341,4.6300
1623577685574000,1,110.18377618,4.6300
1623577685575000,1,88.63714977,4.6300
1623577685589000,1,123.22725700,4.6300
1623578091821000,0,288.82371660,4.6200
1623578091821000,0,576.68621530,4.6200
1623578529726000,1,101.12805606,4.6500
1623578529847000,1,75.00000000,4.6500
1623579052593000,1,61.14013863,4.6300
1623579052776000,1,47.96559449,4.6300
1623579052776000,1,27.03440551,4.6300
1623579052804000,1,219.00000000,4.6300
1623579319214000,1,324.99996785,4.6200
1623581325755000,0,93.93491479,4.6400
1623581499240000,1,76.37039911,4.6400
1623581499772000,1,87.67408454,4.6400
1623581514760000,1,82.51415659,4.6400
1623581947437000,1,107.92925493,4.6700
1623581947437000,1,43.17084139,4.6700
1623581947437000,1,79.32986551,4.6700
1623582017266000,0,114.42094017,4.6800
1623582051896000,1,39.14257191,4.6700
1623582171493000,1,40.55904683,4.6600
1623582184283000,1,31.55484450,4.6500
1623582184302000,1,29.77595990,4.6500
1623582184360000,1,240.60200115,4.6500
1623582184360000,1,164.52954910,4.6500
1623582184384000,1,71.99036171,4.6500
1623582184384000,1,90.96753618,4.6500
1623582184384000,1,36.39795935,4.6500
1623582184384000,1,118.61714276,4.6500
1623582184425000,1,94.78212584,4.6500
1623582290448000,0,374.00530305,4.6600
1623582290448000,0,574.95822036,4.6600
1623582290448000,0,280.86756446,4.6600
1623582290448000,0,427.61955590,4.6600
1623582298709000,0,259.47987265,4.6500
1623582298709000,0,324.04506437,4.6600
1623582298709000,0,1075.07909704,4.6600
1623582599416000,1,108.00800029,4.6600
1623582599416000,1,39.66636393,4.6600
1623583192070000,1,607.04040033,4.6500
1623583192070000,1,36.31315934,4.6500
1623583192070000,1,90.84556085,4.6500
1623583192070000,1,244.42407166,4.6500
1623583192070000,1,214.89423101,4.6500
1623583192070000,1,463.93322058,4.6500
1623583200347000,1,214.89423101,4.6500
1623583200347000,1,996.83000000,4.6500
1623583200347000,1,73.00000000,4.6400
1623583200347000,1,215.15985577,4.6400
1623583200347000,1,158.71994728,4.6400
1623583821353000,1,39.02234649,4.6300
1623584065556000,0,100.00000000,4.6200
1623584233809000,0,326.30579326,4.6300
1623584703766000,1,58.38999999,4.6100
1623585273403000,0,21.69648187,4.6100
1623585273422000,0,43.38394793,4.6100
1623585273447000,0,229.18985962,4.6100
1623585273447000,0,33.28302541,4.6100
1623585760789000,0,111.84532650,4.6300
1623586358982000,1,75.00000000,4.6400
1623586359009000,1,210.66864868,4.6400
1623586484218000,1,86.94248386,4.6300
1623586484218000,1,206.84176606,4.6300
1623586617313000,1,74.40619724,4.6300
1623586911578000,1,216.56752146,4.6200
1623586953194000,1,86.23649895,4.6200
1623587103964000,1,214.91592616,4.6100
1623587103964000,1,84.30026412,4.6100
1623587310945000,1,65.50846694,4.5800
1623587384177000,1,204.54203148,4.5800
1623587567461000,1,34.76248685,4.5800
1623587694379000,1,74.30547462,4.5900
1623588468946000,0,96.05518807,4.5800
1623588469091000,0,144.08278210,4.5800
1623588611172000,1,174.75118104,4.5800
1623588669697000,1,172.57010097,4.5700
1623588669697000,1,68.77121970,4.5700
1623588707371000,1,75.00000000,4.5600
1623588707375000,1,105.79150791,4.5600
1623588707375000,1,72.31082482,4.5600
1623588707375000,1,150.19170781,4.5600
1623588708916000,1,265.94472992,4.5600
1623588711890000,1,144.79473603,4.5600
1623588730393000,1,145.51020306,4.5600
1623588824401000,1,66.38819278,4.5600
1623588824401000,1,140.31736967,4.5600
1623588833830000,1,151.86525895,4.5600
1623588835972000,1,64.59982057,4.5600
1623588849609000,1,152.97200397,4.5600
1623588849609000,1,64.27078126,4.5600
1623589282493000,1,126.10000000,4.5400
1623589282512000,1,4.60714362,4.5400
1623589282512000,1,52.29105221,4.5400
1623589515529000,0,626.93030838,4.5400
1623589515529000,0,295.35774672,4.5400
1623589610955000,0,663.07443003,4.5600
1623589610955000,0,57.92556997,4.5600
1623589624866000,1,46.21506417,4.5600
1623589624866000,1,115.54513583,4.5600
1623590326817000,1,15.18027754,4.5300
1623590326909000,1,106.70000000,4.5300
1623590326961000,1,60.00000000,4.5300
1623590330873000,1,450.56883905,4.5300
1623590330873000,1,47.95418095,4.5300
1623590331046000,1,0.00001547,4.5300
1623590483350000,0,443.01004087,4.5300
1623590483373000,0,183.38675523,4.5300
1623591220894000,1,178.79425414,4.5300
1623591221165000,1,25.32903133,4.5300
1623591305727000,1,312.96500000,4.5200
1623591313059000,1,86.34460844,4.5100
1623592040908000,1,171.67719787,4.5300
1623592120372000,1,329.37849161,4.5300
1623592363485000,0,75.00000000,4.5200
1623593080272000,1,331.76274944,4.5100
1623593080272000,1,76.00000000,4.5100
1623593080272000,1,221.40912073,4.5100
1623593080272000,1,961.45118969,4.5100
1623593088518000,1,73.00000000,4.5100
1623593088518000,1,221.40912073,4.5100
1623593088518000,1,80.00000000,4.5000
1623593088518000,1,299.66252435,4.5000
1623593088518000,1,583.53993370,4.5000
1623593088518000,1,278.00000000,4.5000
1623593088518000,1,40.37743220,4.5000
1623593145040000,0,75.00000000,4.5200
1623593145067000,0,328.98963018,4.5200
1623593145162000,0,57.40784365,4.5200
1623593196562000,0,44.23702197,4.5200
1623593196606000,0,154.82957687,4.5200
1623593196617000,0,42.29575503,4.5200
1623593196648000,0,13.97115589,4.5200
1623593196674000,0,28.32459914,4.5200
1623593207013000,0,547.89815928,4.5300
1623593207014000,0,34.48988975,4.5300
1623593207014000,0,128.71606080,4.5300
1623593448667000,1,6.90044247,4.5200
1623593448667000,1,323.23748501,4.5200
1623593449713000,1,290.77049144,4.5200
1623593627831000,1,257.45756119,4.5100
1623594029250000,0,11.05555555,4.5000
1623594162144000,1,622.79562671,4.4700
1623594162144000,1,223.14525810,4.4700
1623594162144000,1,83.00000000,4.4600
1623594162144000,1,557.87242001,4.4600
1623594162144000,1,996.83000000,4.4600
1623594162144000,1,807.49973205,4.4600
1623594194913000,0,616.42089478,4.4800
1623594194913000,0,294.40285484,4.4800
1623594410035000,1,181.00733359,4.4700
1623594458017000,0,577.98540984,4.4800
1623594458017000,0,295.67666810,4.4800
1623595144976000,1,66.13974101,4.4900
1623595145020000,1,229.00000000,4.4900
1623595145041000,1,4.07685509,4.4900
1623595145041000,1,308.88814491,4.4900
1623595145143000,1,37.00000000,4.4900
1623595145178000,1,75.00000000,4.4900
1623595145179000,1,189.44241213,4.4900
1623595175863000,1,140.17100520,4.4800
1623595177637000,1,223.36473412,4.4800
1623595178809000,1,136.46426068,4.4800
1623595537121000,0,90.17460245,4.4900
1623595545823000,0,125.36666666,4.5000
1623595590631000,0,30.44222222,4.5000
1623595618893000,0,70.08964647,4.5000
1623596096013000,1,313.70162219,4.4700
1623596099672000,1,57.52473129,4.4700
1623596099672000,1,20.86585267,4.4700
1623596115648000,1,87.21800275,4.4700
1623596155610000,0,4.53102680,4.4800
1623596368227000,1,241.47321505,4.4700
1623596403934000,1,305.60372790,4.4700
1623596434970000,1,43.30827606,4.4600
1623596434970000,1,108.27069016,4.4600
1623596434970000,1,281.48603452,4.4600
1623596842010000,0,608.43571524,4.4900
1623596842010000,0,297.01388910,4.4900
1623597081015000,0,268.15713384,4.5100
1623597199598000,1,291.67681062,4.5100
1623597199598000,1,3.51267345,4.5100
1623597202858000,1,221.88446527,4.5100
1623597397081000,1,332.40000000,4.5000
1623597861716000,0,22.45922440,4.4800
1623597861770000,0,95.31709829,4.4800
1623597861787000,0,23.21000000,4.4800
1623597861796000,0,44.60000000,4.4800
1623597985168000,0,33.43084565,4.4800
1623598043083000,0,73.00000000,4.5000
1623598043083000,0,61.60888888,4.5000
1623598132455000,0,467.60405271,4.5000
1623598132455000,0,231.95574713,4.5000
1623598134834000,1,50.95090676,4.5000
1623598134834000,1,127.42136324,4.5000
1623598257759000,1,56.21846177,4.4800
1623598257759000,1,167.14458709,4.4800
1623598258848000,1,223.37163538,4.4800
1623598844282000,1,69.28910035,4.5000
1623598844282000,1,35.99737688,4.5000
1623598844285000,1,77.78567936,4.5000
1623598844386000,1,41.03388524,4.5000
1623599872385000,1,94.40034939,4.5300
1623600109908000,1,107.24115872,4.5300
1623600109908000,1,6.00000000,4.5300
1623600114804000,1,104.60291881,4.5300
1623600214178000,0,208.80000000,4.5300
1623600286326000,0,73.00000000,4.5400
1623600286326000,0,587.38044557,4.5400
1623600286326000,0,437.08390191,4.5400
1623600286326000,0,228.97646876,4.5400
1623600286326000,0,185.72416000,4.5400
1623600286326000,0,60.72709424,4.5400
1623600294582000,0,327.05298012,4.5300
1623600294582000,0,221.00643771,4.5300
1623600294582000,0,352.42826734,4.5300
1623600294582000,0,10.18797889,4.5400
1623600294582000,0,653.45316344,4.5400
1623600436369000,1,89.96204702,4.5300
1623600436369000,1,8.94446857,4.5300
1623600436371000,1,218.87738897,4.5300
1623600436371000,1,16.12261103,4.5300
1623600570782000,1,65.09999999,4.5300
1623600570807000,1,38.61000000,4.5300
1623600570853000,1,50.00000000,4.5300
1623600570897000,1,79.10000000,4.5300
1623600570998000,1,24.80000000,4.5300
1623600689803000,1,142.39000001,4.5300
1623600689803000,1,89.48433555,4.5300
1623600689803000,1,39.02566445,4.5300
1623600909477000,1,75.00000000,4.5700
1623600910157000,1,51.31918000,4.5700
1623600913506000,1,0.00000221,4.5700
1623601124710000,0,110.12521902,4.6200
1623601196981000,0,1204.22274734,4.6200
1623601196981000,0,463.07079530,4.6200
1623601196981000,0,216.99014557,4.6200
1623601196981000,0,185.20411535,4.6200
1623601408574000,1,63.04156223,4.6200
1623601408574000,1,157.60015464,4.6200
1623601408574000,1,179.07628313,4.6100
1623601480749000,1,466.49493392,4.6100
1623601480749000,1,178.49377311,4.6100
1623601480749000,1,71.35703145,4.6100
1623601544006000,1,84.59965146,4.6200
1623601544006000,1,208.92089358,4.6200
1623601662683000,1,84.21646269,4.6200
1623601662683000,1,150.77541621,4.6200
1623601951914000,1,16.38410033,4.6200
1623601999861000,1,85.50967807,4.6300
1623601999861000,1,255.33605687,4.6300
1623602151180000,1,92.48075540,4.6400
1623602180882000,1,88.98450799,4.6400
1623602180882000,1,235.58862189,4.6400
1623602180882000,1,466.80050024,4.6400
1623602181414000,1,216.36048536,4.6400
1623602311321000,0,69.00000000,4.6500
1623602311321000,0,237.60015209,4.6500
1623602311321000,0,215.57574608,4.6500
1623602311321000,0,466.01478673,4.6500
1623602311321000,0,322.67741935,4.6500
1623602311446000,1,215.55764671,4.6500
1623602311485000,1,2334.84199097,4.6500
1623602347254000,1,450.80674993,4.6300
1623602347254000,1,216.99906639,4.6300
1623602347254000,1,85.05700588,4.6300
1623602353369000,1,84.78539999,4.6300
1623602360177000,1,84.37041972,4.6300
1623602550210000,1,73.07696945,4.6400
1623603680666000,1,82.95199963,4.6700
1623603895801000,0,79.00000000,4.6700
1623603895801000,0,254.34417071,4.6700
1623603895801000,0,325.34261241,4.6700
1623603895801000,0,448.16499103,4.6700
1623603895801000,0,218.00230301,4.6700
1623603895801000,0,68.00000000,4.6800
1623603895801000,0,208.38706403,4.6800
1623603904058000,0,75.00000000,4.6700
1623603904058000,0,127.17208536,4.6700
1623603904058000,0,72.00000000,4.6700
1623603904058000,0,231.08068797,4.6700
1623603904058000,0,454.85573668,4.6700
1623603904058000,0,180.33950000,4.6700
1623603904058000,0,460.84568231,4.6800
1623603944063000,1,38.32629911,4.6700
1623603947159000,1,188.74660977,4.6700
1623603947166000,1,0.93712809,4.6700
1623603947166000,1,231.36287191,4.6700
1623603947183000,1,216.12039889,4.6700
1623604107019000,1,36.88000000,4.6800
1623604202520000,1,29.86743382,4.6700
1623604443631000,1,47.16758285,4.6700
1623604443650000,1,30.01007481,4.6700
1623604443664000,1,49.30226576,4.6700
1623604443673000,1,30.01007481,4.6700
1623604443701000,1,61.54853934,4.6700
1623604443701000,1,97.07614180,4.6700
1623604511026000,1,86.78796935,4.6700
1623604511026000,1,216.96244880,4.6700
1623604520972000,1,85.28864802,4.6700
1623604522173000,1,60.30028002,4.6700
1623604868700000,0,75.00000000,4.6900
1623605014501000,1,179.10447000,4.6900
1623605014501000,1,82.91708703,4.6900
1623605014501000,1,487.97844297,4.6900
1623605014588000,1,51.51875027,4.6900
1623605014588000,1,207.62769939,4.6900
1623605227235000,1,91.34108000,4.7000
1623605227238000,1,0.00000513,4.7000
1623605488968000,1,14.76193126,4.7000
1623605488986000,1,71.25862742,4.7000
1623605488986000,1,215.05597518,4.7000
1623605715458000,1,276.04662828,4.7100
1623605817606000,1,93.61503656,4.7100
1623605817606000,1,81.67996344,4.7000
1623606183741000,0,55.99620932,4.7000
1623606219807000,0,75.00000000,4.7200
1623606221537000,0,453.14903000,4.7200
1623606354516000,1,300.71212101,4.7100
1623606354683000,1,81.39704357,4.7100
1623606354748000,1,1.87268596,4.7100
1623606374826000,0,256.91798382,4.7100
1623606374826000,0,642.07207272,4.7100
1623606374826000,0,144.07138413,4.7100
1623606405392000,1,233.47856575,4.7000
1623606405392000,1,438.91119325,4.7000
1623606431675000,1,85.28680832,4.6900
1623606483968000,1,81.68456938,4.7000
1623606501645000,1,91.06102394,4.7100
1623606561811000,1,6.72249120,4.7000
1623606750797000,0,75.00000000,4.7100
1623606784388000,0,9.42294206,4.7200
1623607178782000,1,94.01229118,4.7200
1623607179092000,1,270.76294884,4.7200
1623607729062000,0,55.71898603,4.7400
1623607824589000,0,55.71898603,4.7500
1623607855385000,1,50.50010000,4.7400
1623608154059000,0,100.00000000,4.7500
1623608235535000,1,188.56732665,4.7400
1623608235535000,1,74.96299402,4.7400
1623608256668000,1,81.48766682,4.7300
1623608287364000,1,80.79518833,4.7300
1623608299095000,0,220.72549879,4.7400
1623608299095000,0,455.99222254,4.7400
1623608299095000,0,313.67088607,4.7400
1623608450274000,1,87.98793551,4.7500
1623608481060000,1,85.99187649,4.7500
1623608481060000,1,130.12891218,4.7500
1623608639440000,1,83.46834849,4.7500
1623608639440000,1,43.07325298,4.7500
1623608639467000,1,21.07659233,4.7500
1623608639500000,1,123.39614815,4.7500
1623608652118000,1,74.79823599,4.7500
1623608652118000,1,186.47089158,4.7500
1623608815632000,1,9.61139260,4.7400
1623609022235000,0,232.18406072,4.7500
1623609022235000,0,398.88541296,4.7500
1623609042024000,1,89.65820773,4.7400
1623609042024000,1,222.50560565,4.7400
1623609042024000,1,0.26467715,4.7400
1623609107686000,1,57.04024506,4.7400
1623609107704000,1,84.50406675,4.7400
1623609107771000,1,86.61666842,4.7400
1623609153197000,1,41.38758920,4.7400
1623609169161000,1,84.50410132,4.7400
1623609169202000,1,130.37423203,4.7400
1623609262720000,1,81.63184611,4.7400
1623609813390000,1,80.45107581,4.7800
1623609813390000,1,319.26692419,4.7800
1623609882176000,1,232.14079960,4.7800
1623609882176000,1,81.60324183,4.7800
1623609882185000,1,314.31385299,4.7800
1623609883260000,1,29.25313000,4.7800
1623609883393000,1,0.00000807,4.7800
1623609939451000,1,550.00000000,4.7700
1623609939451000,1,996.83000000,4.7700
1623609939451000,1,476.58981725,4.7700
1623609939451000,1,186.52054794,4.7700
1623609939451000,1,74.62823063,4.7700
1623609939451000,1,72.00000000,4.7700
1623609939451000,1,209.46233703,4.7700
1623609939451000,1,457.95142492,4.7700
1623609939451000,1,311.00628930,4.7700
1623609939451000,1,176.10062000,4.7700
1623609939539000,0,75.00000000,4.7700
1623609939574000,0,151.43976518,4.7700
1623610024237000,0,34.00000000,4.7800
1623610024259000,0,44.82814549,4.7800
1623610251730000,0,133.59120361,4.7800
1623610251730000,0,426.31853381,4.7800
1623610251730000,0,542.82139580,4.7800
1623610251730000,0,72.00000000,4.7800
1623610251730000,0,176.02411000,4.7800
1623610251730000,0,309.88493723,4.7800
1623610251730000,0,1241.37969740,4.7800
1623610251730000,0,75.00000000,4.7900
1623610251730000,0,316.28661087,4.7900
1623610251730000,0,317.00836820,4.7900
1623610251730000,0,1589.71649981,4.7900
1623610755490000,0,75.00000000,4.7900
1623610779532000,0,22.97000000,4.8000
1623610779593000,0,54.67080141,4.8000
1623610780341000,1,309.86430062,4.7900
1623610780341000,1,75.00000000,4.7900
1623610780341000,1,175.36534000,4.7900
1623610780341000,1,70.83983306,4.7900
1623610799927000,1,80.36448000,4.8000
1623611087796000,1,81.16602782,4.8000
1623611156857000,1,80.74848712,4.8000
