timestamp ms,type,amount,price
1627172061671000,1,535.20691393,3.7300
1627172061671000,1,99.57441355,3.7300
1627172061671000,1,100.18309498,3.7300
1627172061671000,1,960.00000000,3.7300
1627172061671000,1,267.80801764,3.7300
1627172061671000,1,996.83000000,3.7300
1627172061731000,0,46.87500000,3.7300
1627172061781000,0,267.80801764,3.7300
1627172061849000,0,904.03642908,3.7300
1627172159315000,1,38.87274710,3.7300
1627172159380000,1,61.73687717,3.7300
1627172159380000,1,99.11921283,3.7300
1627172159399000,1,0.00001659,3.7300
1627172166323000,1,101.50553832,3.7300
1627172237589000,1,94.27409140,3.7300
1627172266348000,1,93.14293849,3.7300
1627172266348000,1,106.58556577,3.7300
1627172279247000,1,91.18525980,3.7300
1627172279247000,1,108.57156979,3.7300
1627172406514000,0,50.00000000,3.7400
1627173373665000,0,551.16971909,3.6900
1627173905326000,1,47.53997000,3.6400
1627173905420000,1,0.00000289,3.6400
1627174091889000,0,27.30000000,3.6300
1627174212892000,0,535.79771130,3.6300
1627174374678000,0,531.18084982,3.6500
1627174374678000,0,3123.79243785,3.6500
1627174507091000,1,274.42967200,3.6400
1627174507091000,1,543.18975970,3.6400
1627174507091000,1,1272.00000000,3.6400
1627175029672000,1,409.24964970,3.6300
1627175147333000,0,173.52735326,3.6500
1627175147333000,0,76.47264674,3.6500
1627175147425000,0,393.37271358,3.6500
1627175758295000,1,109.11817864,3.6500
1627175758329000,1,260.52378993,3.6500
1627176109861000,1,75.62193559,3.6400
1627176309136000,0,126.79629066,3.6600
1627176309137000,0,241.15607464,3.6600
1627176309137000,0,119.93006935,3.6600
1627176309169000,0,27.22209761,3.6600
1627177348289000,1,34.49489424,3.6400
1627177811617000,0,134.87563826,3.6400
1627177917645000,1,56.27605851,3.6300
1627178192987000,1,59.42971076,3.6300
1627178192987000,1,80.05954061,3.6300
1627178207001000,1,56.24060504,3.6300
1627178651154000,1,139.27452854,3.6300
1627178651154000,1,55.40050339,3.6300
1627178698533000,1,551.04151371,3.6200
1627178755394000,0,508.86002421,3.6300
1627179125543000,1,148.74206396,3.6300
1627179226467000,0,523.81093836,3.6300
1627181771003000,0,19.09729951,3.6700
1627181771003000,0,374.09573176,3.6700
1627181771003000,0,996.83000000,3.6700
1627181771003000,0,1176.11076634,3.6700
1627181771003000,0,408.96457764,3.6700
1627181771003000,0,452.24887202,3.6700
1627181771003000,0,218.72322714,3.6700
1627181771003000,0,181.33178898,3.6700
1627181771003000,0,1386.80412651,3.6700
1627181777681000,0,218.70852834,3.6700
1627181777681000,0,18.68973895,3.6700
1627181777681000,0,37.36483941,3.6700
1627182142633000,1,46.58606368,3.6700
1627182345926000,1,93.63332984,3.6800
1627182345926000,1,243.56206016,3.6800
1627182394607000,1,66.32411386,3.6700
1627182394652000,1,203.12670000,3.6700
1627182394654000,1,267.09394878,3.6700
1627182450802000,0,176.27430889,3.6700
1627182450802000,0,99.46833111,3.6700
1627183063601000,1,128.48802925,3.6800
1627183812133000,1,30.08800351,3.6800
1627183812944000,1,38.94000000,3.6800
1627183826683000,1,42.36684840,3.6800
1627183826683000,1,26.66315160,3.6800
1627184765871000,0,510.64803049,3.6900
1627185294458000,1,406.12500000,3.6800
1627185367795000,1,404.00000000,3.6700
1627185592473000,0,532.29983046,3.6700
1627185877013000,1,19.25663419,3.6700
1627185877013000,1,272.02447295,3.6700
1627185877013000,1,413.05177110,3.6700
1627185877013000,1,518.76172417,3.6700
1627185877013000,1,996.83000000,3.6700
1627185877013000,1,226.00000000,3.6700
1627185877013000,1,1168.00000000,3.6700
1627185877013000,1,406.99500000,3.6700
1627185877013000,1,1055.35637029,3.6700
1627185878602000,1,1925.73223130,3.6700
1627185878602000,1,228.88283000,3.6700
1627185878602000,1,18.45270669,3.6700
1627185878602000,1,271.69124490,3.6700
1627185878602000,1,504.06417562,3.6700
1627186061905000,0,543.05315496,3.6800
1627186998475000,0,161.73999999,3.6900
1627186998492000,0,34.79688508,3.6900
1627186998492000,0,99.43311492,3.6900
1627188088259000,1,472.70593891,3.7100
1627189415525000,0,544.70975389,3.7200
1627189776536000,1,270.06176604,3.7000
1627189776536000,1,80.40954544,3.7000
1627190722726000,1,511.20917128,3.6900
1627190947485000,0,540.80127694,3.6900
1627191364134000,1,524.03193224,3.6900
1627193858271000,0,536.19431391,3.7100
1627195721892000,1,92.53926701,3.7100
1627197166840000,0,134.81720430,3.7200
1627197395641000,0,100.00000000,3.7300
1627201778673000,1,19.10444357,3.7400
1627201778725000,1,293.92717305,3.7400
1627202139028000,1,527.28000585,3.7300
1627202171009000,0,268.35818891,3.7300
1627202171009000,0,152.34911459,3.7300
1627202171009000,0,80.53934529,3.7300
1627202431061000,0,249.35494079,3.7300
1627202431073000,0,205.14975747,3.7300
1627202431091000,0,67.98614668,3.7300
1627202431112000,0,32.27718952,3.7300
1627204087199000,1,174.39523270,3.7100
1627204087282000,1,174.40000000,3.7100
1627204798593000,0,524.29560900,3.7100
1627205379009000,1,519.50721537,3.7100
1627205725880000,0,520.24464921,3.7200
1627206039167000,1,389.22310293,3.7200
1627207288773000,0,545.73542382,3.7300
1627208295028000,1,549.68520034,3.7400
1627208295028000,1,351.78342245,3.7400
1627208295028000,1,267.12605960,3.7400
1627208295028000,1,223.98314668,3.7400
1627208485878000,0,399.00000000,3.7400
1627208485926000,0,59.02361357,3.7400
1627209865101000,1,516.70770630,3.7200
1627211190494000,0,516.27482190,3.7000
1627211740495000,0,140.76802699,3.7100
1627212161369000,1,26.06176470,3.7000
1627212414376000,1,529.07915117,3.7000
1627212717555000,0,550.97751907,3.6900
1627213242480000,0,137.59866061,3.7000
1627213247785000,0,134.49406691,3.7000
1627213342521000,1,55.18431352,3.7000
1627213342521000,1,58.02152974,3.7000
1627213342521000,1,1.89415674,3.7000
1627214008501000,1,312.96500000,3.7000
1627214165600000,0,385.00888015,3.7000
1627214963753000,1,46.87500000,3.6800
1627214963880000,1,494.75473541,3.6800
1627215277527000,1,65.75211452,3.6900
1627215277527000,1,164.35240023,3.6900
1627215693886000,0,519.29803845,3.6900
1627215761665000,1,379.68706375,3.6900
1627215903663000,1,64.61691163,3.6800
1627216104970000,1,68.41815444,3.6900
1627216104970000,1,60.53577947,3.6900
1627216104986000,1,222.00000000,3.6900
1627216247137000,0,512.22799443,3.6900
1627216618332000,1,530.95456269,3.6900
1627217139257000,0,504.99201644,3.6800
1627218005902000,0,524.32502970,3.6800
1627218005902000,0,3940.00000000,3.6800
1627218461281000,0,62.75965974,3.6800
1627218744912000,1,312.96500000,3.6700
1627219025617000,1,312.96500000,3.6700
1627219466081000,1,300.92881404,3.6500
1627219528076000,1,47.06974480,3.6400
1627220693594000,0,409.65659339,3.6400
1627222172369000,0,54.80000000,3.6200
1627222208348000,0,27.40000000,3.6200
1627222210605000,0,408.84727399,3.6200
1627222885125000,1,557.63624667,3.6200
1627223514221000,0,561.93763873,3.6100
1627223714663000,1,101.70492084,3.6100
1627224619955000,0,27.60000000,3.6000
1627224620142000,1,18.66461906,3.5900
1627224620142000,1,81.33538094,3.5900
1627225463589000,1,516.88210703,3.6300
1627225463589000,1,89.01316992,3.6300
1627225463589000,1,275.24382049,3.6300
1627225463589000,1,203.88473896,3.6300
1627225463589000,1,114.89537646,3.6300
1627225463589000,1,408.22314049,3.6300
1627225463589000,1,851.88343436,3.6300
1627225486428000,0,456.79247436,3.6400
1627226079094000,1,61.42332953,3.6400
1627226079105000,1,117.21129926,3.6400
1627226079108000,1,32.31932732,3.6400
1627226079108000,1,88.54178660,3.6400
1627226079154000,1,132.78000000,3.6400
1627226079170000,1,50.00000000,3.6400
1627226093209000,1,207.90975070,3.6400
1627226116697000,1,201.65296752,3.6400
1627226117220000,1,80.65743251,3.6400
1627226118140000,1,199.12877877,3.6400
1627226162328000,1,195.61605626,3.6400
1627226403059000,1,74.24214209,3.6300
1627226577829000,1,79.65921050,3.6300
1627226807896000,1,118.60105914,3.6300
1627226807993000,1,17.67571016,3.6300
1627226807993000,1,212.03067363,3.6300
1627226829677000,1,76.51369504,3.6300
1627226829677000,1,196.79849550,3.6300
1627226829677000,1,157.63324394,3.6300
1627227395539000,1,275.10793763,3.6300
1627227395539000,1,19.48632199,3.6300
1627227395539000,1,226.00000000,3.6300
1627227395539000,1,104.75092306,3.6300
1627227395539000,1,767.00000000,3.6300
1627227395539000,1,36.00556358,3.6300
1627227403760000,1,960.82443642,3.6300
1627227403760000,1,407.39669420,3.6300
1627227403760000,1,212.82400002,3.6300
1627227825497000,0,414.70324485,3.6400
1627227825627000,0,117.75979872,3.6400
1627228416941000,0,351.92643051,3.6700
1627229858448000,1,100.00000000,3.6400
1627229862703000,1,100.00000000,3.6400
1627232459368000,1,546.17189215,3.6400
1627233173922000,0,548.32840902,3.6600
1627233757043000,0,25.75476839,3.6700
1627235870518000,1,47.53997289,3.6700
1627235999876000,1,103.20850845,3.6800
1627236045418000,1,405.21204384,3.6800
1627236444874000,0,126.26016260,3.6900
1627236673816000,1,100.58272224,3.7000
1627236839036000,1,414.55649884,3.6900
1627236839040000,1,112.81418930,3.6900
1627237204982000,0,522.55395185,3.6900
1627237215847000,1,99.59377874,3.6900
1627237215847000,1,26.66638386,3.6900
1627237227068000,1,222.32529000,3.6900
1627238349968000,0,12.77297297,3.7000
1627238407420000,1,553.73561160,3.6900
1627239339704000,0,190.00390000,3.6800
1627240814739000,1,67.51229769,3.6700
1627240990195000,0,534.34292241,3.6700
1627241294419000,1,85.05910165,3.6800
1627242190235000,1,109.80938122,3.6900
1627242519157000,1,394.00753375,3.6800
1627242733657000,1,321.51000000,3.6800
1627242734006000,1,100.66156986,3.6800
1627242800289000,0,550.16531334,3.6800
1627243320175000,1,105.37043661,3.6700
1627243320175000,1,303.12137532,3.6700
1627243358689000,1,102.71297845,3.6700
1627243427026000,1,97.86816699,3.6600
1627243615011000,1,105.14698045,3.6600
1627243615011000,1,243.36900318,3.6600
1627243615011000,1,12.95029947,3.6600
1627243708908000,0,71.05766602,3.6600
1627243832777000,0,22.00000000,3.6600
1627243832812000,0,171.70000000,3.6600
1627244229119000,1,44.45342888,3.6700
1627246084110000,0,583.35439189,3.6700
1627247092931000,1,558.87060587,3.6700
1627247093114000,0,1439.91875273,3.6700
1627247862056000,0,512.54773815,3.6800
1627247991216000,0,25.84010840,3.6900
1627248026382000,0,506.70181097,3.6900
1627248450929000,1,312.96500000,3.7000
1627249242588000,1,543.39919715,3.6900
1627249243008000,1,18.86143754,3.6800
1627249243008000,1,223.00000000,3.6800
1627249243008000,1,267.26819208,3.6800
1627249491612000,0,20.16756756,3.7000
1627249533174000,1,41.06218577,3.6800
1627249939588000,0,500.00000000,3.7000
1627250054649000,1,17.20860436,3.6800
1627251199009000,1,156.44968553,3.6800
1627252797281000,0,5403.14288319,3.7000
1627252813574000,0,273.63992005,3.7000
1627252813583000,0,5401.93752948,3.7000
1627252814097000,0,921.27966728,3.7000
1627254217180000,0,520.32210958,3.7100
1627254886475000,1,534.16316052,3.7100
1627255760124000,1,268.56155648,3.7200
1627255760124000,1,52.16890174,3.7200
