timestamp ms,type,amount,price
1627344263308000,1,107.70456410,3.7900
1627344286377000,0,15.70000000,3.8000
1627344314870000,0,348.76056354,3.8000
1627344472403000,1,573.98533114,3.8300
1627344840096000,1,45.50427400,3.7800
1627344881171000,0,26.20000000,3.7700
1627344886066000,1,17.70932571,3.7600
1627345173439000,0,9.86830171,3.7600
1627345173439000,0,100.45978645,3.7600
1627345173439000,0,260.51273715,3.7600
1627345275168000,1,264.31765763,3.7800
1627345275168000,1,557.32215424,3.7800
1627345275168000,1,537.86406409,3.7800
1627345282962000,1,199.02583979,3.7900
1627345457720000,0,554.15811121,3.8100
1627346241693000,1,111.81026231,3.8300
1627346241693000,1,279.52565578,3.8300
1627347470982000,0,569.70491169,3.8100
1627347916927000,0,30.81291217,3.8100
1627347916927000,0,18.23481982,3.8100
1627347942092000,1,72.02130059,3.8100
1627347942392000,1,393.20008630,3.8100
1627347962853000,0,47.94305000,3.8000
1627348411109000,0,52.50000000,3.7800
1627348583734000,1,47.38059771,3.7700
1627348610064000,1,46.57234179,3.7600
1627348616334000,1,106.79104131,3.7600
1627348616334000,1,277.57376437,3.7600
1627348735803000,0,56.45168483,3.7400
1627348735803000,0,240.43345390,3.7500
1627348735803000,0,558.56880305,3.7500
1627348735803000,0,367.25763828,3.7500
1627348735803000,0,19.29905705,3.7500
1627348735803000,0,670.24930302,3.7500
1627348735803000,0,222.99663000,3.7500
1627348735803000,0,395.04000000,3.7500
1627348735803000,0,3496.60000000,3.7500
1627348735803000,0,2878.31263436,3.7500
1627348769249000,0,26.40000000,3.7400
1627348788246000,0,33.10000000,3.7300
1627348792986000,0,12.15674049,3.7300
1627348792986000,0,20.94325951,3.7300
1627348803727000,0,91.93763000,3.7300
1627348804654000,0,26.60000000,3.7400
1627348821771000,0,39.48657000,3.7300
1627348838433000,0,26.60000000,3.7400
1627348857993000,1,50.00000000,3.7200
1627348924426000,0,20.79251310,3.7300
1627349053598000,0,26.61755031,3.7100
1627349053598000,0,6.78244969,3.7100
1627349058675000,0,18.77517681,3.7200
1627349058675000,0,14.62482319,3.7200
1627349083552000,0,33.40000000,3.7200
1627349534166000,1,419.32686569,3.7400
1627349557909000,1,125.51797401,3.7300
1627349585478000,1,564.88568528,3.7300
1627349660531000,0,24.68883938,3.7200
1627349660531000,0,61.72873062,3.7200
1627349829272000,0,33.40000000,3.7200
1627349834547000,0,33.40000000,3.7200
1627349859839000,1,1621.30810810,3.7000
1627349987066000,0,15.90000000,3.7000
1627350161097000,0,136.25750354,3.7100
1627350161097000,0,579.35171901,3.7100
1627350161097000,0,20.48288742,3.7100
1627350161097000,0,51.34638003,3.7100
1627350484137000,1,66.53906833,3.7400
1627350522037000,1,34.66000000,3.7400
1627351127995000,1,84.30763770,3.7200
1627351279561000,0,49.15867579,3.7400
1627351280060000,0,41.61314580,3.7400
1627351305994000,1,133.12283000,3.7400
1627351306071000,1,25.93993043,3.7400
1627351306106000,1,46.68763842,3.7400
1627351441464000,1,105.54653000,3.7500
1627351899609000,0,325.27297760,3.7600
1627352222486000,1,103.08652716,3.7500
1627352501326000,1,403.40000084,3.7500
1627352584292000,0,24.05885004,3.7500
1627352584292000,0,561.11157557,3.7500
1627352686117000,1,132.44894065,3.7500
1627352686342000,1,100.00000000,3.7500
1627352693569000,1,163.00000000,3.7500
1627352887740000,1,558.86176726,3.7500
1627352967482000,1,82.52892033,3.7400
1627352998078000,1,83.05104311,3.7400
1627353147583000,1,53.65958360,3.7300
1627353260940000,1,79.08706241,3.7200
1627353869566000,0,26.80000000,3.7100
1627354052970000,1,111.07561415,3.7200
1627354477882000,0,18.10606791,3.7400
1627354477882000,0,187.81333781,3.7400
1627354477882000,0,1.98421876,3.7400
1627354679565000,0,9.47849462,3.7200
1627354771606000,1,9.47849462,3.7100
1627354955062000,1,45.53773005,3.7000
1627354955118000,1,47.84649705,3.7000
1627355048835000,1,66.69378730,3.6900
1627355060588000,0,15.90000000,3.6900
1627355144108000,1,70.81195280,3.6900
1627355150180000,0,46.87500000,3.6900
1627355549155000,0,168.92169489,3.7200
1627356171421000,1,396.64934158,3.7300
1627356392110000,0,550.35139389,3.7400
1627356565998000,1,405.29656256,3.7400
1627356712302000,1,109.28484283,3.7400
1627356907448000,0,90.12894398,3.7500
1627356907970000,0,72.00000000,3.7500
1627357112198000,0,64.16678051,3.7500
1627357811785000,1,100.30561159,3.7500
1627357811785000,1,297.40447437,3.7500
1627357924382000,1,59.08900100,3.7500
1627357924537000,1,50.50152463,3.7500
1627357924537000,1,8.58747637,3.7500
1627357924687000,1,59.08900100,3.7500
1627357924844000,1,32.15628522,3.7500
1627357924844000,1,26.93271578,3.7500
1627358074987000,1,397.70000000,3.7500
1627358560788000,1,27.28128910,3.7300
1627358560808000,1,301.99848566,3.7300
1627358560879000,1,77.71522524,3.7300
1627358560879000,1,18.79952006,3.7300
1627358560891000,1,79.24684456,3.7300
1627358560891000,1,317.35315544,3.7300
1627358560905000,1,96.51474530,3.7300
1627358563561000,1,46.87500000,3.7300
1627358564215000,1,118.37904744,3.7300
1627358566420000,1,118.37904744,3.7300
1627358573124000,1,118.37904744,3.7300
1627358573124000,1,406.99500000,3.7300
1627358573420000,1,1528.42261831,3.7300
1627358574363000,0,189.27444794,3.7300
1627358574399000,0,213.63439923,3.7300
1627358574451000,0,118.32071544,3.7400
1627358578867000,1,46.87500000,3.7300
1627358588958000,1,46.87500000,3.7300
1627358833378000,0,46.87500000,3.7400
1627358912487000,0,536.10904103,3.7500
1627358977584000,0,7.00000000,3.7600
1627359013135000,1,58.00000000,3.7500
1627359013286000,1,93.00000000,3.7500
1627359061601000,1,401.43582661,3.7500
1627359076494000,0,9.58645750,3.7500
1627359076494000,0,23.90559338,3.7500
1627359198599000,1,158.00000000,3.7500
1627359207933000,0,46.87500000,3.7600
1627359208361000,0,55.58340109,3.7600
1627359208380000,0,324.09999999,3.7600
1627359332767000,1,46.87500000,3.7600
1627359353664000,1,46.87500000,3.7600
1627359775731000,1,0.28000000,3.7600
1627359775731000,1,134.83560589,3.7600
1627359775731000,1,213.68285219,3.7600
1627359842786000,0,90.99800000,3.7600
1627359853500000,0,90.99800000,3.7600
1627359868526000,0,90.99800000,3.7600
1627359883508000,0,90.99800000,3.7600
1627359898490000,0,36.61970212,3.7600
1627359898490000,0,54.37829788,3.7600
1627359913373000,0,90.99800000,3.7600
1627359928510000,0,90.99800000,3.7600
1627359943492000,0,90.99800000,3.7600
1627359951051000,1,43.48999999,3.7500
1627360115299000,1,74.38926353,3.7500
1627360115299000,1,133.28403452,3.7500
1627360265725000,1,155.80000000,3.7500
1627360265749000,1,43.10000000,3.7500
1627360277772000,0,117.92557000,3.7600
1627360284383000,1,43.61744959,3.7500
1627360284383000,1,74.30812745,3.7500
1627360370674000,1,78.00000000,3.7500
1627360625667000,0,312.91400000,3.7500
1627360768169000,1,402.57811342,3.7500
1627361167594000,0,46.87500000,3.7600
1627361168183000,0,534.24178915,3.7600
1627361455595000,1,577.43510468,3.7600
1627361455595000,1,224.94804132,3.7600
1627361455607000,1,182.04695868,3.7600
1627361455607000,1,240.95873874,3.7600
1627361455607000,1,95.91514544,3.7600
1627361455607000,1,0.76134414,3.7600
1627361455731000,1,278.00000000,3.7600
1627361727799000,1,171.19427723,3.7500
1627361727927000,1,80.13647644,3.7500
1627361727927000,1,75.66352356,3.7500
1627361986389000,0,563.80368051,3.7400
1627362006286000,1,80.34827626,3.7400
1627362006286000,1,321.05172374,3.7400
1627362604011000,1,201.61752510,3.7400
1627362604011000,1,55.78247490,3.7400
1627363260971000,0,46.87500000,3.7600
1627363516313000,0,22.04826776,3.7600
1627363525709000,1,26.61574694,3.7600
1627363527937000,1,26.61624435,3.7600
1627363548919000,1,26.61246665,3.7600
1627363559621000,0,26.61298968,3.7600
1627363563713000,1,26.61211994,3.7600
1627363669348000,1,37.17673620,3.7700
1627363669348000,1,53.42326380,3.7700
1627363669595000,0,19.48748034,3.7800
1627363669595000,0,180.58382396,3.7800
1627363669595000,0,151.40787297,3.7800
1627363669595000,0,26.53761610,3.7800
1627363669595000,0,319.30595795,3.7800
1627363743303000,0,26.54960635,3.7700
1627363743409000,1,26.54960635,3.7700
1627363745990000,1,4.22628999,3.7700
1627364091817000,0,10.00000000,3.7700
1627364093011000,0,16.55161449,3.7700
1627364093096000,1,26.55161449,3.7700
1627364094154000,1,5.70159282,3.7700
1627364499606000,1,232.00000000,3.7600
1627364499606000,1,165.09346829,3.7600
1627364632654000,1,85.80139041,3.7600
1627365400795000,0,26.54847961,3.7700
1627365400865000,1,26.54847961,3.7700
1627365415391000,0,26.54584077,3.7700
1627365482205000,1,64.29171918,3.7700
1627365482205000,1,329.51331309,3.7700
1627365631773000,1,29.03865822,3.7700
1627365631773000,1,86.48453729,3.7700
1627365631785000,1,69.63063520,3.7700
1627365645214000,0,26.54888186,3.7700
1627365645293000,1,26.54888186,3.7700
1627365789887000,1,26.61952061,3.7600
1627365791071000,1,26.62011090,3.7600
1627365792161000,1,26.62029513,3.7600
1627365969977000,1,26.61688926,3.7600
1627366011273000,0,46.87500000,3.7600
1627366011646000,0,401.60033974,3.7600
1627366011663000,0,16.37221100,3.7600
1627366011683000,0,59.39430899,3.7600
1627366011731000,0,66.79380441,3.7600
1627366011731000,0,56.40587681,3.7600
1627366138344000,0,40.45139574,3.7700
1627366138344000,0,101.12848934,3.7700
1627366598935000,1,145.03954493,3.7700
1627366598941000,1,200.00000000,3.7700
1627367224255000,1,57.56544933,3.7800
1627367224255000,1,11.95715832,3.7800
1627367225016000,1,32.07444698,3.7800
1627367225064000,1,197.30000000,3.7800
1627367225089000,1,179.80000000,3.7800
1627367884366000,1,47.40290819,3.7800
1627367884366000,1,374.80507442,3.7800
1627367886454000,1,32.18992558,3.7800
1627367886454000,1,100.26040554,3.7800
1627367887097000,1,251.91124168,3.7800
1627367887239000,1,38.75917102,3.7800
1627367887470000,1,71.18879415,3.7800
1627367887593000,1,45.13579315,3.7800
1627367887816000,0,54.25713707,3.7800
1627367887924000,0,343.79840000,3.7800
1627367887963000,0,0.00001848,3.7800
1627367897437000,1,382.56852935,3.7800
1627367898250000,0,80.49947046,3.7800
1627367898385000,0,32.20033827,3.7800
1627367905209000,0,28.49164723,3.7800
1627367929020000,0,29.00941634,3.7800
1627367929413000,0,72.53122261,3.7800
1627367935408000,0,26.71751868,3.7800
1627367940149000,0,19.90323263,3.7800
1627367940278000,0,26.12016973,3.7800
1627367941636000,0,65.30042431,3.7800
1627367961236000,0,23.61015231,3.7800
1627367963100000,0,44.50808431,3.7800
1627368426762000,0,51.21087688,3.7800
1627368574245000,1,394.64247186,3.7600
1627368574609000,1,53.25664377,3.7600
1627369013216000,0,566.30189828,3.7500
1627369034089000,1,25.80557242,3.7500
1627369618094000,0,19.05580051,3.7700
1627369618094000,0,443.49459737,3.7700
1627370066055000,0,66.24460688,3.7600
1627370394376000,0,25.00804054,3.7700
1627370396196000,0,62.51610928,3.7700
1627370898262000,1,46.87500000,3.7500
1627370922563000,1,46.87500000,3.7500
1627370944646000,1,19.82600616,3.7400
1627370944646000,1,442.17399384,3.7400
1627371117102000,1,29.45614001,3.7400
1627371272409000,1,242.92417951,3.7400
1627371894519000,1,540.35151671,3.7500
1627371894519000,1,232.00000000,3.7500
1627371894519000,1,18.93449013,3.7500
1627371894519000,1,59.31112816,3.7500
1627371894519000,1,148.28263862,3.7500
1627371894519000,1,385.61210564,3.7500
1627371894519000,1,3326.20000000,3.7500
1627371894588000,0,46.87500000,3.7500
1627372302517000,1,47.58261483,3.7400
1627372479834000,0,560.54337106,3.7500
1627372623154000,0,36.28533773,3.7600
1627372623154000,0,63.71466227,3.7600
1627372948526000,0,9.13051571,3.7500
1627373080189000,1,312.96500000,3.7400
1627373242372000,0,34.46737743,3.7600
1627373242372000,0,537.13870944,3.7600
1627374437271000,0,19.26255380,3.8000
1627374437271000,0,274.59680015,3.8000
1627374437271000,0,231.36959341,3.8000
1627374917685000,1,393.28504048,3.7900
1627375006625000,1,292.33145516,3.7900
1627375440366000,0,46.87500000,3.7800
1627375567410000,0,567.23300265,3.7800
1627375798348000,1,398.73250595,3.7900
1627376225892000,1,79.21837866,3.7900
1627376225916000,1,58.09347768,3.7900
1627376225934000,1,253.49881172,3.7900
1627376892951000,0,573.07062032,3.7900
1627377192695000,1,52.81110528,3.7900
1627377192789000,1,404.07358741,3.7900
1627377199633000,0,42.24172925,3.7900
1627377199633000,0,52.82004024,3.7900
1627377199633000,0,10.74034132,3.7900
1627377485850000,1,52.95155859,3.7800
1627378042228000,0,10.00000000,3.7900
1627378679169000,0,553.00165372,3.7900
1627379896534000,1,52.38880885,3.8200
1627379899721000,1,52.38990257,3.8200
1627379900922000,1,52.38990257,3.8200
1627379902027000,1,52.38989000,3.8200
1627379904322000,1,52.39120167,3.8200
1627380043561000,1,52.39243034,3.8200
1627380044664000,1,52.39252983,3.8200
1627380045740000,1,52.39401810,3.8200
1627381723555000,0,549.37686312,3.8200
1627381723555000,0,38.01213856,3.8200
1627381793743000,1,1.72999760,3.8200
1627382190250000,1,340.12839239,3.8300
1627382299965000,1,52.25235960,3.8300
1627382301035000,1,44.97319524,3.8300
1627382540296000,1,240.59390150,3.8300
1627382540296000,1,69.84610272,3.8300
1627382582865000,1,52.25338743,3.8300
1627382598468000,1,104.70918135,3.8300
1627382598540000,1,227.35587728,3.8300
1627382598756000,1,187.07051207,3.8300
1627382637929000,1,89.31953292,3.8300
1627382637929000,1,31.35525031,3.8300
1627382754684000,0,585.70504622,3.8300
1627382841411000,1,551.45364786,3.8300
1627382923999000,0,52.27116708,3.8300
1627382924080000,1,52.27116708,3.8300
1627382925214000,1,52.26135703,3.8300
1627382926413000,1,52.26135703,3.8300
1627383038941000,0,505.03125000,3.8400
1627383143750000,0,51.32777488,3.8400
1627383143750000,0,382.90567871,3.8400
1627383216888000,1,52.12133848,3.8400
1627383347595000,1,52.12113289,3.8400
1627384254488000,1,386.39309899,3.8400
1627384254708000,1,160.62061888,3.8400
1627384345547000,1,52.11490540,3.8400
1627384352393000,1,49.06791319,3.8400
1627384441012000,1,100.66740602,3.8400
1627384441012000,1,148.45259398,3.8400
1627384484641000,1,52.11664322,3.8400
1627384488990000,1,48.05727718,3.8400
1627385433020000,1,120.00000029,3.8400
1627385968173000,0,577.02436165,3.8600
1627386007240000,1,26.10000000,3.8600
1627386012616000,1,26.10000000,3.8600
1627386017593000,1,26.10000000,3.8600
1627386022461000,1,16.14279344,3.8600
1627386022461000,1,9.95720656,3.8600
1627386027442000,1,26.10000000,3.8600
1627386639553000,1,15.60000000,3.8700
1627386764704000,1,216.49484000,3.8800
1627386771929000,1,25.90000000,3.8700
1627386776820000,1,25.90000000,3.8700
1627386781853000,1,25.90000000,3.8700
1627386786846000,1,25.90000000,3.8700
1627386791878000,1,25.90000000,3.8700
1627386882108000,1,25.90000000,3.8800
1627386887166000,1,25.90000000,3.8800
1627386892128000,1,25.90000000,3.8800
1627386897207000,1,23.16129715,3.8800
1627386897207000,1,2.73870285,3.8800
1627387006811000,1,402.73523841,3.8800
1627387327415000,1,564.46747437,3.8800
1627387327415000,1,94.35154724,3.8800
1627387371262000,0,51.59232409,3.8800
1627387451586000,1,95.04081495,3.8800
1627387451632000,1,0.00000001,3.8800
1627387513628000,0,46.87500000,3.8800
1627387513807000,0,116.03021941,3.8800
1627387513879000,0,116.67569905,3.8800
1627387539316000,0,21.57341566,3.8800
1627387543716000,0,57.25288812,3.8800
1627387778817000,0,565.14352508,3.8700
1627389403837000,1,25.90000000,3.9000
1627389408834000,1,25.90000000,3.9000
1627389413905000,1,13.90000000,3.9000
1627389422061000,1,46.87500000,3.9000
1627389429862000,1,15.60000000,3.9000
1627389432846000,1,143.96458751,3.9000
1627389433380000,1,352.28101829,3.9000
1627389875388000,0,573.77476675,3.9100
1627389998625000,1,99.89543050,3.9100
1627390039327000,1,99.39609092,3.9100
1627390071026000,1,25.80000000,3.9100
1627390075997000,1,25.80000000,3.9100
1627390080956000,1,25.80000000,3.9100
1627390086151000,1,25.80000000,3.9100
1627390091075000,1,25.80000000,3.9100
1627390111244000,1,25.80000000,3.9100
1627390116421000,1,15.60000000,3.9100
1627390341825000,1,25.70000000,3.9200
1627390346432000,1,25.70000000,3.9200
1627390351383000,1,25.70000000,3.9200
1627390356329000,1,21.02582686,3.9200
1627390356329000,1,4.67417314,3.9100
1627390361356000,1,25.70000000,3.9100
1627390492128000,1,25.70000000,3.9200
1627390496696000,1,25.70000000,3.9200
1627390501678000,1,25.70000000,3.9200
1627390506721000,1,20.56206904,3.9200
1627390506721000,1,5.13793096,3.9100
1627390883978000,1,100.59324262,3.9300
1627391685860000,1,554.53327435,3.9100
1627391887041000,0,100.00000000,3.9000
1627391950195000,0,476.93817292,3.9000
1627392049447000,1,111.59382982,3.9000
1627392049447000,1,549.90325018,3.9000
1627392101915000,1,111.02360626,3.9000
1627392137596000,1,110.45779451,3.9000
1627392492257000,1,261.00015946,3.9000
1627392492257000,1,104.36196500,3.9000
1627393575263000,0,323.70793084,3.9300
1627393899293000,1,35.58269720,3.9300
1627394166728000,0,587.62356854,3.9200
1627394559517000,1,547.97467155,3.9100
1627394747539000,1,134.85421420,3.8600
1627394747786000,1,123.89947038,3.8600
1627394747786000,1,217.61658000,3.8600
1627394747786000,1,355.80670094,3.8600
1627394752411000,0,549.12435130,3.8700
1627394752411000,0,86.70464877,3.8700
1627394752411000,0,5.73430742,3.8700
1627394967266000,1,17.59635416,3.8400
1627394967547000,1,19.60031429,3.8300
1627394967547000,1,30.39968571,3.8300
1627395211663000,1,584.63164342,3.8200
1627395287989000,1,1180.80989583,3.8100
1627395661898000,0,557.25340925,3.8400
1627395854788000,1,312.76398557,3.8400
1627395854943000,1,241.27614000,3.8400
1627396372055000,1,96.86244842,3.8900
1627396628166000,1,97.59474411,3.8800
1627396628166000,1,131.34303636,3.8800
1627397538363000,0,36.63824289,3.8700
1627399763718000,1,98.65379473,3.8700
1627399763718000,1,129.76107094,3.8700
1627399908061000,1,376.13955054,3.8600
1627400046558000,0,389.37756317,3.8500
1627400409501000,1,89.52287000,3.8400
1627400662899000,1,107.31874780,3.8300
1627400662899000,1,121.12554286,3.8300
1627400662899000,1,996.83000000,3.8200
1627400662899000,1,223.00000000,3.8200
1627400662899000,1,219.89528000,3.8200
1627400662899000,1,18.85719921,3.8200
1627400662899000,1,314.05323013,3.8200
1627400777946000,1,46.87500000,3.8300
1627402397262000,1,17.68848166,3.8200
1627402397277000,1,0.00000001,3.8200
1627402629065000,1,81.11179125,3.8100
1627402629065000,1,81.72992111,3.8100
1627402639067000,0,390.97395637,3.8100
1627402830837000,0,87.74763876,3.8000
1627402973602000,0,19.28649135,3.8000
1627402973602000,0,46.11350865,3.8000
1627402978935000,0,22.90000000,3.7900
1627403403323000,0,99.04640752,3.7700
1627403403323000,0,300.43158965,3.7700
1627403693828000,1,23.51477832,3.7700
1627403898794000,0,389.48904670,3.7900
1627404570983000,0,24.90000000,3.7600
1627404583932000,1,394.81845559,3.7500
1627404619920000,1,18.91841641,3.7500
1627404619920000,1,146.54324679,3.7500
1627404858366000,0,26.40000000,3.7500
1627404860160000,0,33.00000000,3.7500
1627404863511000,0,26.40000000,3.7500
1627404865086000,0,10.55083428,3.7500
1627404865086000,0,22.44916572,3.7500
1627404868385000,0,26.40000000,3.7500
1627405024131000,0,26.40000000,3.7500
1627405029047000,0,26.40000000,3.7500
1627405034177000,0,26.40000000,3.7500
1627405039107000,0,26.40000000,3.7500
1627405056558000,0,15.80000000,3.7500
1627405888848000,1,248.19249480,3.7300
1627406509189000,0,196.15859453,3.7600
1627406509189000,0,78.44513913,3.7600
1627406509189000,0,134.98935144,3.7600
1627407120402000,1,265.61378254,3.7600
1627407120402000,1,393.95530431,3.7600
1627407999540000,1,396.53933604,3.7600
1627408915642000,0,52.92553191,3.7600
1627409117498000,0,15.80000000,3.7300
1627409176332000,1,10.00000000,3.7200
1627409211134000,0,26.60000000,3.7300
1627409216143000,0,26.60000000,3.7200
1627409465441000,1,46.87500000,3.7800
1627409720370000,1,124.42881438,3.7700
1627409720389000,1,42.12303498,3.7700
1627409721150000,1,60.00000000,3.7600
1627409721167000,1,53.86000000,3.7600
1627409721174000,1,52.69184936,3.7600
1627409877102000,1,46.87500000,3.7600
1627409877140000,1,450.00000000,3.7600
1627410122696000,0,34.81564154,3.7300
1627410480762000,0,240.33437107,3.7400
1627410480780000,0,160.33777825,3.7400
1627411674426000,0,110.57737196,3.7700
1627411674426000,0,417.28469700,3.7700
1627412019955000,0,29.15608465,3.7800
1627412212202000,0,20.32175742,3.7800
1627412212382000,0,37.09447186,3.7800
1627412863599000,1,18.91912190,3.7900
1627412863599000,1,263.49062047,3.7900
1627412863599000,1,459.12530478,3.7900
1627412950386000,0,46.87500000,3.7900
1627415644800000,0,46.87500000,3.8000
1627416847104000,0,72.95294198,3.8000
1627418176498000,0,391.08099464,3.8100
1627418176967000,0,18.55802178,3.8200
1627418176967000,0,221.00000000,3.8200
1627418176967000,0,460.67176612,3.8200
1627418176967000,0,1.02152100,3.8200
1627418914454000,1,29.86141506,3.8100
1627418914454000,1,570.08744114,3.8100
1627418914454000,1,78.10145699,3.8100
1627418914454000,1,36.04598503,3.8100
1627419272523000,0,36.00000000,3.8300
1627419272657000,0,51.00000000,3.8300
1627419273294000,0,30.00000000,3.8300
1627419274282000,0,39.00000000,3.8300
1627419274478000,0,36.00000000,3.8300
1627419274658000,0,44.00000000,3.8300
1627419792706000,0,33.01000000,3.8300
1627421244011000,0,259.52815542,3.8500
1627421529611000,0,155.89638380,3.8600
1627421531073000,0,211.67774298,3.8600
1627421533567000,0,20.90138703,3.8600
1627423060139000,1,23.30110025,3.8500
1627423060189000,1,106.65000000,3.8500
1627423125755000,1,71.99999999,3.8500
1627423125764000,1,28.71840940,3.8500
1627423984430000,1,569.01933890,3.8300
1627423984430000,1,42.04091470,3.8300
1627423984430000,1,104.53727293,3.8300
1627423984430000,1,260.90781338,3.8300
1627423984430000,1,271.76396766,3.8300
1627423984430000,1,996.83000000,3.8300
1627423984430000,1,393.68146213,3.8300
1627423984505000,0,132.93910000,3.8300
1627423984555000,0,0.00003201,3.8300
1627425323071000,0,43.93293473,3.8700
1627425323439000,0,50.01234349,3.8700
1627425323612000,0,39.15255929,3.8700
1627425323612000,0,10.84752876,3.8700
1627425327887000,0,400.42324374,3.8700
1627425484469000,0,215.43629620,3.8800
1627425484469000,0,86.18106796,3.8800
1627425484469000,0,11.29663584,3.8800
1627425484874000,0,86.28438945,3.8900
1627425484874000,0,560.76965109,3.8900
1627425484874000,0,215.71061762,3.8900
1627425484876000,0,0.00000001,3.8900
1627425542830000,1,105.80211081,3.8800
1627425601850000,1,15.27137898,3.8800
1627425707111000,0,33.13236137,3.8900
1627425707111000,0,353.57266291,3.8900
1627425731099000,1,108.62105000,3.8900
1627425939056000,1,25.90000000,3.9000
1627425944075000,1,25.90000000,3.9000
1627425949089000,1,15.60000000,3.9000
1627425976073000,1,98.20019000,3.9100
1627426056062000,0,255.50023468,3.9100
1627426099056000,1,25.80000000,3.9100
1627426104074000,1,25.80000000,3.9100
1627426109147000,1,25.80000000,3.9100
1627426114162000,1,25.80000000,3.9100
1627426119198000,1,25.80000000,3.9100
1627426124190000,1,25.80000000,3.9100
1627426129305000,1,25.80000000,3.9100
1627426134233000,1,25.80000000,3.9100
1627426169551000,0,20.51210000,3.9200
1627426169746000,0,32.05298915,3.9200
1627426169861000,0,12.94914085,3.9200
1627426169861000,0,176.26084831,3.9200
1627426169901000,0,218.31508375,3.9200
1627426170693000,0,43.80215845,3.9200
1627426317912000,0,17.91596480,3.9200
1627426318573000,0,344.27358274,3.9200
1627426365652000,1,25.70000000,3.9200
1627426370272000,1,25.70000000,3.9200
1627426375796000,1,14.40000000,3.9200
1627426384633000,1,15.50000000,3.9200
1627426413589000,1,15.50000000,3.9200
1627426438156000,1,15.50000000,3.9200
1627426686826000,1,126.68811600,3.9200
1627426687061000,1,199.38551199,3.9200
1627426687100000,1,185.70000000,3.9200
1627426795514000,0,68.83342906,3.9100
1627426795514000,0,171.63118354,3.9100
1627427224256000,0,363.22366696,3.8900
1627427861213000,1,51.45162593,3.8900
1627428635306000,1,96.83322417,3.9100
1627428635306000,1,240.82102545,3.9100
1627428635306000,1,52.34575094,3.9100
1627428635321000,1,374.74000000,3.9100
1627429996954000,0,51.14566373,3.9100
1627429996999000,0,140.65057283,3.9100
