timestamp ms,type,amount,price
1622073658514000,1,41.38235478,7.2200
1622073659172000,1,16.57056786,7.2100
1622073659172000,1,41.43632114,7.2100
1622073976637000,0,10.78220772,7.3900
1622073979288000,0,75.00000000,7.4000
1622073980594000,0,75.00000000,7.4100
1622073981775000,0,112.50000000,7.4100
1622074005836000,1,6.95555555,7.4600
1622074005965000,0,14.10095497,7.5000
1622074005965000,0,76.00000000,7.5100
1622074005965000,0,342.16868132,7.5100
1622074005965000,0,295.40534501,7.5100
1622074005965000,0,145.41885478,7.5100
1622074005965000,0,20.43833784,7.5200
1622074029019000,1,17.00000000,7.4100
1622074064193000,1,16.90000000,7.4500
1622074092930000,0,75.00000000,7.5100
1622074157111000,0,9.15174505,7.5600
1622074157175000,0,0.00000001,7.5600
1622074178066000,0,6.76671035,7.6300
1622074183442000,1,17.00000000,7.6100
1622074216166000,0,9.99999999,7.6800
1622074216176000,0,0.00000001,7.6800
1622074224565000,0,5.00000000,7.7000
1622074228154000,1,100.00000001,7.7000
1622074238452000,1,285.39184517,7.7000
1622074238452000,1,31.63883483,7.7000
1622074238612000,1,97.79699685,7.7000
1622074261908000,0,4.47585079,7.7300
1622074262214000,0,30.15050167,7.7400
1622074262570000,1,201.66069000,7.7500
1622074263491000,1,76.00000000,7.7600
1622074263491000,1,108.24742000,7.7600
1622074263709000,1,75.00000000,7.7500
1622074263822000,1,74.19419057,7.7600
1622074263822000,1,427.70073980,7.7500
1622074265455000,0,10.97151652,7.8000
1622074265555000,1,64.02848000,7.8000
1622074265564000,1,0.00000348,7.8000
1622074284573000,0,5.00000000,7.8200
1622074285054000,1,70.00000000,7.8200
1622074288345000,1,440.00000000,7.8200
1622074289201000,0,4.63000000,7.8400
1622074322682000,1,75.00000000,7.8500
1622074322734000,1,116.73630573,7.8500
1622074326655000,1,530.00000000,7.8600
1622074335633000,0,99.51939060,7.8800
1622074345864000,1,146.19423674,7.8500
1622074345864000,1,279.75659760,7.8500
1622074346400000,1,75.00000000,7.8200
1622074346409000,1,202.00000000,7.8200
1622074346635000,1,4.42775000,7.8200
1622074346647000,1,368.24317948,7.8200
1622074346735000,1,4.42775179,7.8100
1622074350798000,1,75.00000000,7.7700
1622074359753000,0,73.00000000,7.7700
1622074391752000,1,6.76671035,7.7300
1622074451690000,1,74.00000000,7.7700
1622074451693000,0,69.74582337,7.7700
1622074451694000,0,141.71227316,7.7700
1622074451752000,0,39.63832646,7.7700
1622074451752000,0,153.75935692,7.7900
1622074451752000,0,39.63832647,7.7900
1622074451864000,1,75.00000000,7.7900
1622074454966000,1,75.00000000,7.8300
1622074459192000,0,6.62086513,7.8600
1622074465467000,0,113.41177000,7.8400
1622074465467000,0,24.55512045,7.8400
1622074466199000,0,113.41177000,7.8300
1622074466199000,0,77.00000000,7.8300
1622074473442000,1,600.00000000,7.8300
1622074509113000,0,57.56476093,7.9000
1622074509124000,0,92.43523907,7.9000
1622074509124000,0,250.00000000,7.9000
1622074509124000,0,67.59646739,7.9000
1622074509124000,0,62.23011363,7.9000
1622074509807000,0,934.43695865,7.9100
1622074509807000,0,4.29326008,7.9100
1622074510265000,0,509.33088000,7.9200
1622074510288000,0,0.00000737,7.9200
1622074532419000,0,4.42775179,7.9400
1622074539416000,1,125.70879000,7.9400
1622074541740000,1,0.00000847,7.9400
1622074541740000,1,76.99999153,7.9300
1622074550190000,1,4.46075000,7.8800
1622074550277000,1,0.00000400,7.8800
1622074550421000,1,6.62086513,7.8600
1622074550474000,0,74.99999600,7.8800
1622074550572000,1,13.95356670,7.8800
1622074569410000,0,51.77307327,7.9600
1622074591579000,1,105.66037000,7.9500
1622074591579000,1,125.54731299,7.9500
1622074591579000,1,485.00000000,7.9500
1622074595774000,0,75.00000000,7.9100
1622074597162000,0,75.00000000,7.8700
1622074597268000,1,2398.38249986,7.8700
1622074597514000,1,24.84900000,7.8200
1622074597514000,1,127.04137498,7.8200
1622074598704000,0,105.59286000,7.8900
1622074598781000,1,72.00000000,7.8900
1622074598816000,1,75.00000000,7.8900
1622074607267000,1,396.59009808,7.8400
1622074655849000,1,75.00000000,7.8700
1622074712516000,0,228.72349000,7.8400
1622074783095000,0,277.99909768,7.8000
1622074783279000,1,300.00000000,7.8000
1622074807036000,0,128.18974000,7.8200
1622074812883000,0,0.00000976,7.8200
1622074951304000,1,421.96498000,7.8500
1622074951304000,1,75.00000000,7.8400
1622074951304000,1,89.37238075,7.8400
1622074954773000,1,420.00000000,7.8400
1622074959886000,0,11.05621000,7.8500
1622074960004000,0,0.00000502,7.8500
1622074977291000,1,72.91943590,7.7900
1622075008677000,0,139.81418906,7.8600
1622075034649000,1,134.57071000,7.8700
1622075035855000,1,850.00000000,7.8600
1622075047443000,0,127.42645874,7.8900
1622075047443000,0,75.00000000,7.8900
1622075066558000,1,300.00000000,7.8900
1622075071280000,0,6.56400506,7.8900
1622075098031000,0,127.29697000,7.8700
1622075102473000,0,0.00000520,7.8700
1622075102473000,0,127.29696480,7.8700
1622075118212000,1,46.89114850,7.8000
1622075118273000,1,60.80115150,7.8000
1622075118541000,1,450.00000000,7.7900
1622075119092000,0,75.00000000,7.7900
1622075125808000,0,105.59286000,7.8200
1622075125808000,0,128.49100000,7.8200
1622075174157000,0,128.36112000,7.8100
1622075186383000,0,0.00000850,7.8100
1622075186383000,0,77.00000000,7.8100
1622075186383000,0,128.26523307,7.8100
1622075220280000,1,450.00000000,7.7700
1622075220280000,1,350.00000000,7.7700
1622075265587000,1,13.29636835,7.7100
1622075288413000,1,75.00000000,7.6600
1622075288413000,1,137.17838202,7.6600
1622075288413000,1,109.66057000,7.6600
1622075288413000,1,130.18391895,7.6500
1622075288413000,1,147.97712903,7.6500
1622075348096000,0,75.00000000,7.6700
1622075352465000,1,10.00000000,7.6400
1622075420089000,1,75.00000000,7.6700
1622075436047000,0,75.00000000,7.7000
1622075547628000,1,26.94086727,7.6100
1622075629610000,0,85.21219000,7.5600
1622075630979000,1,75.00000000,7.5600
1622075655332000,1,74.00000000,7.5300
1622075655378000,1,140.21747695,7.5200
1622075655378000,1,328.83092165,7.5200
1622075655381000,1,473.95160140,7.5200
1622075655381000,1,37.00106675,7.5200
1622075655383000,1,37.99893325,7.5200
1622075655383000,1,15.77509307,7.5100
1622075655383000,1,13.65113182,7.5100
1622075655383000,1,331.13318483,7.5100
1622075655383000,1,102.84055995,7.5100
1622075655433000,1,95.21536547,7.5100
1622075655433000,1,18.17048092,7.5000
1622075655433000,1,117.48045647,7.5000
1622075655605000,1,75.00000000,7.5200
1622075656562000,0,61.66728144,7.5300
1622075656562000,0,543.48748046,7.5400
1622075660399000,1,75.00000000,7.5400
1622075669518000,1,6.56400506,7.4800
1622075684685000,1,15.77509307,7.5000
1622075701349000,1,133.05444173,7.4900
1622075701349000,1,266.66355827,7.4900
1622075738720000,0,74.99999867,7.5400
1622075738799000,0,0.00000001,7.5400
1622075801052000,0,60.58713904,7.6000
1622075801062000,0,60.17232558,7.6000
1622075801068000,0,152.35875590,7.6000
1622075801120000,0,3.88177948,7.6000
1622075892770000,1,15.00000000,7.5300
1622076044497000,1,15.00000000,7.5800
1622076122592000,1,288.49532829,7.5500
1622076122592000,1,152.52119918,7.5500
1622076136201000,0,74.00000000,7.5500
1622076183161000,1,300.00000000,7.4700
1622076193266000,1,20.00000000,7.4900
1622076209643000,1,119.50387929,7.4900
1622076209643000,1,133.21046269,7.4800
1622076209643000,1,3.96000000,7.4800
1622076209643000,1,406.99500000,7.4800
1622076209643000,1,304.60179430,7.4800
1622076209643000,1,120.50522659,7.4700
1622076254664000,0,6.46887417,7.5500
1622076460280000,0,28.21082000,7.6500
1622076460280000,0,46.78918000,7.6500
1622076460334000,0,28.21082000,7.6500
1622076590427000,0,280.57855587,7.6600
1622076682503000,0,210.43391690,7.7200
1622076682503000,0,85.43395874,7.7200
1622076843099000,1,158.63397284,7.6800
1622076843160000,1,49.64304180,7.6800
1622077593439000,0,12.97401000,7.5800
1622077680438000,0,132.55131000,7.5600
1622077823526000,1,592.22303983,7.5300
1622077824089000,1,18.24050632,7.5100
1622077859912000,0,133.25384210,7.5200
1622078183166000,0,165.95417839,7.4900
1622078183166000,0,72.00000000,7.4900
1622078183166000,0,60.25064740,7.4900
1622078183172000,0,73.73997004,7.4900
1622078183172000,0,439.99720343,7.5000
1622078183220000,0,28.96995759,7.5000
1622078183733000,0,19.95651512,7.5000
1622078375151000,0,148.40321080,7.4400
1622078375151000,0,77.00000000,7.4400
1622078375151000,0,134.56317576,7.4400
1622078375151000,0,538.69267208,7.4400
1622078375151000,0,199.95967741,7.4400
1622078375151000,0,336.77468082,7.4500
1622078375151000,0,43.34164183,7.4500
1622078426006000,0,75.00000000,7.4200
1622078444994000,1,283.82382056,7.3700
1622078445489000,1,151.77419993,7.3600
1622078445489000,1,348.22580007,7.3600
1622078521691000,1,6.46887417,7.3700
1622078524908000,1,69.53112583,7.3700
1622078524908000,1,292.44939603,7.3700
1622079005073000,1,41.80679897,7.3500
1622079160444000,0,26.82567567,7.4000
1622079185945000,0,179.78426051,7.3700
1622079218750000,0,27.00952380,7.3500
1622079338087000,1,136.35000925,7.3200
1622079338087000,1,43.43425126,7.3100
1622079430734000,1,135.96786878,7.3400
1622079430734000,1,75.00000000,7.3300
1622079430734000,1,136.13059846,7.3300
1622079430734000,1,96.45063786,7.3300
1622079430734000,1,217.59179630,7.3300
1622079539555000,0,298.75589716,7.3700
1622079539555000,0,149.51562024,7.3700
1622079593230000,0,143.07179719,7.3800
1622079654930000,0,282.28603510,7.3900
1622079654930000,0,147.98618437,7.3900
1622079661038000,0,6.41216216,7.4000
1622079994120000,0,146.15540208,7.4100
1622080164435000,0,33.73207036,7.3900
1622080393173000,1,1372.79708537,7.2800
1622080509467000,1,137.90626493,7.2300
1622080630625000,1,30.00000000,7.1000
1622080630625000,1,4.29326008,7.1000
1622080634291000,0,174.91242999,7.1100
1622080634339000,0,0.00000001,7.1100
1622080670273000,1,1517.14530000,7.1300
1622080670273000,1,996.83000000,7.1300
1622080670273000,1,117.81206000,7.1300
1622080670273000,1,139.91483856,7.1200
1622080670273000,1,75.00000000,7.1200
1622080670273000,1,74.00000000,7.1100
1622080670273000,1,349.71975094,7.1100
1622080670273000,1,4162.90191413,7.1100
1622080680277000,1,139.84222000,7.1400
1622080682814000,0,900.78183962,7.1600
1622080682814000,0,295.83802385,7.1600
1622080682814000,0,156.41657350,7.1600
1622080684722000,0,943.00000000,7.1700
1622080725006000,1,139.21079582,7.1600
1622080725006000,1,174.55990511,7.1600
1622080897823000,1,206.90443212,7.2200
1622081263221000,0,250.00000000,7.3100
1622081325871000,1,136.64689961,7.3000
1622081565473000,0,400.00000000,7.4000
1622081716011000,1,133.61131000,7.4700
1622081754777000,1,200.11363635,7.4800
1622081754777000,1,133.40915832,7.4800
1622081754777000,1,295.14937896,7.4700
1622081754777000,1,137.38676334,7.4700
1622081754777000,1,127.47323695,7.4700
1622081765355000,1,16.33722000,7.4900
1622081765358000,1,7.55931620,7.4900
1622081851615000,1,83.25625924,7.4200
1622081997865000,0,3.59180977,7.5700
1622082380707000,1,206.09226593,7.3700
1622082380707000,1,135.34217365,7.3700
1622082380707000,1,135.59089843,7.3600
1622082380707000,1,112.97466199,7.3600
1622082564981000,0,714.39058957,7.4000
1622082710897000,1,75.26626323,7.3400
1622082721259000,1,26.37702503,7.3300
1622083445015000,1,139.31613072,7.3500
1622083493873000,1,207.07765666,7.3400
1622083494113000,1,0.00000001,7.3400
1622084165036000,1,208.06052269,7.2700
1622084165036000,1,91.97910059,7.2700
1622084285005000,1,135.96083176,7.3400
1622084285005000,1,205.82537516,7.3300
1622084285005000,1,63.62615631,7.3300
1622084573052000,1,25.00000000,7.2700
1622084592399000,1,18.33652530,7.2200
1622084740367000,1,137.85024417,7.2300
1622084740367000,1,153.34261373,7.2300
1622084740367000,1,304.91560962,7.2300
1622084740367000,1,209.19087136,7.2300
1622084740367000,1,138.26396721,7.2200
1622084740367000,1,75.66955105,7.2200
1622084876148000,1,0.00000540,7.1400
1622085005068000,1,150.49109975,7.1900
1622085005068000,1,295.28542264,7.1900
1622085005068000,1,139.03576104,7.1800
1622085005068000,1,74.35904966,7.1700
1622085519120000,1,195.82875380,7.1200
1622085558147000,0,27.94943820,7.1200
1622085575416000,0,151.78300076,7.1200
1622085575416000,0,116.77346000,7.1200
1622085578813000,0,492.50667978,7.1300
1622085620739000,0,27.79469273,7.1600
1622086062798000,1,400.00000000,7.2200
1622086234868000,0,153.31631836,7.2500
1622086234868000,0,303.69764018,7.2500
1622086455645000,0,140.48780331,7.2700
1622086455645000,0,282.33131521,7.2700
1622086485070000,1,137.06158030,7.2800
1622086485070000,1,206.84752746,7.2800
1622086485070000,1,115.38461000,7.2800
1622086485070000,1,69.93373453,7.2800
1622086890227000,0,73.00000000,7.2500
1622087167101000,0,2741.33721907,7.2900
1622087167610000,0,2258.66278093,7.2900
1622087233354000,0,205.15796702,7.2800
1622087233354000,0,75.00000000,7.2800
1622087233354000,0,308.19690000,7.2800
1622087233354000,0,137.63925371,7.2800
1622087233354000,0,12.18015312,7.2800
1622087365007000,1,292.92499665,7.2600
1622087365007000,1,208.34710743,7.2600
1622087365007000,1,137.45272358,7.2600
1622087365007000,1,153.30286229,7.2600
1622087365007000,1,115.70247000,7.2600
1622087623175000,1,6.66734191,7.2300
1622087623854000,1,0.00000001,7.2300
1622088418849000,1,349.99999999,7.3100
1622088525050000,1,135.57671213,7.3600
1622088525050000,1,115.92033512,7.3600
1622088651719000,1,7.00000000,7.3600
1622089200502000,0,17.69167803,7.3300
1622089764308000,1,399.71800000,7.2400
1622089793825000,1,100.00000000,7.2300
1622090202495000,1,399.71800000,7.2800
1622090211877000,1,200.28200000,7.2800
1622090598720000,1,53.83519947,7.3000
1622091525004000,1,205.29729729,7.3900
1622091572168000,0,85.83686353,7.4000
1622091572244000,0,64.13848099,7.4000
1622091572244000,0,83.86151901,7.4000
1622091572263000,0,64.90000000,7.4000
1622091572275000,0,39.69999999,7.4000
1622092429465000,1,153.32196452,7.2600
1622092429465000,1,197.68963148,7.2600
1622092794925000,0,68.40410958,7.3000
1622092933933000,0,611.96045950,7.3300
1622093150249000,1,100.00000000,7.2800
1622093885024000,0,46.28267717,7.3500
1622094034560000,0,10.78220772,7.3400
1622094035508000,0,0.00000001,7.3400
1622094446096000,0,100.00000000,7.4100
1622094764992000,0,150.98931989,7.4800
1622094764992000,0,75.19751743,7.4800
1622094876764000,0,113.96382000,7.5300
1622095130295000,1,75.00000000,7.5200
1622095234592000,0,75.00000000,7.5700
1622095234592000,0,136.86483497,7.5700
1622095234592000,0,88.13516503,7.5700
1622095286384000,0,132.49723831,7.5600
1622095286384000,0,29.90090983,7.5600
1622095549975000,1,75.00000000,7.5300
1622095819377000,0,128.05750279,7.5100
1622095819443000,0,32.07669692,7.5100
1622095919702000,1,73.51853816,7.4900
1622095919871000,1,26.48146184,7.4900
1622096328119000,0,288.48860545,7.5600
1622096328119000,0,331.11498994,7.5700
1622096328119000,0,77.00000000,7.5700
1622096328119000,0,8.73716187,7.5700
1622096469193000,0,62.50000000,7.6000
1622096720989000,0,13.19444444,7.5600
1622096811285000,1,41.16439393,7.5500
1622096899392000,0,27.90000000,7.6300
1622096899506000,0,21.38952069,7.6300
1622096899522000,0,21.50000000,7.6300
1622096899545000,0,60.46663931,7.6300
1622096899894000,0,49.87766000,7.6400
1622096900284000,0,30.38000000,7.6400
1622097025457000,1,2153.97432605,7.7900
1622097225068000,1,75.00000000,7.6800
1622097225592000,1,515.00000000,7.6800
1622097612115000,1,196.22529643,7.5900
1622097612115000,1,74.00000000,7.5900
1622097612115000,1,129.49270357,7.5900
1622097673770000,0,638.08499160,7.5800
1622097765655000,0,75.00000000,7.6200
1622097765790000,0,202.00000000,7.6200
1622098028309000,0,75.00000000,7.6200
1622098175255000,0,75.05407935,7.6500
1622098175268000,0,32.75000000,7.6500
1622098178385000,1,75.00000000,7.6400
1622098179754000,1,75.00000000,7.6400
1622098179867000,0,69.10594571,7.6400
1622098668345000,1,148.57386453,7.6000
1622098668345000,1,178.31779674,7.6000
1622098999910000,0,68.17709484,7.5600
1622099285017000,1,299.55463012,7.5300
1622099285557000,1,80.00000000,7.5200
1622099285557000,1,59.62780898,7.5200
1622099324991000,1,198.91478028,7.5100
1622099324991000,1,3.90500029,7.5100
1622099884907000,1,19.16306556,7.4800
1622099884907000,1,133.61291763,7.4800
1622099885357000,1,133.61291763,7.4800
1622099885357000,1,231.22741850,7.4700
1622099920097000,1,100.00000000,7.4600
1622100006329000,0,185.63614664,7.4800
1622100006329000,0,375.57963770,7.4800
1622100525031000,1,201.49534249,7.4300
1622100564974000,1,7.78243243,7.4300
1622100757036000,1,7.78243243,7.4700
1622100960685000,0,135.28154050,7.5300
1622101724891000,0,199.39361478,7.5000
1622101724891000,0,403.98520676,7.5000
1622101753866000,0,23.99004829,7.5100
1622102138739000,0,155.80000000,7.4900
1622102138812000,0,75.99999999,7.4900
1622102139285000,0,768.20000001,7.4900
1622102302130000,0,133.66306347,7.4900
1622102302347000,0,100.00000000,7.4900
1622102302374000,0,41.37614805,7.4900
1622102536850000,1,22.03000000,7.4800
1622102537286000,1,27.64132343,7.4800
1622102537311000,1,139.20238300,7.4800
1622102537361000,1,61.48944829,7.4800
1622102537361000,1,27.96958645,7.4800
1622102537370000,1,43.28165535,7.4800
1622102537380000,1,27.90000000,7.4800
1622102537423000,1,61.89332641,7.4800
1622102537465000,1,3.59227707,7.4800
1622102827798000,1,135.07118438,7.3900
1622102827798000,1,0.21035612,7.3900
1622102957514000,1,100.00000000,7.4200
1622103045005000,0,198.07252329,7.4600
1622103167547000,0,132.95200000,7.5000
1622103320169000,1,184.64856276,7.5100
1622103476581000,1,114.43833780,7.5300
1622104123673000,0,25.50000063,7.5300
1622104123934000,0,23.68906569,7.5300
1622104123947000,0,79.74481658,7.5300
1622104805014000,1,199.26877469,7.5900
1622104805014000,1,1.03274101,7.5900
1622105133102000,1,194.21067750,7.5800
1622105133102000,1,402.68978959,7.5800
1622105612647000,0,8.22149410,7.6300
1622105657649000,0,66.77850590,7.6300
1622105657649000,0,64.54149410,7.6300
1622105685017000,1,218.53704801,7.6100
1622105754642000,0,131.32000000,7.6300
1622105804410000,1,197.84031669,7.5900
1622105804410000,1,403.39448408,7.5900
1622105846929000,0,4.00000000,7.5900
1622105852286000,0,132.01000000,7.5800
1622105949044000,0,132.44000000,7.6000
1622106050091000,0,131.26751595,7.6300
1622106050091000,0,0.14248405,7.6300
1622106147257000,0,131.41000000,7.6200
1622106196230000,0,100.00000000,7.6200
1622106244678000,0,131.22000000,7.6300
1622106332820000,0,159.20767763,7.6500
1622106342450000,0,130.80000000,7.6500
1622106356994000,0,43.05000000,7.6500
1622106424482000,0,23.73310000,7.6600
1622106427731000,0,114.26461734,7.6700
1622106427763000,0,45.08626015,7.6700
1622106427790000,0,18.70000000,7.6700
1622106427936000,0,16.40442465,7.6700
1622106428066000,0,62.74764940,7.6700
1622106439433000,0,130.29000000,7.6800
1622106536180000,0,130.46000000,7.6900
1622106588458000,1,8.23967774,7.6600
1622106910180000,0,9.67142857,7.7000
1622107357127000,0,400.30853018,7.7100
1622107357127000,0,191.32688540,7.7100
1622107412696000,0,6.94055118,7.7300
1622107476848000,1,100.09711821,7.7300
1622107537876000,1,30.40620481,7.7300
1622107563227000,0,38.94147225,7.7500
1622107563239000,0,93.44554661,7.7500
1622107565654000,1,38.92942104,7.7600
1622107566689000,1,75.00000000,7.7500
1622107749028000,0,395.03104481,7.7200
1622107862409000,1,25.59819161,7.7100
1622107862409000,1,14.31178068,7.7000
1622107964533000,1,132.95200000,7.6800
1622107983049000,1,66.69692000,7.6800
1622107983063000,1,0.00000186,7.6800
1622107983063000,1,28.87997198,7.6800
1622108124995000,1,184.96667797,7.7100
1622108124995000,1,347.47709354,7.7100
1622108449036000,0,403.52591501,7.7800
1622108449036000,0,186.02949605,7.7800
1622108449036000,0,74.00000000,7.7800
1622108449036000,0,128.74644703,7.7800
1622108449036000,0,300.67711285,7.7800
1622108449036000,0,193.24550128,7.7800
1622108449036000,0,109.00829000,7.7800
1622108449036000,0,440.32905689,7.7800
1622108451364000,1,49.94704010,7.7600
1622108451364000,1,128.73535737,7.7600
1622108451364000,1,124.84344325,7.7600
1622108451364000,1,76.00000000,7.7600
1622108451364000,1,373.47073062,7.7600
1622108451364000,1,185.05554689,7.7600
1622108451426000,0,996.83000000,7.7600
1622108451468000,0,537.32172749,7.7600
1622108453352000,0,128.74644703,7.7800
1622108453352000,0,288.30682439,7.7800
1622108453352000,0,156.73279139,7.7800
1622108453352000,0,391.75153483,7.7800
1622108453469000,1,1584.88042677,7.7800
1622108455327000,0,128.65465097,7.7800
1622108455327000,0,550.00000000,7.7800
1622108455327000,0,75.00000000,7.7800
1622108455327000,0,72.00000000,7.7800
1622108455327000,0,381.37179011,7.7800
1622108455327000,0,197.81407102,7.7800
1622108458926000,1,128.73535737,7.7600
1622108458926000,1,185.16580077,7.7600
1622108458926000,1,387.32526265,7.7600
1622108459048000,0,128.62859366,7.7600
1622108459083000,0,1617.69561732,7.7600
1622108512255000,1,51.82151387,7.7600
1622108512255000,1,78.57332609,7.7600
1622108535539000,1,51.49126850,7.7700
1622108552561000,1,51.12803612,7.7800
1622108552634000,0,72.00000000,7.7800
1622108552658000,0,10.25530241,7.7800
1622108565113000,1,50.82544444,7.7900
1622108565113000,1,127.06559984,7.7900
1622108565113000,1,82.25530000,7.7800
1622108565113000,1,364.93609628,7.7800
1622108565113000,1,128.22048373,7.7800
1622108565113000,1,194.96655624,7.7800
1622108565113000,1,107.96915000,7.7800
1622108565113000,1,75.00000000,7.7800
1622108565113000,1,195.21208225,7.7800
1622108565113000,1,425.00000000,7.7800
1622108565113000,1,445.21472196,7.7800
1622108594335000,1,49.47459633,7.8100
1622108612459000,1,32.30000000,7.8100
1622108621300000,1,515.00000000,7.8000
1622108665134000,1,108.80478068,7.7500
1622108665134000,1,291.19521932,7.7500
1622108723755000,1,42.82328000,7.7900
1622108737173000,0,130.90231362,7.7800
1622108850101000,1,41.63062271,7.7900
1622108850101000,1,33.76934570,7.7900
1622108860358000,1,40.88352000,7.7900
1622108881327000,1,40.37075000,7.8100
1622108887803000,1,40.17585000,7.8100
1622108900253000,1,0.00000419,7.8100
1622108900253000,1,99.93603581,7.8100
1622108951809000,1,39.51381734,7.8000
1622108952415000,1,98.83001545,7.7900
1622108952415000,1,39.55182455,7.7900
1622108964975000,1,376.29467768,7.7600
1622108964975000,1,144.38606134,7.7600
1622109034003000,0,372.01802571,7.8300
1622109068763000,1,46.52929990,7.8500
1622109068763000,1,116.23230010,7.8500
1622109069850000,1,115.78595308,7.8400
1622109069850000,1,46.34287692,7.8400
1622109075173000,1,16.10000000,7.8400
1622109085003000,1,250.00000000,7.8400
1622109085003000,1,14.38197314,7.8400
1622109096979000,1,43.74721089,7.8500
1622109096979000,1,107.45780630,7.8500
1622109106005000,1,42.20256903,7.8500
1622109106005000,1,107.44721097,7.8500
1622109109637000,1,16.10000000,7.8300
1622109141123000,1,100.00000000,7.8200
1622109144608000,1,16.10000000,7.8300
1622109180165000,1,16.10000000,7.8100
1622109214853000,1,16.10000000,7.8100
1622109244949000,1,99.42393528,7.8400
1622109244949000,1,39.76713305,7.8400
1622109244949000,1,39.09389565,7.8300
1622109249765000,1,16.10000000,7.8300
1622109260156000,1,41.89542361,7.8500
1622109260156000,1,104.73778639,7.8500
1622109260283000,1,0.00001199,7.8500
1622109269763000,1,41.17028786,7.8500
1622109296103000,1,16.10000000,7.8400
1622109324642000,1,40.19773574,7.8500
1622109324996000,1,77.00000000,7.8400
1622109324996000,1,118.85971109,7.8400
1622109330293000,1,16.10000000,7.8400
1622109348168000,1,39.70938798,7.8500
1622109348168000,1,99.28206202,7.8500
1622109348269000,1,0.00000905,7.8500
1622109348269000,1,258.10113233,7.8500
1622109355941000,1,37.73430722,7.8500
1622109365184000,1,16.10000000,7.8400
1622109383906000,1,90.79059978,7.8500
1622109383906000,1,236.47748706,7.8500
1622109383906000,1,36.34788503,7.8500
1622109394902000,1,34.53138932,7.8500
1622109398518000,1,16.10000000,7.8500
1622109406697000,1,85.94515369,7.8500
1622109406697000,1,34.27918631,7.8500
1622109418145000,1,90.63173780,7.8500
1622109418145000,1,36.21999220,7.8500
1622109421980000,1,0.00000984,7.8500
1622109421980000,1,87.47601100,7.8500
1622109422024000,0,87.47601000,7.8500
1622109422045000,1,127.28252690,7.8500
1622109426386000,1,33.48405410,7.8500
1622109433696000,1,16.10000000,7.8400
1622109440227000,0,40.00000000,7.8600
1622109440227000,0,193.11068701,7.8600
1622109440648000,0,0.00001040,7.8700
1622109440896000,0,14.91486658,7.8700
1622109441431000,0,84.99999999,7.8800
1622109441454000,0,82.26385300,7.8800
1622109441477000,0,20.74328377,7.8800
1622109441477000,0,395.64202935,7.8800
1622109445263000,1,33.84736492,7.8700
1622109445280000,1,0.00000001,7.8700
1622109463705000,1,11.00000000,7.8700
1622109477993000,1,33.55747000,7.8900
1622109494187000,1,16.10000000,7.9000
1622109494655000,0,4.29326008,7.9100
1622109501007000,1,33.17787321,7.9200
1622109501007000,1,82.94468304,7.9200
1622109513185000,1,33.84420563,7.9200
1622109513185000,1,86.51413437,7.9200
1622109520684000,1,33.96591036,7.9300
1622109525021000,1,85.00640212,7.9200
1622109525021000,1,112.34350256,7.9200
1622109529122000,1,15.90000000,7.9300
1622109538868000,0,100.00000000,7.9400
1622109545782000,1,36.08876230,7.9500
1622109545782000,1,90.23291770,7.9500
1622109546314000,1,40.84140420,7.9500
1622109555586000,1,44.83607000,7.9400
1622109555675000,1,42.96914000,7.9400
1622109555796000,1,0.00000249,7.9400
1622109555796000,1,107.42360811,7.9400
1622109559060000,1,41.66427104,7.9200
1622109564761000,1,15.90000000,7.8900
1622109565040000,1,6.41216216,7.8900
1622109574159000,1,41.66199506,7.9300
1622109574159000,1,104.17588494,7.9300
1622109604713000,1,15.90000000,7.9600
1622109635359000,0,6.31493099,7.9700
1622109640082000,1,15.80000000,7.9500
1622109685056000,1,135.76516771,7.8800
1622109742721000,1,45.98177564,7.8500
1622109742721000,1,76.00000000,7.8500
1622109742721000,1,114.83443345,7.8500
1622109742721000,1,63.18379091,7.8500
1622109758781000,0,386.91176299,7.8800
1622109758781000,0,154.73828701,7.8800
1622109765199000,0,75.00000000,7.9000
1622109765199000,0,191.02418522,7.9000
1622109782953000,1,130.90231362,7.8500
1622109845066000,0,500.00000000,7.8400
1622109845066000,0,182.23606634,7.8400
1622109845066000,0,74.00000000,7.8500
1622109845066000,0,319.21916098,7.8500
1622109845066000,0,363.66987527,7.8500
1622109845066000,0,410.44561343,7.8500
1622109845066000,0,132.44353426,7.8500
1622109855424000,1,580.07378129,7.8300
1622109872888000,1,4.68907524,7.8200
1622109898655000,0,130.26470588,7.8200
1622109928104000,1,11.00000000,7.8300
1622109957726000,0,17.20710136,7.8700
1622109957778000,0,20.77708792,7.8700
1622110015965000,1,47.45378652,7.8500
1622110064428000,0,388.54319412,7.8500
1622110064428000,0,155.38464029,7.8500
1622110067449000,0,50.00000000,7.8800
1622110067449000,0,94.53086000,7.8800
1622110067642000,0,0.00000111,7.8800
1622110067642000,0,74.99999889,7.8800
1622110069011000,1,46.91214630,7.8800
1622110078210000,1,114.41701724,7.8600
1622110078210000,1,45.80083464,7.8600
1622110078680000,1,45.80083464,7.8500
1622110085076000,1,1136.82033213,7.8700
1622110088377000,1,43.90696677,7.8700
1622110088377000,1,109.77499323,7.8700
1622110099205000,1,43.96260238,7.8700
1622110108727000,0,155.12181729,7.8600
1622110183006000,0,154.79130000,7.8800
1622110183037000,0,0.00000185,7.8800
1622110219075000,1,48.17938866,7.9000
1622110219464000,1,48.17938000,7.8900
1622110265019000,1,47.06885817,7.8600
1622110503320000,1,9.67142857,7.9200
1622110522070000,1,10.90000000,7.9200
1622110551712000,0,151.46408112,7.9400
1622110551745000,0,298.53591888,7.9400
1622110588220000,0,107.02188000,7.9300
1622110674180000,1,6.31493099,7.9100
1622110697206000,1,184.68298000,7.9000
1622110785164000,1,72.08185896,7.8900
1622110813348000,0,101.02497758,7.8700
1622110813399000,0,49.60000000,7.8700
1622110830345000,1,46.77415298,7.8500
1622110830345000,1,83.49055290,7.8500
1622110964795000,1,50.59191000,7.8500
1622111034612000,1,29.50000000,7.7900
1622111034677000,1,122.37000000,7.7900
1622111034815000,1,190.72240242,7.7900
1622111034843000,1,7.40759758,7.7900
1622111044928000,0,76.00000000,7.8300
1622111044928000,0,75.59708244,7.8300
1622111165014000,0,195.10836659,7.8200
1622111193577000,1,370.00172073,7.8000
1622111193577000,1,198.45659606,7.8000
1622111193577000,1,50.29223511,7.8000
1622111193577000,1,125.71122679,7.8000
1622111193577000,1,128.04761189,7.8000
1622111193577000,1,76.00000000,7.7900
1622111193577000,1,189.68549421,7.7900
1622111193577000,1,128.09011105,7.7900
1622111193577000,1,442.02510000,7.7900
1622111193577000,1,326.85943488,7.7900
1622111193577000,1,996.83000000,7.7900
1622111193577000,1,1160.53352713,7.7800
1622111215340000,1,49.76276506,7.7900
1622111223714000,1,24.42439659,7.7700
1622111234418000,0,8.83000000,7.7800
1622111234421000,0,52.00000000,7.7800
1622111234432000,0,111.00000000,7.7800
1622111234458000,0,18.03569465,7.7800
1622111234458000,0,182.09998514,7.7800
1622111234462000,0,63.67000000,7.7800
1622111265163000,0,156.91228270,7.7700
1622111265163000,0,128.82504730,7.7700
1622111295960000,1,28.16434540,7.7600
1622111828990000,1,46.47270000,7.7700
1622111829051000,1,0.00000199,7.7700
1622111886038000,1,190.96899224,7.7400
1622111886038000,1,128.90491747,7.7400
1622111886038000,1,227.94080915,7.7400
1622111886038000,1,201.77242257,7.7400
1622111886038000,1,389.30211482,7.7400
1622111886038000,1,34.07746525,7.7400
1622111886038000,1,85.24965078,7.7400
1622111886038000,1,253.47575367,7.7300
1622111886226000,1,5.70420624,7.7400
1622111891462000,1,30.70320459,7.7400
1622111891462000,1,76.00000000,7.7300
1622111891462000,1,322.40929391,7.7300
1622111891462000,1,287.64010145,7.7300
1622111953044000,1,25.00000000,7.7300
1622111962835000,1,32.23752000,7.7500
1622111984878000,0,387.47360824,7.7600
1622111984878000,0,195.34893176,7.7600
1622112164624000,1,34.81774000,7.7500
1622112165078000,0,153.82154448,7.7600
1622112188162000,1,32.60000000,7.7400
1622112199674000,0,18.27598584,7.7500
1622112273456000,0,157.46776309,7.7500
1622112288348000,1,40.17299629,7.7500
1622112459660000,0,943.00000000,7.7900
1622112459660000,0,12.02776000,7.7900
1622112467939000,1,38.65326040,7.7900
1622112482085000,1,185.85199957,7.8000
1622112482091000,1,2.80126043,7.8000
1622112482091000,1,107.69230000,7.8000
1622112482091000,1,37.74996939,7.8000
1622112482091000,1,93.48877885,7.8000
1622112482091000,1,0.91195738,7.8000
1622112482091000,1,128.11868024,7.7900
1622112482091000,1,192.32349165,7.7900
1622112482091000,1,182.39292578,7.7900
1622112482429000,1,135.30628849,7.7900
1622112635365000,1,261.22224971,7.7400
1622112635365000,1,88.77775029,7.7400
1622112635524000,1,9.94264508,7.7400
1622112635524000,1,39.50675492,7.7400
1622112640098000,1,38.84306222,7.7300
1622112714321000,1,25.00000000,7.7200
1622112809140000,1,33.33379795,7.7500
1622112836611000,1,30.01410000,7.7400
1622112917430000,1,28.78567000,7.7900
1622112933212000,1,197.22446850,7.7800
1622112933212000,1,28.79147150,7.7800
1622112941706000,1,25.22289000,7.7800
1622112986511000,1,173.38358244,7.7900
1622113025661000,1,30.19425810,7.8300
1622113031680000,1,30.06078000,7.8300
1622113039370000,1,45.95120980,7.8300
1622113039865000,1,114.87217703,7.8300
1622113115506000,0,155.85573287,7.8300
1622113115506000,0,387.85384900,7.8300
1622113115506000,0,70.00000000,7.8400
1622113115506000,0,127.89671101,7.8400
1622113115506000,0,389.30591532,7.8400
1622113115506000,0,158.43270520,7.8400
1622113115506000,0,1012.07096476,7.8400
1622113115506000,0,249.73501697,7.8400
1622113154104000,1,196.35591000,7.8000
1622113163091000,1,58.45707411,7.7800
1622113163091000,1,16.54292589,7.7800
1622113163458000,1,173.17778354,7.7800
1622113362042000,0,127.70095838,7.8400
1622113650165000,0,38.02547770,7.8500
1622113780179000,1,387.02461084,7.8100
1622113780179000,1,192.73278561,7.8100
1622113913546000,0,6.35549872,7.8200
1622114114945000,0,75.00000000,7.7800
1622114115002000,0,76.30000000,7.7800
1622114115700000,0,198.70000000,7.7800
1622114203731000,0,24.47100000,7.8300
1622114205120000,0,61.17792000,7.8300
1622114224592000,0,400.00000000,7.8400
1622114459746000,1,127.95365486,7.7900
1622114459746000,1,153.69812783,7.7900
1622114459746000,1,59.12752602,7.7900
1622114459746000,1,58.93869129,7.7900
1622114506817000,1,350.00000000,7.8200
1622114506817000,1,28.94197830,7.8200
1622114506817000,1,72.35309500,7.8200
1622114506817000,1,59.65730765,7.8200
1622114742198000,0,37.49999999,7.8800
1622114742321000,0,15.13194726,7.8800
1622114748899000,0,154.77246957,7.8900
1622114756703000,1,35.72256000,7.8900
1622114793413000,1,60.00000000,7.8800
1622115015699000,1,20.00000000,7.8600
1622115114164000,1,27.84407216,7.8700
1622115272821000,1,34.62108000,7.8900
1622115358436000,0,45.00000000,7.9800
1622115358436000,0,13.43789285,7.9800
1622115358491000,0,0.00000001,7.9800
1622115360789000,1,75.00000000,7.9700
1622115361058000,1,154.81429129,7.9700
1622115361058000,1,85.70113850,7.9700
1622115361058000,1,66.22678663,7.9700
1622115363173000,1,31.93590456,7.9700
1622115363173000,1,85.66538852,7.9700
1622115364995000,1,300.00000000,7.9600
1622115364995000,1,74.00000000,7.9600
1622115364995000,1,191.77033352,7.9600
1622115364995000,1,105.52763000,7.9600
1622115364995000,1,79.88914983,7.9500
1622115364995000,1,78.00000000,7.9400
1622115364995000,1,270.53200378,7.9400
1622115368736000,1,30.88981558,7.9800
1622115368743000,1,365.16952558,7.9800
1622115368743000,1,400.00000000,7.9800
1622115368743000,1,200.79388817,7.9700
1622115368743000,1,996.83000000,7.9700
1622115368743000,1,77.22625639,7.9700
1622115370487000,1,75.00000000,7.9700
1622115370487000,1,30.88904367,7.9700
1622115391731000,1,74.00000000,7.9500
1622115398914000,1,28.79913682,7.9500
1622115411387000,1,33.63964782,7.9500
1622115411387000,1,85.23892171,7.9500
1622115416840000,1,221.67084865,7.9400
1622115416840000,1,85.30654609,7.9400
1622115416840000,1,34.12261843,7.9400
1622115494468000,0,125.89649679,7.9500
1622115494468000,0,72.00000000,7.9500
1622115494468000,0,42.23775163,7.9500
1622115526169000,0,75.00000000,7.9100
1622115604897000,1,35.70236445,7.8900
1622115604897000,1,108.18273672,7.8800
1622115629830000,1,30.12675660,7.8700
1622115725082000,0,371.34436268,7.8900
1622115725082000,0,141.23731424,7.8900
1622115736867000,1,31.07101271,7.8800
1622115764903000,0,154.51918321,7.8900
1622115764903000,0,73.00000000,7.8900
1622115764903000,0,996.83000000,7.8900
1622115764903000,0,106.43722000,7.8900
1622115764903000,0,185.88542219,7.8900
1622115782372000,1,17.23216825,7.8700
1622115782434000,1,31.00000000,7.8700
1622115782509000,1,28.73407966,7.8700
1622115782509000,1,30.78649916,7.8700
1622115794282000,1,77.17703624,7.8500
1622115794282000,1,30.74237636,7.8500
1622115885294000,1,163.20337094,7.8400
1622115905884000,0,251.24026000,7.8700
1622115905937000,0,75.00000000,7.8700
1622115906597000,0,61.61618035,7.8700
1622115993867000,1,100.00000000,7.8400
1622115993867000,1,63.20337095,7.8400
1622116345680000,0,3.13021491,7.9100
1622116456914000,0,6.12270000,7.9100
1622116457311000,0,0.00000942,7.9100
1622116564064000,1,13.41000000,7.9100
1622116564117000,1,13.70000000,7.9100
1622116598092000,1,34.96723000,7.9000
1622116603579000,1,34.17497000,7.9000
1622116757860000,1,33.93321000,7.8700
1622116766749000,1,34.58119000,7.8600
1622116805404000,0,127.02841276,7.8800
1622116805404000,0,500.00000000,7.8800
1622116805404000,0,996.83000000,7.8800
1622116805404000,0,383.91574232,7.8800
1622116805404000,0,185.11785013,7.8800
1622116805404000,0,188.70324889,7.8900
1622116834857000,0,110.00846509,7.9000
1622116835014000,0,143.08526026,7.9000
1622116835082000,0,296.90627465,7.9000
1622116845069000,0,316.61520495,7.9200
1622116845069000,0,72.00000000,7.9200
1622116845069000,0,154.02898522,7.9200
1622116845069000,0,384.91632895,7.9200
1622116845069000,0,190.87121211,7.9200
1622116845069000,0,195.63938803,7.9300
1622116845069000,0,72.00000000,7.9300
1622116845069000,0,363.47174896,7.9300
1622116845069000,0,188.96595207,7.9300
1622116845069000,0,149.66001613,7.9300
1622116845069000,0,511.91677427,7.9300
1622116924973000,1,378.61347296,7.9700
1622116924973000,1,50.37015963,7.9700
1622117100905000,0,128.13459119,7.9500
1622117212101000,0,3.34422110,7.9600
1622117215699000,1,370.05167415,7.9400
1622117215699000,1,190.25067448,7.9400
1622117263927000,1,95.44072069,7.9000
1622117330038000,1,399.71324000,7.8600
1622117419129000,0,12.86259541,7.8600
1622117597940000,1,119.21003767,7.8400
1622117718513000,1,38.34570681,7.8100
1622117841877000,0,191.77033000,7.7700
1622117843119000,0,0.00000353,7.7700
1622117879167000,1,1031.49735412,7.7600
1622117892111000,0,156.82749104,7.7700
1622117986761000,1,8.15506109,7.7300
1622118001670000,0,157.37417261,7.7400
1622118001670000,0,129.38062473,7.7400
1622118040998000,1,47.88135000,7.7600
1622118067213000,1,47.16298304,7.7600
1622118214683000,1,192.94343431,7.7600
1622118214687000,1,14.84709834,7.7600
1622118214748000,1,89.38479999,7.7600
1622118241908000,0,128.97647000,7.7600
1622118349112000,1,50.21051401,7.7600
1622118422464000,1,47.11522996,7.7500
1622118542295000,1,56.83302272,7.7500
1622118542304000,1,34.87876399,7.7500
1622118542393000,1,158.28821329,7.7500
1622118678104000,1,44.21694000,7.7900
1622118685221000,0,53.09180838,7.8200
1622118685297000,0,28.56850633,7.8200
1622118699618000,1,46.61518000,7.8200
1622118827647000,0,114.38223937,7.8400
1622118835679000,1,100.00000000,7.8200
1622118903848000,0,119.04120218,7.8800
1622118970080000,1,50.09065358,7.8200
1622118970080000,1,125.50981642,7.8200
1622118970209000,1,0.00000472,7.8200
1622118972152000,0,155.87881000,7.8200
1622119045249000,1,6.35549872,7.8200
1622119072460000,1,45.65332000,7.8100
1622119321549000,1,832.10621761,7.7200
1622119398978000,1,300.00000000,7.7200
1622119398978000,1,99.71800000,7.7200
1622119424743000,0,28.21086675,7.7300
1622119486486000,1,170.00000000,7.7100
1622119493260000,1,881.23605000,7.7100
1622119493475000,1,0.00000706,7.7100
1622119496562000,1,41.42721885,7.6900
1622119496562000,1,41.42851755,7.6900
1622119496562000,1,41.42981625,7.6900
1622119568176000,1,42.65035304,7.6900
1622119568176000,1,8.44509604,7.6900
1622120186610000,1,49.93138000,7.7200
1622120186749000,1,0.00000831,7.7200
1622120198238000,0,22.24773022,7.7100
1622120293476000,0,10.35712938,7.6900
1622120293726000,0,10.35712938,7.6900
1622120293933000,0,10.35712938,7.6900
1622120294891000,1,10.36931484,7.6800
1622120312066000,0,43.75032509,7.6900
1622120355239000,0,159.45442816,7.6400
1622120355279000,1,60.00000000,7.6400
1622120363922000,0,159.15409736,7.6500
1622120376393000,0,108.93082000,7.6600
1622120376393000,0,398.02225752,7.6600
1622120376393000,0,43.04692248,7.6600
1622120376481000,0,116.13576936,7.6600
1622120414087000,1,44.73750122,7.6700
1622120416999000,1,44.36282742,7.6600
1622120432857000,1,44.47455000,7.6700
1622120455764000,1,108.39486323,7.6900
1622120455764000,1,43.31489677,7.6900
1622120483738000,1,45.90903000,7.7000
1622120518045000,1,44.55376000,7.7200
1622120571657000,1,44.32104000,7.7200
1622120644169000,1,44.16597498,7.7100
1622120644169000,1,108.94941000,7.7100
1622120644524000,0,129.56527502,7.7100
1622120658658000,0,157.93128000,7.7100
1622120658786000,0,0.00000596,7.7100
1622120728558000,0,41.43156000,7.7200
1622120728728000,0,0.00000391,7.7200
1622120792497000,1,51.51299000,7.7100
1622120792500000,1,0.00000913,7.7100
1622120792966000,1,44.62105188,7.7000
1622120827034000,0,129.88817643,7.7100
1622120827034000,0,157.88672995,7.7100
1622120827034000,0,62.22509362,7.7100
1622120827698000,0,157.67555798,7.7200
1622120844828000,1,129.47443613,7.7100
1622120845173000,1,331.25844392,7.7000
1622120845173000,1,126.87305608,7.7000
1622120894118000,0,50.74922000,7.7000
1622120894118000,0,350.00000000,7.7000
1622120924104000,1,51.44078000,7.7200
1622120953926000,1,333.50263204,7.6900
1622120953926000,1,128.26697909,7.6900
1622120953926000,1,49.40444170,7.6900
1622120954979000,1,48.59485550,7.6800
1622120986455000,1,45.67972000,7.6900
1622121023347000,1,45.34230000,7.7200
1622121030150000,1,45.11668000,7.7200
1622121087019000,0,157.74094000,7.7300
1622121087022000,0,0.00000249,7.7300
1622121274429000,1,44.77545554,7.7500
1622121426435000,0,39.31616280,7.7400
1622121426515000,0,23.49717931,7.7400
1622121426536000,0,23.49653740,7.7400
1622121426556000,0,71.21592156,7.7400
1622121617447000,0,41.43156000,7.8400
1622121643588000,1,49.24277301,7.8300
1622121643590000,1,0.00000001,7.8300
1622121714277000,0,0.00000391,7.8400
1622121714277000,0,6.30739404,7.8400
1622121810794000,1,58.39159683,7.8300
1622121810794000,1,145.79194366,7.8300
1622121810794000,1,222.79950000,7.8300
1622121810794000,1,111.01695951,7.8300
1622122045488000,0,406.50675263,7.8800
1622122045488000,0,72.00000000,7.8800
1622122045488000,0,127.11561387,7.8800
1622122045488000,0,188.73395237,7.8800
1622122045488000,0,154.84684851,7.8800
1622122045488000,0,228.57422803,7.8800
1622122087563000,0,155.51012000,7.8400
1622122185375000,1,43.27371443,7.8500
1622122185375000,1,108.11399438,7.8500
1622122301908000,0,57.09484536,7.8200
1622122488586000,1,7.97275641,7.8000
1622122724977000,0,128.19023953,7.8100
1622122724977000,0,77.00000000,7.8100
1622122724977000,0,32.62837022,7.8100
1622122763729000,1,75.00000000,7.8100
1622122994237000,1,20.71578196,7.7600
1622123321218000,1,156.95677637,7.7600
1622123321621000,0,66.78162012,7.7700
1622123321632000,0,258.15000033,7.7700
1622123321730000,0,23.28148821,7.7700
1622123321755000,0,44.15328873,7.7700
1622123321755000,0,70.92059971,7.7700
1622123321764000,0,85.87641353,7.7700
1622123948561000,1,47.90210943,7.7000
1622123948561000,1,119.72233445,7.7000
1622123948561000,1,129.69879322,7.7000
1622123948561000,1,129.89130959,7.6900
1622123948561000,1,72.00000000,7.6900
1622123948561000,1,350.78545331,7.6900
1622124003145000,0,15.53683000,7.7200
1622124003633000,0,0.00000647,7.7200
1622124137971000,0,616.19621779,7.7300
1622124189326000,0,138.61113630,7.7100
1622124436106000,1,48.62401065,7.7400
1622124436106000,1,121.53209645,7.7400
1622124464361000,0,157.71068000,7.7300
1622125064302000,0,75.50324254,7.7100
1622125186424000,0,158.55877870,7.6900
1622125186808000,0,396.42310000,7.7000
1622125205023000,1,86.98269798,7.7000
1622126250634000,1,50.00000000,7.7000
1622126250634000,1,44.90106544,7.7000
1622126411086000,1,300.00000000,7.6900
1622126541579000,1,406.99500000,7.6500
1622126709370000,1,75.11184005,7.6400
1622126709370000,1,30.04466883,7.6400
1622126709975000,1,30.04466883,7.6300
1622126709980000,1,30.04466883,7.6300
1622126710121000,1,86.36730985,7.6300
1622126736417000,1,137.50000000,7.6200
1622126736446000,1,102.00000000,7.6200
1622126736460000,1,173.80325952,7.6200
1622126736566000,1,23.96990508,7.6200
1622126759850000,1,51.09544909,7.6000
1622126841457000,1,132.97307602,7.6400
1622127121882000,1,48.22217140,7.6200
1622127129439000,1,14.22967189,7.6000
1622127166092000,1,53.95759481,7.6100
1622127615631000,1,48.44825000,7.6200
1622127634239000,1,40.14002924,7.6000
1622127781694000,1,94.49211704,7.5900
1622127781694000,1,37.81411242,7.5900
1622127783976000,1,189.96135192,7.5800
1622127849669000,1,36.87192782,7.5700
1622127849669000,1,89.78810965,7.5700
1622127849779000,1,560.21189035,7.5700
1622127874556000,1,617.33907284,7.5500
1622127898776000,0,16.40000000,7.5400
1622127934311000,0,16.40000000,7.5600
1622128135952000,0,38.49010000,7.5800
1622128135967000,0,37.50990000,7.5800
1622128136003000,0,14.70000000,7.5800
1622128198086000,1,73.53273589,7.5600
1622128198086000,1,29.40951411,7.5600
1622128198572000,1,12.49996025,7.5500
1622128198765000,1,16.90956268,7.5500
1622128202918000,0,161.43910906,7.5600
1622128202918000,0,138.56089094,7.5600
1622128203019000,0,264.94027716,7.5600
1622128214126000,0,11.72800749,7.5700
1622128484824000,1,28.51001000,7.5600
1622128533269000,1,8.22149410,7.5400
1622128555974000,1,69.48492578,7.5400
1622128555974000,1,46.85619422,7.5400
1622128582641000,1,0.00001514,7.5400
1622128612053000,0,11.10000000,7.5300
1622128631042000,1,23.67142000,7.5100
1622128632839000,1,27.00000000,7.5000
1622128633117000,1,210.79165810,7.4900
1622128633117000,1,59.17296317,7.4900
1622128633117000,1,23.70179856,7.4900
1622128633117000,1,306.33358017,7.4800
1622128633222000,1,284.58644125,7.4800
1622128725049000,0,138.97428274,7.5100
1622128838285000,0,100.19605517,7.5300
1622128854672000,1,312.96500000,7.5100
1622128854861000,1,750.00000000,7.5100
1622128935891000,1,372.27867000,7.5100
1622128936785000,1,0.00000509,7.5100
1622129008255000,0,16.60000000,7.4700
1622129015080000,1,75.00000000,7.4600
1622129015147000,1,371.28910610,7.4600
1622129058461000,0,11.20000000,7.4700
1622129148905000,1,436.23622108,7.4900
1622129329155000,1,13.19444444,7.4900
1622129404115000,0,167.52677402,7.5200
1622129484440000,1,65.67425857,7.5300
1622129484440000,1,25.87755143,7.5300
1622129794304000,1,47.11976399,7.5300
1622129794304000,1,18.76711894,7.5300
1622129982991000,1,2.95704000,7.4800
1622129994814000,0,33.00000000,7.5000
1622130014495000,1,162.14460000,7.5100
1622130094358000,1,16.50858000,7.5400
1622130117742000,1,16.42539000,7.5300
1622130268009000,1,14.90410294,7.5300
1622130268009000,1,383.76254706,7.5300
1622130363403000,0,75.00000000,7.5500
1622130363435000,0,183.46689482,7.5500
1622130364321000,0,64.21009913,7.5600
1622130364325000,0,23.66840768,7.5600
1622130497335000,0,298.36790482,7.5900
1622130497370000,0,103.68380356,7.5900
1622130497370000,0,117.27168964,7.5900
1622130497386000,0,43.45957324,7.5900
1622130497884000,0,6.53745072,7.6100
1622130580066000,0,75.00000000,7.5900
1622130580068000,0,85.61654863,7.5900
1622130883342000,1,16.42466416,7.5600
1622130883342000,1,9.77533583,7.5600
1622130883357000,1,31.28708792,7.5600
1622130883357000,1,33.45278599,7.5600
1622131050925000,0,75.00000000,7.5600
1622131341338000,0,161.48529000,7.5400
1622131491156000,1,104.65125771,7.4700
1622131491156000,1,40.25130229,7.4700
1622131525037000,0,186.64687918,7.5000
1622131582904000,1,13.97271710,7.4800
1622131582904000,1,350.00000000,7.4800
1622131582904000,1,35.74528290,7.4800
1622131583191000,1,8.00000000,7.4800
1622131596044000,1,89.78823349,7.4800
1622131596044000,1,135.47191870,7.4800
1622131606684000,0,16.86000000,7.5000
1622131695969000,1,18.57322000,7.4800
1622131724936000,0,150.00000000,7.4800
1622131724936000,0,400.65462221,7.4800
1622131724936000,0,395.25580848,7.4800
1622131755838000,0,16.60000000,7.4900
1622131770381000,1,383.59937676,7.4700
1622131770381000,1,16.11862324,7.4700
1622131826836000,0,16.60000000,7.4800
1622131941931000,0,11.20000000,7.4700
1622132036712000,0,12.22849252,7.4500
1622132037059000,1,62.77150748,7.4500
1622132049452000,1,76.00000000,7.4400
1622132049452000,1,203.52822580,7.4400
1622132049452000,1,414.93503703,7.4400
1622132049452000,1,134.20628452,7.4400
1622132049452000,1,222.56650971,7.4400
1622132216610000,1,42.51702000,7.4700
1622132346914000,1,44.15350176,7.4700
1622132346914000,1,114.60275824,7.4700
1622132461340000,0,20.27450980,7.4500
1622132573837000,0,49.99995018,7.4700
1622132577642000,0,61.00000000,7.4700
1622132577657000,0,58.00000000,7.4700
1622132577692000,0,24.29209407,7.4700
1622132577692000,0,3.70790593,7.4700
1622132577761000,0,406.67972316,7.4700
1622132578190000,0,43.57411377,7.4800
1622132578325000,0,119.50393134,7.4800
1622132598472000,1,33.82536000,7.4700
1622132840388000,1,39.71990000,7.4600
1622133002840000,1,33.52241000,7.4200
1622133016742000,0,16.60000000,7.4400
1622133044686000,0,362.50319000,7.4200
1622133044797000,0,281.60798000,7.4200
1622133044807000,0,0.00000055,7.4200
1622133182830000,1,43.72431000,7.4600
1622133209360000,1,133.90334703,7.4600
1622133209576000,0,43.28692297,7.4600
1622133209576000,0,300.00000000,7.4600
1622133310512000,0,150.00000000,7.4400
1622133339186000,0,35.91006711,7.4500
1622133415536000,1,14.56808199,7.4300
1622133422927000,1,44.20033000,7.4400
1622133462696000,1,43.12072000,7.4100
1622133462709000,1,0.00000596,7.4100
1622133506753000,1,44.05518000,7.3800
1622133562407000,1,37.17835000,7.3400
1622133674253000,0,16.90000000,7.3500
1622133709673000,0,16.90000000,7.3500
1622133779704000,0,165.00799983,7.3800
1622133779704000,0,412.51610531,7.3800
1622133779704000,0,135.62413917,7.3800
1622133779704000,0,196.14223472,7.3900
1622133779704000,0,112.70065000,7.3900
1622133779704000,0,415.55368701,7.3900
1622133779704000,0,996.83000000,7.3900
1622133779704000,0,1071.89747342,7.3900
1622133779704000,0,50.80754815,7.3900
1622133783749000,0,72.00000000,7.3900
1622133783749000,0,28.00000000,7.3900
1622133908649000,1,51.25276332,7.3800
1622133929511000,1,379.74267407,7.3700
1622133929511000,1,209.25610593,7.3700
1622133931895000,1,6.30739795,7.3500
1622133973305000,1,50.77676019,7.3400
1622134202158000,0,164.31250509,7.4100
1622134241655000,1,9.48084677,7.4200
1622134241655000,1,42.56283417,7.4200
1622134263069000,0,164.09802553,7.4200
1622134263069000,0,134.90089447,7.4200
1622134263193000,0,0.00000913,7.4200
1622134278159000,0,6.20861372,7.4300
1622134284970000,1,145.67919607,7.4100
1622134312024000,0,89.00571398,7.4300
1622134312148000,0,23.09070443,7.4300
1622134312173000,0,22.39000000,7.4300
1622134312294000,0,93.00000000,7.4300
1622134312323000,0,14.00000000,7.4300
1622134312357000,0,78.00000000,7.4300
1622134312399000,0,14.00000000,7.4300
1622134312487000,0,550.00000000,7.4300
1622134312580000,0,300.00000000,7.4300
1622134312618000,0,28.98362033,7.4300
1622134312672000,0,350.00000000,7.4300
1622134312784000,0,300.00000000,7.4300
1622134382316000,0,409.88388931,7.3900
1622134402302000,1,396.57010254,7.3700
1622134402302000,1,189.75353474,7.3700
1622134402302000,1,37.44663185,7.3700
1622134514469000,1,450.00000000,7.3400
1622134514469000,1,74.00000000,7.3400
1622134514469000,1,136.08423455,7.3400
1622134514469000,1,204.42098092,7.3400
1622134514469000,1,420.49255776,7.3400
1622134514469000,1,195.06123286,7.3400
1622134514469000,1,83.88167475,7.3400
1622134514469000,1,218.22524329,7.3400
1622134514469000,1,114.44141000,7.3400
1622134514469000,1,136.12027020,7.3300
1622134514469000,1,406.99500000,7.3300
1622134514469000,1,204.88403819,7.3300
1622134514469000,1,204.87057220,7.3300
1622134514469000,1,76.00000000,7.3300
1622134514469000,1,996.83000000,7.3300
1622134514502000,0,33.57390259,7.3300
1622134514602000,0,1044.11888269,7.3300
1622134620167000,0,23.27733000,7.3500
1622134690734000,1,32.47399000,7.3600
1622134697725000,0,27.70451392,7.3700
1622134743422000,0,141.28131283,7.3600
1622134743518000,0,62.48981144,7.3600
1622134746091000,0,270.57955418,7.3600
1622134780992000,1,32.16341000,7.3400
1622134799415000,0,32.16673000,7.3500
1622134799415000,0,170.58470219,7.3500
1622134799498000,0,51.00000000,7.3500
1622134799525000,0,31.00000000,7.3500
1622134817660000,1,31.79974700,7.3500
1622134817660000,1,79.46848632,7.3500
1622134819242000,0,186.20843325,7.3500
1622134822794000,0,156.32758343,7.3500
1622134843582000,0,1958.59480706,7.3600
1622134843582000,0,206.22313559,7.3600
1622134845027000,1,33.91748352,7.3600
1622134887761000,1,35.14068000,7.3800
1622134906736000,0,36.89761872,7.3800
1622134968827000,0,202.47893846,7.3800
1622134968827000,0,381.42847346,7.3800
1622134974414000,1,34.33272499,7.3800
1622134974414000,1,88.16673501,7.3800
1622135006957000,1,34.61406000,7.3900
1622135015828000,1,0.00000908,7.3900
1622135026526000,1,34.29194426,7.3800
1622135026526000,1,135.31804574,7.3800
1622135035532000,1,78.55205258,7.3700
1622135035532000,1,31.41987742,7.3700
1622135040362000,1,31.44405000,7.3600
1622135052495000,1,31.55315000,7.3500
1622135071537000,1,33.18823000,7.3500
1622135241251000,1,31.75112000,7.4100
1622135252046000,1,312.96500000,7.4200
1622135253828000,1,1894.08890000,7.4200
1622135282956000,1,0.00000835,7.4200
1622135282956000,1,83.92824694,7.4200
1622135282956000,1,33.57098711,7.4200
1622135282956000,1,134.64490760,7.4200
1622135310339000,1,134.65037000,7.4200
1622135452644000,1,32.58086000,7.4100
1622135475250000,1,135.03862000,7.4000
1622135480149000,1,0.00000486,7.4000
1622135480149000,1,135.08084514,7.4000
1622135481668000,1,0.00001330,7.4000
1622135481668000,1,135.08084670,7.4000
1622135485030000,1,0.00001174,7.4000
1622135485030000,1,135.08084826,7.4000
1622135485865000,1,0.00001018,7.4000
1622135485865000,1,135.08084982,7.4000
1622135700952000,0,2690.46503512,7.4300
1622135701442000,0,447.06492614,7.4300
1622135701442000,0,398.58600354,7.4300
1622135956412000,1,31.43726000,7.4900
1622136011708000,1,23.67266212,7.5100
1622136178840000,1,26.47136000,7.5000
1622136309003000,1,143.25233384,7.4900
1622136441227000,1,193.79946866,7.4800
1622136472657000,0,13.31466666,7.5000
1622136563803000,1,26.74636456,7.4900
1622136577972000,1,26.55550223,7.4900
1622136577972000,1,68.41742341,7.4900
1622136577972000,1,177.87434436,7.4900
1622136842837000,1,20.34186804,7.5000
1622136866758000,1,20.24695101,7.4900
1622136868696000,0,25.87066666,7.5000
1622137148901000,1,26.51448000,7.5000
1622137148933000,1,0.00000716,7.5000
1622137208918000,1,31.58934832,7.5000
1622137224407000,1,33.07751580,7.4900
1622137224407000,1,85.68879487,7.4900
1622137238244000,0,133.45753038,7.5000
1622137238244000,0,190.66077099,7.5000
1622137238244000,0,200.49999999,7.5000
1622137238244000,0,564.24303197,7.5000
1622137431636000,1,134.89000000,7.4900
1622137431709000,1,190.29474351,7.4900
1622137462505000,1,32.03115635,7.4900
1622137462505000,1,23.76884365,7.4900
1622137548027000,0,46.09986684,7.5100
1622137578480000,0,13.26462765,7.5200
1622137710383000,1,25.50237845,7.5100
1622137724925000,0,133.06610902,7.5200
1622137900342000,1,21.98464178,7.5300
1622137900342000,1,132.70107730,7.5300
1622137900342000,1,54.93748917,7.5300
1622137946145000,1,19.80204000,7.5100
1622137962041000,1,19.80204000,7.4900
1622138000493000,0,88.97267476,7.5000
1622138004926000,0,202.43999999,7.5000
1622138101310000,0,132.97918760,7.5300
1622138101310000,0,72.00000000,7.5300
1622138101310000,0,292.64685414,7.5300
1622138256397000,1,132.66557030,7.5300
1622138256397000,1,20.25208914,7.5300
1622138256397000,1,50.61441144,7.5300
1622138256397000,1,131.57821912,7.5300
1622138257093000,1,190.57466484,7.5200
1622138257183000,1,20.26291064,7.5200
1622138612098000,0,2207.05390835,7.5200
1622138612098000,0,194.81977615,7.5200
1622138612098000,0,256.21094336,7.5200
1622138629884000,1,18.53266000,7.5400
1622138999901000,1,18.28568000,7.5400
1622139216971000,0,13.26162018,7.5300
1622139262872000,0,162.07979000,7.5200
1622139369218000,1,17.77157445,7.5000
1622139502993000,0,33.20000000,7.4700
1622139565462000,0,1214.05743958,7.4800
1622139571772000,0,16.60000000,7.4900
1622139822723000,0,22.00000000,7.4700
1622139914195000,0,162.70594156,7.4900
1622140077820000,1,17.63928061,7.5000
1622140077820000,1,18.12735036,7.5000
1622140280163000,1,120.40141876,7.4800
1622140280420000,1,13.18081672,7.4800
1622140411404000,0,16.60000000,7.4600
1622140581797000,0,162.32182000,7.5100
1622140581989000,0,0.00000240,7.5100
1622140991711000,0,137.09036359,7.5100
1622141073284000,1,20.84302000,7.5500
1622141073490000,1,0.00000710,7.5500
1622141073774000,1,20.84302710,7.5400
1622141155664000,1,4.30786811,7.5600
1622141155858000,1,18.26452000,7.5600
1622141248674000,0,4.03841059,7.5500
1622141312917000,0,188.25593355,7.5600
1622141312917000,0,403.60930858,7.5600
1622141312917000,0,7.24454622,7.5600
1622141593600000,1,46.59993884,7.5400
1622141605330000,1,150.60451116,7.5400
1622141605330000,1,117.09548884,7.5400
1622141658200000,1,135.03844421,7.5100
1622141658258000,1,15.11875482,7.5100
1622141659152000,1,15.11875482,7.5000
1622141671660000,0,162.22874996,7.5100
1622141672134000,0,162.04543905,7.5200
1622141759300000,1,35.91006711,7.5200
1622141767836000,0,13.29787234,7.5300
1622141851953000,1,13.29787234,7.4900
1622141859290000,0,162.42500203,7.5100
1622141865417000,0,162.02365267,7.5200
1622141905341000,0,162.02032000,7.5200
1622141910232000,1,132.91843128,7.5200
1622142026290000,1,20.43682139,7.5100
1622142077489000,1,75.00000000,7.4900
1622142280481000,0,16.70000000,7.4200
1622142417155000,0,164.23553000,7.4200
1622142486876000,1,75.00000000,7.4200
1622143419005000,1,604.71933189,7.4000
1622143667118000,0,166.35333000,7.3300
1622143689058000,1,455.68466620,7.3100
1622143714719000,1,23.17358663,7.3100
1622143724947000,1,136.66857392,7.3100
1622143879947000,1,50.71615000,7.3200
1622143948054000,1,52.75888344,7.3400
1622143948054000,1,131.85210915,7.3400
1622143948054000,1,72.00000000,7.3400
1622143948054000,1,136.03418297,7.3400
1622143948054000,1,342.69869371,7.3400
1622143948054000,1,203.03133514,7.3400
1622143948054000,1,72.00000000,7.3300
1622143948054000,1,190.55227313,7.3300
1622143948054000,1,52.79333966,7.3300
1622143948054000,1,202.57162346,7.3300
1622143948054000,1,82.14476501,7.3300
1622143956300000,1,54.07967266,7.3300
1622143956300000,1,398.72482747,7.3300
1622143956300000,1,73.00000000,7.3300
1622143956300000,1,325.91626625,7.3300
1622143956300000,1,124.69326753,7.3300
1622143956300000,1,562.02317176,7.3300
1622144004974000,0,136.37289084,7.3400
1622144004974000,0,46.65415434,7.3500
1622144040449000,0,8.21919027,7.3600
1622144065421000,1,45.43349000,7.3700
1622144137696000,1,659.84317000,7.3500
1622144137786000,1,0.00000559,7.3500
1622144143394000,0,35.06802721,7.3500
1622144320074000,0,415.60680000,7.3400
1622144320320000,0,0.00000381,7.3400
1622144514887000,0,166.47191012,7.3200
1622144514887000,0,383.52808988,7.3200
1622144736595000,0,33.90000000,7.3100
1622144986771000,1,136.28898417,7.3300
1622144986771000,1,197.48613911,7.3300
1622144986771000,1,409.85374946,7.3300
1622144986771000,1,996.83000000,7.3300
1622144986771000,1,206.90995906,7.3300
1622144986771000,1,352.98076998,7.3300
1622144986771000,1,135.79129166,7.3300
1622144986771000,1,54.33129660,7.3300
1622144986853000,0,312.91400000,7.3300
1622144986854000,0,75.00000000,7.3300
1622144986857000,0,2073.61380996,7.3300
1622144992339000,1,21.79681139,7.3200
1622145022735000,0,104.88179609,7.3300
1622145022979000,0,80.45516345,7.3300
1622145022992000,0,66.77178232,7.3300
1622145023002000,0,48.81310747,7.3300
1622145044118000,0,151.48662012,7.3400
1622145112843000,0,127.84940971,7.3600
1622145113053000,0,81.00640198,7.3600
1622145113054000,0,25.67582239,7.3600
1622145113375000,0,55.33057959,7.3600
1622145113692000,0,257.19915407,7.3600
1622145551443000,0,203.56778673,7.3700
1622145551638000,0,157.02607236,7.3700
1622145552195000,0,20.64922942,7.3800
1622145553279000,0,108.38290913,7.3900
1622145553284000,0,90.91334474,7.3900
1622145553284000,0,137.04355526,7.3900
1622145566263000,1,49.08456000,7.3900
1622145573157000,1,50.89342000,7.3900
1622145700871000,1,1057.57472826,7.3600
1622145723209000,1,68.06538688,7.3400
1622145723285000,1,80.00000000,7.3400
1622145723285000,1,50.57695866,7.3400
1622145797753000,1,400.00000000,7.3300
1622145797753000,1,119.13987275,7.3300
1622145797753000,1,51.12655990,7.3300
1622145797862000,0,241.06975030,7.3300
1622145812995000,1,270.44539432,7.3400
1622146070268000,1,51.87770351,7.3100
1622146156012000,1,43.96624153,7.3400
1622146156012000,1,109.90199847,7.3400
1622146267286000,1,487.60418137,7.3400
1622146624155000,0,33.90000000,7.3100
1622146841153000,1,10.98260000,7.3200
1622147218063000,1,9.64608620,7.2800
1622147253288000,1,9.59856000,7.2800
1622147333151000,1,23.58631298,7.3100
1622147333151000,1,9.43612702,7.3100
1622147550447000,1,11.79578280,7.3500
1622147550447000,1,29.48945700,7.3500
1622147550447000,1,76.65901020,7.3500
1622147571007000,1,11.20645244,7.3500
1622147571007000,1,28.01143756,7.3500
1622147612501000,1,10.95396437,7.3500
1622147612501000,1,27.38205574,7.3500
1622147612501000,1,71.19332989,7.3500
1622147612795000,1,0.00001504,7.3500
1622147618541000,0,50.00000000,7.3500
1622147656827000,1,10.44485126,7.3500
1622147661432000,1,10.39614182,7.3500
1622147689529000,1,31.85521137,7.3300
1622147700923000,1,10.18977071,7.3300
1622147727780000,1,24.68449061,7.3100
1622147727780000,1,9.87428939,7.3100
1622147807146000,1,7.84197021,7.3100
1622147807146000,1,19.60697561,7.3100
1622147807146000,1,50.98123418,7.3100
1622147905086000,1,40.42553470,7.3000
1622147905086000,1,15.53746433,7.3000
1622147905086000,1,6.22224097,7.3000
1622147905512000,1,0.00001624,7.3000
1622147953290000,1,5.78163016,7.2800
1622147953290000,1,14.52259824,7.2800
1622148000287000,1,15.98499795,7.2500
1622148049990000,0,41.77091906,7.2900
1622148209141000,1,22.77295000,7.3400
1622148219821000,1,22.65991094,7.3400
1622148219821000,1,56.65258906,7.3400
1622148289546000,1,22.18837245,7.3300
1622148313574000,0,576.92141590,7.3300
1622148367640000,1,24.41775000,7.3200
1622148380469000,1,27.16408000,7.3100
1622148380526000,1,0.00000256,7.3100
1622148535517000,1,28.44820000,7.2600
1622148540891000,0,11.30000000,7.2700
1622148580780000,0,17.10000000,7.2700
1622148629587000,1,69.00000000,7.2300
1622148629587000,1,209.48132779,7.2300
1622148629587000,1,175.20084670,7.2300
1622148629587000,1,138.00832701,7.2300
1622148629587000,1,67.39501296,7.2300
1622148629587000,1,26.96374776,7.2300
1622148629587000,1,82.00000000,7.2200
1622148629587000,1,211.52015989,7.2200
1622148629587000,1,415.89296479,7.2200
1622148629587000,1,996.83000000,7.2200
1622148629587000,1,138.06278892,7.2200
1622148629587000,1,260.92996773,7.2100
1622148648191000,0,17.10000000,7.2400
1622148717311000,0,167.67688000,7.2700
1622148723433000,0,0.00000229,7.2700
1622148746164000,1,97.24666000,7.2900
1622148748891000,1,0.00000173,7.2900
1622148790245000,1,102.27439955,7.2800
1622148790254000,1,13.57399797,7.2800
1622148790254000,1,49.95917083,7.2800
1622148791243000,1,117.48234879,7.2700
1622148791304000,1,34.17186833,7.2700
1622148791364000,1,700.54768288,7.2700
1622148871558000,1,1242.95800393,7.2300
1622148889253000,0,11.30000000,7.2500
1622148942917000,1,40.70861207,7.2200
1622148957421000,0,17.10000000,7.2300
1622148984991000,1,500.00000000,7.2100
1622148984991000,1,200.00000000,7.2100
1622149079212000,1,31.27692704,7.2100
1622149085109000,1,100.00000000,7.2000
1622149085109000,1,30.24263371,7.2000
1622149132502000,0,17.20000000,7.2000
1622149147787000,1,27.87275066,7.1800
1622149167442000,0,7.40000000,7.2100
1622149331332000,1,31.39566913,7.1700
1622149356503000,0,17.20000000,7.1800
1622149384617000,1,27.95408000,7.1700
1622149384878000,1,0.00000184,7.1700
1622149399278000,1,34.98645000,7.1700
1622149476477000,0,17.30000000,7.1600
1622149510768000,1,300.00000000,7.1300
1622149511229000,1,39.30060769,7.1200
1622149511251000,0,17.30000000,7.1400
1622149511315000,1,30.00000000,7.1200
1622149562530000,0,15.16819000,7.1200
1622149569484000,0,0.00000511,7.1200
1622149578520000,0,17.40000000,7.1600
1622149673825000,1,35.04040000,7.1600
1622149693538000,0,6.60384005,7.1600
1622149902170000,0,11.40000000,7.1500
1622149989133000,0,6.60384000,7.1600
1622149992893000,0,0.00000004,7.1600
1622150024784000,1,45.12376000,7.1700
1622150024865000,1,0.00000733,7.1700
1622150254039000,0,10.73124007,7.1800
1622150266557000,0,18.02080466,7.1900
1622150266946000,0,95.29742663,7.1900
1622150266983000,0,201.09548918,7.1900
1622150407153000,1,17.86443710,7.2300
1622150511351000,0,7.58409755,7.2300
1622150546261000,0,418.77347529,7.2400
1622150611052000,0,206.11570247,7.2600
1622150732130000,1,137.24365720,7.2800
1622150853063000,1,9.34890688,7.2900
1622150853063000,1,137.09689939,7.2900
1622150853063000,1,23.36799873,7.2900
1622150853104000,1,3.79204877,7.2800
1622150867495000,0,422.40216183,7.3000
1622150867495000,0,996.83000000,7.3000
1622150885001000,0,206.34108505,7.3100
1622150885001000,0,618.65661020,7.3100
1622150939617000,0,378.17338980,7.3100
1622150989198000,0,3.79204878,7.3200
1622150999121000,1,136.52309390,7.3200
1622150999458000,1,136.52309390,7.3200
1622151000690000,1,39.91881220,7.3200
1622151121987000,0,26.06275579,7.3300
1622151153269000,0,203.00136425,7.3400
1622151153269000,0,996.83000000,7.3400
1622151153269000,0,166.14679356,7.3400
1622151153269000,0,398.18478871,7.3400
1622151153269000,0,71.00000000,7.3500
1622151153269000,0,136.48482346,7.3500
1622151153269000,0,141.94446302,7.3500
1622151159157000,1,223.80000000,7.3100
1622151159192000,1,188.67964774,7.3100
1622151159192000,1,84.65022366,7.3100
1622151163941000,0,147.14623758,7.3100
1622151194135000,1,5.00000000,7.3000
1622151255330000,1,14.29918032,7.3200
1622151509195000,1,56.97613415,7.3400
1622151509198000,1,25.77680000,7.3400
1622151509328000,1,75.00000000,7.3400
1622151509394000,1,198.75791507,7.3400
1622151675243000,0,614.38911430,7.3600
1622151679696000,1,19.22176559,7.3700
1622151680064000,0,3.37449118,7.3700
1622151726677000,1,228.52699329,7.3500
1622151781291000,1,12.30801000,7.3700
1622151791752000,1,209.11473608,7.3600
1622151791752000,1,384.01405238,7.3600
1622151791752000,1,12.19821495,7.3600
1622151797084000,1,29.68104000,7.3600
1622151801048000,1,0.00000487,7.3600
1622151814625000,1,11.72680000,7.3500
1622151814790000,1,0.00000492,7.3500
1622151930365000,1,16.51111464,7.3700
1622151930365000,1,6.60444586,7.3700
1622151930365000,1,42.92885950,7.3700
1622151952775000,1,6.27923342,7.3600
1622152045555000,1,5.20436794,7.3800
1622152147535000,0,50.00000000,7.3800
1622152210202000,1,250.00000000,7.3700
1622152210202000,1,149.71800000,7.3700
1622152226790000,1,3.25338096,7.3700
1622152226790000,1,7.41496281,7.3700
1622152346085000,0,3.00000000,7.3900
1622152394262000,1,2.93767087,7.3900
1622152394262000,1,7.34417718,7.3900
1622152394262000,1,1.01815195,7.3900
1622152501997000,1,17.10000000,7.4000
1622152582318000,1,4.24130166,7.4000
1622152582318000,1,12.85869834,7.3900
1622152598180000,0,134.65587044,7.4100
1622152803134000,1,5.84289000,7.4200
1622152948206000,0,3.00000000,7.4000
1622153058722000,1,63.85004889,7.4100
1622153058997000,1,87.51879000,7.4100
1622153076592000,1,0.00000788,7.4100
1622153485324000,1,5.81883443,7.3700
1622153582547000,0,4.14862141,7.3700
1622153582703000,0,3.98008870,7.3700
1622153746859000,1,3.39712843,7.3500
1622153784401000,1,3.00000000,7.3600
1622154133636000,0,69.74818119,7.3500
1622154452676000,0,12.84653259,7.3400
1622154583575000,0,42.73063363,7.4000
1622154590330000,0,194.52967310,7.4100
1622154627153000,1,9.36322000,7.4300
1622154673454000,0,75.48108108,7.4000
1622154677230000,1,5.00229501,7.3800
1622155398168000,0,400.00000000,7.3200
1622155566215000,1,4.31946833,7.3400
1622155683880000,1,3.97893811,7.3200
1622155805017000,0,74.00000000,7.2900
1622155805017000,0,343.79412156,7.2900
1622155805017000,0,28.53669269,7.2900
1622156663618000,0,128.83189240,7.3700
1622156668243000,1,15.53411000,7.3700
1622156696940000,1,12.97669000,7.3700
1622157013451000,1,5.85174845,7.3400
1622157024279000,1,5.53857552,7.3300
1622157305048000,1,26.06275579,7.2900
1622157331531000,1,2.82093752,7.2700
1622157345507000,1,2.82093752,7.2600
1622157345507000,1,7.02058248,7.2600
1622157345626000,1,0.00001039,7.2600
1622157428805000,1,137.99791047,7.2300
1622157428805000,1,261.72008953,7.2300
1622157563972000,1,5.70124000,7.2300
1622157564056000,1,0.00000481,7.2300
1622157566723000,1,97.84678218,7.2200
1622157566723000,1,37.63245659,7.2200
1622157566723000,1,14.58205817,7.2200
1622157569282000,1,12.59641883,7.2100
1622157569282000,1,31.49678772,7.2100
1622157569282000,1,81.89256553,7.2100
1622157569811000,1,8.15256611,7.2000
1622157569830000,1,4.44385272,7.2000
1622157569830000,1,31.49678772,7.2000
1622157569830000,1,36.86122907,7.2000
1622157604981000,0,150.91968094,7.2100
1622157646625000,1,5.51687487,7.1800
1622157672337000,1,11.52496671,7.1600
1622157737257000,0,34.60000000,7.1700
1622157796735000,0,22.22841225,7.1800
1622157851051000,0,17.30000000,7.1600
1622157910750000,1,9.44132597,7.1400
1622157910750000,1,23.60553238,7.1400
1622157910750000,1,66.15277165,7.1400
1622158068594000,1,7.08599000,7.1700
1622158228841000,1,13.74254000,7.1800
1622158233281000,1,13.67392235,7.1800
1622158243552000,1,13.53985888,7.1800
1622158243552000,1,33.83890112,7.1800
1622158248816000,1,13.30293000,7.1800
1622158263925000,0,75.00000000,7.1900
1622158263956000,0,1028.04641763,7.1900
1622158266666000,1,18.71614791,7.1900
1622158266666000,1,46.78930209,7.1900
1622158322407000,1,19.50587000,7.2100
1622158358864000,1,404.93264000,7.1800
1622158358999000,1,450.00000000,7.1800
1622158359064000,1,1800.00000000,7.1800
1622158359128000,1,401.91158000,7.1800
1622158359575000,1,0.00000809,7.1800
1622158467848000,1,11.36624000,7.1700
1622158470362000,1,10.92869000,7.1700
1622158564895000,0,139.81873311,7.1600
1622158564895000,0,424.62147612,7.1700
1622158564895000,0,76.00000000,7.1700
1622158564895000,0,76.76983478,7.1700
1622158613261000,0,5.35272191,7.1700
1622158942792000,1,5.35272191,7.2100
1622158950689000,1,5.37057000,7.2200
1622158950909000,1,0.00000249,7.2200
1622159075840000,1,4.71670000,7.2300
1622159143666000,0,73.91811324,7.2400
1622159169989000,0,900.00000000,7.2400
1622159170081000,0,140.31994000,7.2400
1622159170211000,0,0.00000106,7.2400
1622159193086000,1,5.83239000,7.2600
1622159828810000,1,3.20811000,7.2000
1622159881423000,0,139.18917000,7.1900
1622159930740000,1,209.63021881,7.1800
1622159930740000,1,410.23041455,7.1800
1622159930740000,1,139.13030022,7.1800
1622159930878000,0,6.54972642,7.1800
1622160082324000,0,26.19080779,7.1800
1622160152732000,1,4.29326008,7.1000
1622160153075000,1,80.00000000,7.0800
1622160153075000,1,257.28712871,7.0800
1622160300563000,0,22.01010689,7.0800
1622160305607000,0,29.09000000,7.0800
1622160314582000,0,368.84600449,7.0800
1622160378809000,1,130.73209000,7.0600
1622160416178000,0,196.27847769,7.1100
1622160416178000,0,404.12094483,7.1100
1622160416178000,0,428.57547359,7.1100
1622160416178000,0,171.49915448,7.1100
1622160432690000,0,197.02202000,7.1400
1622160434374000,0,0.00000220,7.1400
1622160450288000,0,170.95880000,7.1200
1622160451236000,0,170.96189843,7.1300
1622160556309000,0,170.03342000,7.1600
1622160711953000,1,27.69299000,7.1900
1622160729905000,1,25.24092000,7.1800
1622160745123000,0,139.65054139,7.1700
1622160790927000,1,21.47809000,7.1900
1622160807709000,0,73.00000000,7.2100
1622160817725000,0,138.82237201,7.2100
1622160820142000,0,23.50652552,7.2100
1622160863628000,0,139.29803206,7.1900
1622160968493000,0,138.73863000,7.2200
1622160973265000,0,618.88627000,7.2300
1622160974535000,0,0.00000433,7.2300
1622161053933000,1,12.85963102,7.2500
1622161053933000,1,350.00000000,7.2500
1622161053933000,1,137.90193006,7.2400
1622161053933000,1,209.02352535,7.2400
1622161053933000,1,397.20265448,7.2400
1622161053933000,1,32.29745251,7.2400
1622161053933000,1,32.29925225,7.2400
1622161053933000,1,366.85276000,7.2400
1622161061510000,1,34.80000000,7.2500
1622161062174000,1,315.20000000,7.2500
1622161062174000,1,300.00000000,7.2500
1622161062174000,1,629.97724000,7.2400
1622161062174000,1,137.86044598,7.2400
1622161062174000,1,83.58767523,7.2400
1622161062174000,1,71.81184446,7.2400
1622161081947000,1,12.02176000,7.2700
1622161091582000,1,17.40000000,7.2500
1622161097791000,1,14.86273000,7.2500
1622161126908000,1,14.69386343,7.2600
1622161126908000,1,2.70613657,7.2500
1622161138274000,1,14.59851000,7.2700
1622161173564000,1,14.44464000,7.3100
1622161184011000,1,14.37537036,7.3100
1622161292905000,1,10.06199853,7.3100
1622161334133000,1,10.55199000,7.3100
1622161349445000,1,15.90001000,7.3200
1622161371221000,1,13.67287000,7.3100
1622161390195000,0,9.75272470,7.3100
1622161525804000,1,87.71840000,7.2800
1622161526017000,1,0.00000659,7.2800
1622161766605000,0,167.90071491,7.2500
1622161766605000,0,419.86010488,7.2500
1622161818698000,0,168.94907000,7.2100
1622161917836000,1,10.00000000,7.1300
1622161941342000,1,26.19080779,7.1300
1622162007244000,1,9.46546220,7.1300
1622162007244000,1,140.06204214,7.1300
1622162007244000,1,3.78369709,7.1300
1622162036309000,0,140.59625000,7.1200
1622162126970000,1,5.77237000,7.0700
1622162150491000,1,5.69835000,7.0700
1622162151070000,1,0.00000740,7.0700
1622162180610000,1,0.00000334,7.0600
1622162193493000,1,5.07724779,7.0600
1622162193493000,1,1.13136593,7.0600
1622162270904000,0,4.32373852,7.0500
1622162270983000,1,141.60053613,7.0400
1622162270983000,1,20.07224223,7.0400
1622162299334000,1,4.11807000,7.0700
1622162398498000,1,4.63456558,7.0600
1622162398498000,1,141.45245807,7.0600
1622162398498000,1,11.58616635,7.0600
1622162404943000,1,3.96512429,7.0500
1622162448846000,0,26.05774647,7.1000
1622162495535000,0,171.99519752,7.0800
1622162571414000,0,197.86402349,7.1100
1622162571414000,0,428.63670873,7.1100
1622162590248000,1,12.25316000,7.1100
1622162632410000,0,75.00000000,7.0800
1622162725422000,1,19.79109125,7.0900
1622162725422000,1,49.48006354,7.0900
1622162725422000,1,140.80610424,7.0900
1622162725422000,1,128.61516097,7.0900
1622162844951000,0,141.79041263,7.0600
1622162844951000,0,75.00000000,7.0600
1622162844951000,0,431.41019683,7.0600
1622162844951000,0,90.45466138,7.0600
1622162976683000,1,15.99201000,7.0800
1622163060127000,1,410.54764000,7.0700
1622163104543000,1,18.67246850,7.0500
1622163164946000,0,142.23673072,7.0400
1622163164946000,0,9.72180000,7.0400
1622163164946000,0,48.92661801,7.0500
1622163192951000,1,18.79447000,7.0200
1622163207122000,0,35.20000000,7.0300
1622163225168000,1,24.90564000,7.0200
1622163225666000,1,62.26399260,7.0100
1622163225666000,1,24.92223740,7.0100
1622163225842000,1,0.00000846,7.0100
1622163225927000,1,250.44120000,7.0000
1622163225976000,1,49.55880000,7.0000
1622163225976000,1,87.30008501,6.9900
1622163226037000,1,341.54804270,6.9900
1622163238118000,1,26.85215493,7.0000
1622163249630000,1,67.06136207,6.9900
1622163249630000,1,174.32358406,6.9900
1622163249648000,1,75.00000000,6.9800
1622163249648000,1,143.01127548,6.9800
1622163249648000,1,44.65013627,6.9800
1622163249649000,1,170.20659724,6.9800
1622163249649000,1,213.39541546,6.9700
1622163249649000,1,159.57144706,6.9700
1622163272101000,0,11.50000000,7.0200
1622163351649000,1,32.69496015,6.9800
1622163472532000,0,143.07482343,7.0000
1622163472532000,0,74.00000000,7.0000
1622163472532000,0,167.04864104,7.0000
1622163472532000,0,305.06510695,7.0000
1622163476268000,0,17.70000000,7.0000
1622163532576000,1,44.25808119,6.9800
1622163541518000,0,17.70000000,7.0100
1622163605273000,1,25.00000000,6.9500
1622163610623000,1,16.86000000,6.9300
1622163644995000,0,144.25968042,6.9400
1622163644995000,0,18.20335109,6.9400
1622163671433000,0,175.95594000,6.9200
1622163691945000,1,36.88350000,6.9100
1622163701815000,0,6.30346820,6.9200
1622163753233000,1,4.83950060,6.8900
1622163833696000,0,63.23489404,6.8800
1622163833715000,0,113.56552994,6.8800
1622163945307000,0,10.13623188,6.9000
1622164035524000,1,43.75426000,6.9400
1622164068702000,0,77.00000000,6.9500
1622164068702000,0,8.00000000,6.9500
1622164072935000,0,6.26585014,6.9400
1622164246479000,1,35.40610924,6.9100
1622164330794000,0,17.90000000,6.8900
1622164346746000,0,176.22025530,6.9100
1622164347741000,1,31.25349000,6.9100
1622164355380000,1,31.25349000,6.9000
1622164395502000,1,16.40208202,6.9200
1622164462520000,1,1221.17460317,6.9100
1622164557684000,1,34.64146749,6.9300
1622164779848000,1,33.99558000,6.9900
1622164779882000,1,0.00000722,6.9900
1622164982713000,1,206.68597190,7.0100
1622164982713000,1,425.44370810,7.0100
1622165114041000,1,32.94719517,6.9800
1622165114041000,1,82.37948483,6.9800
1622165249674000,0,4.83950060,7.0200
1622165262542000,1,30.04528000,7.0200
1622165304878000,0,112.11993789,7.0100
1622165304936000,0,33.00000000,7.0100
1622165304937000,0,28.47960981,7.0100
1622165499249000,1,23.34907000,7.0200
1622165503640000,1,0.00000268,7.0200
1622165503640000,1,55.17108284,7.0200
1622165559904000,1,21.91351000,7.0400
1622165565812000,1,21.80937000,7.0400
1622165623617000,0,175.00000000,7.0500
1622165637023000,0,32.58415841,7.0700
1622165653787000,1,18.77438000,7.0600
1622165653927000,1,0.00000095,7.0600
1622165811276000,1,11.88540070,7.0500
1622165844873000,0,171.42853398,7.0500
1622165867402000,0,32.58415841,7.0600
1622165868395000,1,42.41584000,7.0600
1622165872154000,1,0.00000159,7.0600
1622165886312000,1,9.62563872,7.0500
1622165889868000,1,9.54531428,7.0400
1622165908357000,1,9.14956966,7.0400
1622166122847000,1,214.36446997,7.0300
1622166122847000,1,411.43191009,7.0300
1622166122847000,1,11.83850404,7.0300
1622166122847000,1,5.00352590,7.0300
1622166123056000,1,0.00001934,7.0300
1622166221010000,1,3.38298217,7.0400
1622166233148000,1,3.37128150,7.0300
1622166275722000,1,3.24353134,7.0300
1622166314976000,1,3.17407053,7.0200
1622166323833000,1,20.54926536,7.0200
1622166365561000,1,200.00000000,7.0000
1622166365561000,1,7.65913734,7.0000
1622166405171000,1,17.56975783,7.0100
1622166474777000,1,5.49203141,7.0000
1622166474777000,1,13.73219859,7.0000
1622166532268000,0,75.00000000,7.0300
1622166583985000,1,5.07137509,7.0400
1622166583985000,1,12.67835883,7.0400
1622166637775000,1,4.10889000,7.0300
1622166674395000,1,3.69197485,7.0000
1622166744647000,1,3.38078000,7.0000
1622166820636000,1,4.11150000,7.0300
1622166820735000,1,0.00000084,7.0300
1622166934422000,1,6.61475696,7.0000
1622166973667000,1,5.67676943,6.9900
1622167277414000,1,7.30205000,7.0200
1622167286100000,1,7.12717938,7.0300
1622167298727000,1,7.08214000,7.0400
1622167303360000,1,17.61225233,7.0400
1622167303360000,1,7.04489767,7.0400
1622167309953000,1,6.92272000,7.0400
1622167314209000,1,6.88867000,7.0400
1622167330130000,1,6.85358300,7.0400
1622167330130000,1,17.12531118,7.0400
1622167330130000,1,44.52772582,7.0400
1622167344899000,1,6.05630000,7.0300
1622167773797000,0,10.00000000,7.0800
1622167980818000,1,5.92044948,7.1000
1622167980818000,1,14.79486052,7.1000
1622168000301000,1,4.64569538,7.1000
1622168204973000,0,185.01048638,7.1000
1622168364708000,0,75.00000000,7.1000
1622168368227000,0,982.57472826,7.1000
1622168373631000,1,3.75083363,7.1100
1622168373631000,1,9.74857637,7.1100
1622168706117000,1,5.53821000,7.1000
1622168706147000,1,0.00000287,7.1000
1622168708689000,0,13.32770745,7.1100
1622168759786000,1,5.54058000,7.0900
1622168759887000,1,0.00000066,7.0900
1622169132954000,1,7.68726000,7.0700
1622169132962000,1,0.00000808,7.0700
1622169284863000,0,141.58544801,7.0700
1622169457151000,1,17.69167803,7.0700
1622169600402000,0,25.80279535,7.1000
1622169601673000,0,86.34076302,7.1000
1622169621835000,0,23.73277074,7.1100
1622169622909000,0,42.09476483,7.1100
1622169797442000,1,44.33565068,7.1100
1622169797637000,1,44.33565067,7.1100
1622169797816000,1,44.33565068,7.1100
1622169797991000,1,7.49015800,7.1100
1622169797991000,1,36.84549269,7.1100
1622169889002000,0,144.86202768,7.1200
1622169889028000,0,19.40739534,7.1200
1622169889077000,0,13.80000000,7.1200
1622169916379000,0,108.35000000,7.1100
1622170028767000,1,6.01867000,7.0600
1622170672072000,0,3.80864334,7.1200
1622170862498000,1,8.12832000,7.0800
1622170862654000,1,0.00000404,7.0800
1622170868514000,1,7.82137981,7.0700
1622171353019000,0,28.73153827,7.0600
1622171353574000,0,28.73153827,7.0600
1622171354496000,0,28.73153827,7.0600
1622171354987000,0,28.73153827,7.0600
1622171355475000,0,26.81980446,7.0600
1622171631041000,1,4.83273957,7.0300
1622171631041000,1,4.37468589,7.0300
1622171773845000,1,77.00000000,7.0100
1622171773845000,1,3.45586494,7.0100
1622172204989000,0,162.89449627,7.0400
1622172285282000,1,56.66840806,7.0000
1622172285384000,1,160.29573057,7.0000
1622172285462000,1,194.24984694,7.0000
1622172285477000,1,431.82798219,7.0000
1622172285574000,1,140.78636916,7.0000
1622172285576000,1,53.41909309,7.0000
1622172285591000,1,1874.52435570,7.0000
1622172662103000,1,6.99535496,6.9900
1622172689230000,1,6.84897750,7.0100
1622172689230000,1,17.12170250,7.0100
1622172743198000,1,17.91996000,7.0300
1622172743255000,1,0.00000302,7.0300
1622172839783000,1,18.94705515,7.0400
1622172839783000,1,47.35980485,7.0400
1622172863370000,1,18.49452000,7.0500
1622173044414000,0,215.79369670,7.0900
1622173044414000,0,106.02858820,7.0900
1622173109096000,1,14.03196000,7.1000
1622173131976000,1,13.58102504,7.1000
1622173131976000,1,33.94521496,7.1000
1622173155634000,1,207.75054000,7.0900
1622173213772000,1,25.02118494,7.1100
1622173213772000,1,10.00847398,7.1100
1622173213772000,1,59.46392108,7.1100
1622173273528000,1,7.15653000,7.1200
1622173339319000,1,5.94813684,7.1000
1622173371156000,1,5.08048761,7.1000
1622173371156000,1,12.69852239,7.1000
1622173430452000,1,12.95020172,7.1100
1622173430452000,1,5.18007828,7.1100
1622173430595000,1,0.00000241,7.1100
1622173519273000,1,5.99870764,7.1000
1622173519273000,1,14.99712134,7.1000
1622173590542000,1,213.66443962,7.0900
1622173590542000,1,12.41899377,7.0900
1622173590542000,1,4.87918661,7.0900
1622173590544000,1,0.00001901,7.0900
1622173606254000,1,10.90693971,7.0800
1622173611857000,1,4.86086472,7.0800
1622173666992000,1,7.39581271,7.0700
1622173687650000,1,57.73337732,7.0600
1622173886900000,1,211.87746198,7.0500
1622173886947000,1,172.72893322,7.0500
1622173887256000,1,284.46998986,7.0500
1622173887344000,1,206.99175296,7.0500
1622173887710000,1,332.68576328,7.0500
1622173887932000,1,2838.97228947,7.0500
1622173888736000,1,28.60889845,7.0500
1622173888789000,1,312.96500000,7.0500
1622173888794000,1,211.76805003,7.0500
1622173889001000,1,398.93186075,7.0500
1622173989984000,1,28.09329000,7.0600
1622174000010000,1,27.67248000,7.0600
1622174102228000,1,30.23204000,7.0800
1622174228259000,1,140.51653874,7.1100
1622174265840000,1,38.31251000,7.1300
1622174528815000,1,49.74720000,7.0900
1622174605718000,1,46.83085648,7.0700
1622174982000000,1,65.39043420,7.0300
1622175034610000,1,107.97688000,7.0400
1622175036692000,1,0.00000774,7.0400
1622175188175000,1,3.00000000,7.0200
1622175204956000,0,173.40147713,7.0200
1622175204956000,0,73.00000000,7.0200
1622175204956000,0,142.66143419,7.0200
1622175204956000,0,119.15132129,7.0200
1622175452669000,1,70.09455587,6.9800
1622175462779000,1,9.73126950,6.9600
1622175560566000,0,35.60000000,6.9500
1622175605801000,0,175.29983901,6.9500
1622175632677000,1,23.44583000,6.9600
1622175721740000,1,51.96222894,6.9500
1622175721740000,1,20.78876867,6.9500
1622175722389000,1,20.83667900,6.9400
1622175723189000,1,52.12178174,6.9300
1622175723189000,1,20.83667900,6.9300
1622175803835000,1,18.94217559,6.9300
1622175809085000,1,18.84570595,6.9300
1622175809085000,1,47.11426487,6.9300
1622175821688000,1,18.49274716,6.9400
1622175821688000,1,46.21651469,6.9400
1622175821688000,1,120.16293820,6.9400
1622175823074000,1,21.56238826,6.9400
1622175825044000,1,350.00000000,6.9300
1622175825044000,1,205.86596268,6.9300
1622175825044000,1,432.91524809,6.9300
1622175825044000,1,20.64608003,6.9300
1622175831455000,0,144.45093000,6.9300
1622175859657000,0,0.00000035,6.9300
1622175859657000,0,17.89999965,6.9300
1622175871481000,1,22.52089691,6.9200
1622175875718000,1,22.40470878,6.9200
1622176000500000,1,176.39593000,6.9000
1622176065730000,1,25.94565000,6.9400
1622176096061000,1,23.42022000,6.9400
1622176285046000,0,412.60703778,6.9200
1622176334043000,1,16.68987000,6.9000
1622176380828000,0,17.90000000,6.8800
1622176380880000,1,500.00000000,6.8700
1622176380880000,1,77.00000000,6.8700
1622176380880000,1,350.00000000,6.8700
1622176380880000,1,34.20349469,6.8700
1622176380880000,1,13.68124931,6.8700
1622176380880000,1,76.00000000,6.8600
1622176380880000,1,220.71428570,6.8600
1622176380880000,1,996.83000000,6.8600
1622176380880000,1,115.17759271,6.8600
1622176401700000,1,13.12732623,6.8800
1622176494981000,1,166.18022849,6.8800
1622176604896000,0,216.94285057,6.8800
1622176604896000,0,145.50882644,6.8800
1622176604896000,0,415.63751621,6.8800
1622176604896000,0,367.24430372,6.8800
1622176654303000,1,10.00946754,6.8400
1622176675107000,0,177.96187000,6.8400
1622176696264000,1,70.69156285,6.8200
1622176696264000,1,27.18795023,6.8200
1622176696264000,1,10.88072385,6.8200
1622176724958000,0,122.05617000,6.8300
1622176724958000,0,146.65437600,6.8300
1622176724958000,0,215.43138616,6.8300
1622176724958000,0,416.00276749,6.8300
1622176724958000,0,415.80234811,6.8300
1622176734061000,1,10.03381515,6.8000
1622176735114000,0,5.00000000,6.8000
1622176738049000,0,18.10000000,6.8000
1622176765051000,0,178.48529674,6.8200
1622176765051000,0,149.82418329,6.8200
1622176773566000,0,5.60000000,6.8200
1622176796331000,1,9.59006333,6.8000
1622176796331000,1,23.54801513,6.8000
1622176796331000,1,200.93996053,6.8000
1622176796331000,1,440.50191089,6.8000
1622176796331000,1,76.00000000,6.8000
1622176796331000,1,61.20912033,6.8000
1622176796674000,1,61.20912033,6.7900
1622176796674000,1,23.55355347,6.7900
1622176796674000,1,123.71134000,6.7900
1622176797106000,1,9.42454000,6.7900
1622176797316000,1,0.00000938,6.7900
1622176797470000,1,61.20912000,6.7800
1622176797664000,1,9.42454000,6.7800
1622176797731000,1,23.55355000,6.7800
1622176797804000,1,5.81279000,6.7800
1622176797804000,1,3.61175000,6.7800
1622176798137000,1,61.20912033,6.7700
1622176798137000,1,22.43648232,6.7700
1622176798137000,1,8.97827707,6.7700
1622176799919000,1,73.00000000,6.7600
1622176799919000,1,996.83000000,6.7600
1622176800019000,0,75.00000000,6.7600
1622176801980000,1,293.69163000,6.7600
1622176801980000,1,224.24556212,6.7600
1622176801980000,1,248.09036839,6.7600
1622176804991000,0,198.25752072,6.7900
1622176818002000,0,18.20000000,6.8000
1622176819078000,1,7.44087000,6.7900
1622176823380000,1,7.49432000,6.7900
1622176823385000,1,0.00000284,6.7900
1622176826247000,1,48.44628512,6.7900
1622176826247000,1,18.63318659,6.7900
1622176829658000,1,7.12145074,6.7900
1622176880775000,1,15.72717287,6.7800
1622176880775000,1,40.89064947,6.7800
1622176880775000,1,6.29086915,6.7800
1622176888460000,1,5.55054372,6.7800
1622176892986000,1,5.52600800,6.7800
1622176904604000,1,5.52600800,6.7700
1622176909418000,1,5.68532167,6.7700
1622176909418000,1,250.00000000,6.7700
1622176919624000,0,179.41722591,6.7900
1622176920140000,1,700.00000000,6.7900
1622176920191000,0,53.47053453,6.7900
1622176920206000,0,261.60000000,6.7900
1622176922199000,1,6.49598705,6.8000
1622176922199000,1,16.24091295,6.8000
1622176923500000,0,75.00000000,6.8000
1622176923879000,1,28.52732121,6.7800
1622176923906000,1,119.08170879,6.7800
1622176946448000,1,5.61836143,6.7900
1622176947665000,1,14.04202430,6.7900
1622176953443000,1,13.79233815,6.7900
1622176965288000,1,11.33948923,6.7700
1622176965288000,1,4.53579569,6.7700
1622176973467000,1,4.14239180,6.7700
1622176996431000,1,4.71486829,6.7800
1622177002110000,1,4.69369956,6.7800
1622177004487000,1,4.69369956,6.7700
1622177010145000,1,4.94206079,6.7700
1622177010145000,1,300.00000000,6.7700
1622177028627000,1,4.94679725,6.7600
1622177038227000,1,4.78490524,6.7600
1622177041056000,1,600.00000000,6.7500
1622177048291000,1,3.75640345,6.7500
1622177070000000,1,300.00000000,6.7500
1622177086979000,1,250.00000000,6.7400
1622177105878000,1,19.09824020,6.7400
1622177106998000,1,47.73947848,6.7400
1622177134417000,0,180.80946000,6.7300
1622177134517000,1,10.00000000,6.7200
1622177138376000,0,66.38856000,6.7100
1622177138376000,0,75.00000000,6.7100
1622177139090000,1,20.19036231,6.7000
1622177139090000,1,14.45167664,6.7000
1622177139835000,1,19.73277777,6.7000
1622177139873000,1,16.36421774,6.7000
1622177139873000,1,325.18382496,6.6900
1622177141370000,0,18.40000000,6.7200
1622177174482000,1,172.51432114,6.6900
1622177174482000,1,20.28397340,6.6900
1622177174483000,1,0.00000001,6.6900
1622177176464000,0,18.40000000,6.7000
1622177190187000,1,7.65000000,6.6600
1622177244887000,0,542.09659466,6.6600
1622177254740000,1,206.06833556,6.6400
1622177254740000,1,418.28723899,6.6400
1622177257054000,1,3.32024169,6.6200
1622177257293000,1,75.00000000,6.6200
1622177268967000,1,300.00000000,6.6000
1622177269288000,1,12.50000000,6.5900
1622177269348000,1,69.50000000,6.5900
1622177269348000,1,55.50000000,6.5900
1622177283193000,0,75.00000000,6.6400
1622177452324000,0,60.35401941,6.6500
1622177452324000,0,215.47250730,6.6500
1622177452324000,0,56.94039058,6.6500
1622177486068000,1,7.63040339,6.6500
1622177500945000,1,16.50497487,6.6600
1622177500945000,1,6.60144709,6.6600
1622177507702000,1,6.45505755,6.6600
1622177507702000,1,16.12912889,6.6600
1622177511995000,1,6.21839152,6.6600
1622177513889000,1,15.55011000,6.6600
1622177524688000,1,4.48932844,6.6700
1622177528873000,1,3.66015200,6.6700
1622177528873000,1,9.15038000,6.6700
1622177533156000,1,8.99033961,6.6700
1622177533156000,1,23.37493461,6.6700
1622177539599000,1,3.14970868,6.6700
1622177539599000,1,7.87427171,6.6700
1622177539599000,1,20.47310645,6.6700
1622177544246000,1,5.84983793,6.6600
1622177544246000,1,15.20956207,6.6600
1622177545728000,1,5.78490469,6.6500
1622177564943000,0,203.99783213,6.6600
1622177571405000,1,4.95846918,6.6500
1622177589291000,1,4.45064597,6.6500
1622177596801000,1,4.39042515,6.6600
1622177597848000,1,11.41275212,6.6600
1622177600616000,1,23.73277074,6.6500
1622177616130000,1,3.46877301,6.6700
1622177616130000,1,9.01709144,6.6700
1622177624058000,1,3.31264153,6.6700
1622177624645000,1,8.61112343,6.6700
1622177643463000,1,3.64088809,6.6700
1622177656203000,1,3.59604081,6.6500
1622177656531000,0,12.95673000,6.6500
1622177656618000,1,661.16955000,6.6500
1622177656669000,1,12.95673327,6.6500
1622177675368000,1,3.39774912,6.6400
1622177682396000,1,3.20861205,6.6400
1622177682396000,1,8.33771237,6.6400
1622177684908000,0,183.17487696,6.6400
1622177684908000,0,305.60730841,6.6400
1622177692685000,1,3.67569281,6.6300
1622177692685000,1,9.18793753,6.6300
1622177692685000,1,23.87365277,6.6300
1622177698771000,1,3.43979739,6.6300
1622177703860000,1,3.41322084,6.6400
1622177703860000,1,75.00000000,6.6400
1622177703860000,1,22.18526721,6.6400
1622177703980000,0,61.17229095,6.6400
1622177726248000,1,14.88598331,6.6300
1622177726248000,1,5.47649623,6.6300
1622177741778000,1,4.94231630,6.6400
1622177804463000,1,3.51625217,6.6400
1622177821047000,1,3.14982495,6.6500
1622177845353000,1,6.94725552,6.6400
1622177876659000,0,330.66951980,6.6500
1622177876868000,0,122.08198276,6.6700
1622177877063000,0,22.07174642,6.6700
1622177877090000,0,32.00796999,6.6700
1622177877509000,1,17.23703807,6.6600
1622177877509000,1,315.86902726,6.6500
1622177883095000,1,6.81761000,6.6700
1622177883163000,1,0.00000604,6.6700
1622177883235000,1,44.83385921,6.6600
1622177883235000,1,17.04877687,6.6600
1622177884453000,1,6.47819473,6.6600
1622177884453000,1,15.25620527,6.6600
1622177885138000,1,0.00000590,6.6600
1622177898250000,0,350.00000000,6.6700
1622177898250000,0,22.30393581,6.6800
1622177918086000,1,3.67699570,6.6700
1622177929563000,1,6.07834947,6.6700
1622177929563000,1,16.56523053,6.6700
1622177941854000,1,6.08747000,6.6700
1622177966268000,1,6.01353451,6.6700
1622177998555000,1,5.60522436,6.6500
1622178004312000,1,550.00000000,6.6400
1622178007283000,0,140.60628742,6.6500
1622178022024000,1,4.91137634,6.6400
1622178047338000,1,3.69279129,6.6300
1622178072259000,1,7.09863000,6.6500
1622178072599000,1,5.90780458,6.6500
1622178074392000,0,69.09219542,6.6500
1622178137741000,0,14.91031390,6.6900
1622178137963000,0,52.39760837,6.6900
1622178138675000,1,3.48537886,6.6800
1622178138675000,1,8.71250812,6.6800
1622178138675000,1,22.64761354,6.6800
1622178138680000,1,350.00000000,6.6700
1622178138680000,1,210.70456351,6.6700
1622178146478000,1,3.29367999,6.6800
1622178161290000,1,6.93154210,6.6800
1622178164751000,1,6.84289562,6.6800
1622178185022000,0,300.00000000,6.6900
1622178185188000,0,62.36723000,6.6900
1622178244505000,0,421.45291479,6.6900
1622178388205000,0,2986.70098270,6.6900
1622178388723000,0,1591.87367240,6.6900
1622178419717000,0,181.49837444,6.7100
1622178421858000,1,222.49627000,6.7100
1622178427617000,0,550.00000000,6.7200
1622178451134000,0,126.30052873,6.7200
1622178461853000,0,132.75976652,6.7200
1622178464340000,0,132.75976652,6.7200
1622178468824000,0,151.56321426,6.7200
1622178489598000,1,5.10708031,6.7100
1622178489598000,1,226.78837555,6.7100
1622178489598000,1,13.27197442,6.7100
1622178512989000,0,452.54882022,6.7300
1622178512989000,0,180.96125155,6.7300
1622178514933000,0,25.18775386,6.7300
1622178516412000,0,36.63999614,6.7300
1622178516412000,0,200.00000000,6.7300
1622178538636000,1,6.14216000,6.7300
1622178547833000,0,180.93571664,6.7300
1622178547833000,0,452.42437882,6.7300
1622178558428000,0,317.90333690,6.7400
1622178622584000,0,213.26773002,6.7500
1622178622584000,0,112.00899793,6.7500
1622178720692000,1,147.97315841,6.7500
1622178721573000,0,13.27006159,6.7500
1622178739520000,0,5.90236686,6.7600
1622178804221000,1,222.93639000,6.7600
1622178881965000,0,25.30677439,6.7800
1622178978205000,1,18.46258665,6.7600
1622178978205000,1,7.10098335,6.7600
1622178978254000,1,0.00001152,6.7600
1622178978452000,1,73.00000000,6.7600
1622178978538000,1,75.00000000,6.7600
1622178979141000,1,7.10923947,6.7400
1622178980451000,0,76.00000000,6.7600
1622178980451000,0,383.04981095,6.7600
1622179013862000,1,148.16903008,6.7400
1622179013862000,1,51.83096992,6.7400
1622179042805000,1,75.00000000,6.7700
1622179042805000,1,5.84494043,6.7700
1622179105797000,0,180.49292705,6.7400
1622179105797000,0,996.83000000,6.7400
1622179202915000,1,5.83349071,6.7300
1622179202915000,1,14.58377250,6.7300
1622179276158000,0,153.55489614,6.7400
1622179293985000,1,441.86332592,6.7300
1622179319196000,1,166.27519000,6.7200
1622179323223000,1,36.35864861,6.7200
1622179405015000,0,149.16860194,6.7100
1622179405015000,0,315.29713200,6.7100
1622179627663000,1,6.30346820,6.7400
1622179670514000,0,7.14792899,6.7600
1622179765009000,0,148.93101807,6.7200
1622179765009000,0,12.20601838,6.7200
1622179791739000,0,950.00000000,6.7200
1622179791767000,0,2800.02067742,6.7200
1622179871970000,1,5.22528968,6.7600
1622179871970000,1,13.06322421,6.7600
1622179884480000,1,20.70105975,6.7700
1622179884480000,1,8.27981025,6.7700
1622179890562000,1,6.05202941,6.7700
1622179908882000,0,75.00000000,6.7900
1622179908940000,0,1091.52705212,6.7900
1622179908940000,0,448.58992658,6.7900
1622179908940000,0,179.41629752,6.7900
1622179909103000,0,64.98956466,6.8000
1622179910435000,1,12.54343514,6.8000
1622179910517000,0,45.94494749,6.8000
1622179910666000,0,1543.06915966,6.8000
1622179912025000,0,75.00000000,6.7900
1622179912407000,0,75.00000000,6.8100
1622179922940000,0,72.00000000,6.8100
1622179922940000,0,90.58842004,6.8100
1622179924564000,0,319.97650462,6.8100
1622179928012000,1,18.54093000,6.7900
1622179928076000,0,178.91831657,6.8000
1622179928150000,1,570.46183000,6.8000
1622179928152000,1,18.54093239,6.8000
1622179929459000,0,56.45906761,6.8000
1622179933116000,1,18.03185915,6.7900
1622179933116000,1,45.32411149,6.7900
1622179933116000,1,117.84708346,6.7900
1622179945165000,1,16.93249000,6.7800
1622179954105000,1,15.56342000,6.7700
1622179962236000,1,15.43292453,6.7600
1622180007011000,1,14.37415000,6.7500
1622180071153000,1,9.61817000,6.7600
1622180174001000,1,9.64507587,6.7600
1622180200248000,0,18.15768995,6.7600
1622180200311000,0,75.00000000,6.7600
1622180200370000,0,1400.00000000,6.7600
1622180200423000,0,1319.35781811,6.7600
1622180209446000,1,8.37874000,6.7700
1622180259347000,0,124.06963904,6.7700
1622180259872000,0,37.37467565,6.7700
1622180325280000,1,4.97325797,6.7500
1622180380271000,1,418.65539660,6.7200
1622180380271000,1,5.14288340,6.7200
1622180380418000,1,220.33482142,6.7100
1622180380418000,1,33.41427056,6.7100
1622180380418000,1,27.94039535,6.7100
1622180478473000,1,11.03651530,6.7000
1622180478473000,1,4.31094470,6.7000
1622180481279000,1,4.11023062,6.7000
1622180598791000,0,200.00000000,6.6300
1622180598921000,0,250.00000000,6.6300
1622180599342000,0,350.00000000,6.6300
1622180605220000,1,150.91117568,6.6100
1622180605220000,1,196.42493619,6.6100
1622180683456000,1,14.82721000,6.5400
1622180683877000,1,0.00000712,6.5400
1622180684002000,1,30.00000000,6.5300
1622180684002000,1,225.16999053,6.5300
1622180684002000,1,73.00000000,6.5300
1622180684002000,1,93.28292426,6.5300
1622180684049000,1,52.39760837,6.5300
1622180697872000,0,75.00000000,6.5500
1622180725151000,0,248.43929670,6.5700
1622180738353000,1,312.96500000,6.5100
1622180741745000,1,35.00000000,6.5000
1622180741745000,1,100.00000000,6.5000
1622180741745000,1,5.87538461,6.5000
1622180741745000,1,50.00000000,6.5000
1622180782708000,0,19.10000000,6.5000
1622180787865000,0,187.61978000,6.5000
1622180788065000,0,75.00000000,6.5000
1622180788109000,0,2882.36016658,6.5000
1622180905077000,0,14.27956989,6.5100
1622180934232000,0,3072.14665655,6.5000
1622180934466000,0,58.58322206,6.5000
1622180934764000,0,33.35006797,6.5000
1622180942985000,1,15.55016000,6.5000
1622180943171000,1,0.00000937,6.5000
1622180946875000,0,12.00000000,6.5000
1622180962747000,1,17.37035000,6.5100
1622180965072000,1,43.44525751,6.5000
1622180965072000,1,112.92379828,6.5000
1622180965072000,1,17.37035375,6.5000
1622180965072000,1,153.57830619,6.5000
1622180965072000,1,153.81509506,6.4900
1622180965072000,1,84.23388199,6.4900
1622180980226000,1,16.27951000,6.5000
1622180983227000,1,16.27951548,6.4900
1622181001966000,0,19.10000000,6.4900
1622181004507000,1,14.93160498,6.4700
1622181007243000,0,165.88780927,6.4700
1622181012489000,1,36.38281522,6.4600
1622181012489000,1,14.55312609,6.4600
1622181012489000,1,94.11078869,6.4600
1622181013449000,1,37.32953217,6.4500
1622181013449000,1,97.05678362,6.4500
1622181019872000,1,13.20268000,6.4600
1622181024950000,1,13.09568000,6.4800
1622181028983000,1,32.61375000,6.4700
1622181029759000,1,32.61375744,6.4600
1622181029907000,1,0.00000001,6.4600
1622181032448000,1,31.78662000,6.4500
1622181032977000,1,12.23259000,6.4500
1622181033226000,1,0.00000768,6.4500
1622181037379000,0,19.10000000,6.4500
1622181039286000,1,4.29326008,6.4400
1622181039286000,1,6.74850992,6.4400
1622181068889000,1,67.41801271,6.4600
1622181068889000,1,25.93071075,6.4600
1622181068924000,0,10.37228430,6.4600
1622181118697000,1,10.76370000,6.4600
1622181119024000,1,0.00000213,6.4600
1622181124625000,0,175.35394000,6.4700
1622181124674000,0,0.00000127,6.4700
1622181136160000,0,19.10000000,6.4800
1622181164984000,1,18.23176659,6.4800
1622181164984000,1,7.29112746,6.4800
1622181164984000,1,47.40431471,6.4800
1622181164984000,1,154.12616144,6.4800
1622181164984000,1,73.61553974,6.4800
1622181176747000,1,5.66887330,6.4700
1622181187942000,1,5.23097112,6.4800
1622181187942000,1,13.06792888,6.4800
1622181205485000,1,4.82515552,6.4900
1622181205485000,1,12.05860448,6.4900
