timestamp ms,type,amount,price
1627784110562000,1,5.02044908,0.00024566
1627784110562000,1,4.91647254,0.00024560
1627784110562000,1,4.92021530,0.00024554
1627784316764000,0,5.20205423,0.00024636
1627784317278000,0,115.57416229,0.00024641
1627784317278000,0,288.86921066,0.00024647
1627784317278000,0,4.85894963,0.00024647
1627784317978000,0,4.90301573,0.00024651
1627784317978000,0,5.38483528,0.00024661
1627784317978000,0,750.90047527,0.00024662
1627784338844000,0,4.88523245,0.00024723
1627784338844000,0,5.11627611,0.00024730
1627784338844000,0,145.73737608,0.00024735
1627784803347000,0,5.19869310,0.00024763
1627784803347000,0,4.66135191,0.00024770
1627786255560000,1,5.08415229,0.00024549
1627786256061000,1,5.01133933,0.00024551
1627786256132000,0,4.86571374,0.00024544
1627786256966000,1,270.42539029,0.00024540
1627786630773000,1,753.28456855,0.00024523
1627786651599000,1,4.91295410,0.00024448
1627786651599000,1,4.83621971,0.00024446
1627787949793000,1,5.11757536,0.00024271
1627787949793000,1,5.17763964,0.00024270
1627790075424000,1,5.00876523,0.00024493
1627790075424000,1,5.02697546,0.00024492
1627794903754000,1,9.81352993,0.00024199
1627795473397000,1,7.75250531,0.00024234
1627807480475000,1,97.88068105,0.00024073
1627815602744000,0,4.84740462,0.00023894
1627815603269000,0,12.50000000,0.00023890
1627830011171000,0,5.06999442,0.00024017
1627830011171000,0,5.18040599,0.00024024
1627830011171000,0,151.23981398,0.00024029
1627830014592000,0,5.07758628,0.00024017
1627830014592000,0,5.11051388,0.00024024
1627831205265000,0,570.77059490,0.00024053
1627834612993000,1,61.50384453,0.00023700
1627835675558000,0,5.00671104,0.00023872
1627835675558000,0,4.64667742,0.00023878
1627835710202000,0,4.89557011,0.00023867
1627835710202000,0,20.50429884,0.00023867
1627840315001000,1,4.90399107,0.00024015
1627840315001000,1,5.18681601,0.00024006
1627840339958000,1,4.82804995,0.00023970
1627840339958000,1,5.33309817,0.00023964
1627840350982000,1,4.98399818,0.00023965
1627840350982000,1,4.93189808,0.00023957
1627840368467000,1,4.96381833,0.00023953
1627840368467000,1,4.84525525,0.00023945
1627845206307000,1,4.89560801,0.00023999
1627845206307000,1,5.01159628,0.00023998
1627847968061000,0,5.01687238,0.00024233
1627847968570000,0,4.86732731,0.00024233
1627847978830000,0,4.80362336,0.00024243
1627847982800000,0,5.15565552,0.00024243
1627847983313000,0,12.50000000,0.00024243
1627857048195000,0,5.09309808,0.00024162
1627861492991000,1,5.06243639,0.00023652
