timestamp ms,type,amount,price
1626678150388000,1,0.05694185,2092.3300
1626681690471000,0,0.02206113,2083.1900
1626681690471000,0,0.03155145,2083.7600
1626681930852000,0,0.01654461,2082.3100
1626686396953000,1,0.01219512,2050.0000
1626687274054000,1,0.01074136,2042.3900
1626695240676000,1,0.44899798,2026.0700
1626695243147000,1,0.17171100,2026.0700
1626696090599000,1,0.05348391,2022.7500
1626696970767000,0,0.00989247,2022.5600
1626697926671000,0,0.63460051,2010.4000
1626697926671000,0,0.25368588,2011.3300
1626697927300000,1,0.01600000,2005.5800
1626698092985000,1,0.01250000,2000.0000
1626698092985000,1,0.05056171,2000.0000
1626698093253000,1,0.04943829,2000.0000
1626698093253000,1,0.25000000,2000.0000
1626698093253000,1,0.04999998,2000.0000
1626698093354000,1,0.00000001,2000.0000
1626698095077000,1,0.02388783,1999.6500
1626698761857000,1,0.35837000,1990.0700
1626698761857000,1,0.40042654,1990.0500
1626699500297000,1,0.23408079,1980.7000
1626700207755000,1,0.01010000,1981.0900
1626700679863000,0,0.35978000,1995.8100
1626700679863000,0,0.42078038,1995.9200
1626700680404000,0,0.20778038,1995.9200
1626701669069000,1,1.39998469,1960.0000
1626701864617000,0,0.01020918,1959.9600
1626702093346000,1,0.01282051,1950.0000
1626702093346000,1,0.10186267,1950.0000
1626702095872000,1,0.06288131,1950.0000
1626702460365000,1,0.09125602,1950.0000
1626702460365000,1,0.04999999,1950.0000
1626705321903000,0,0.02206373,1969.6000
1626705321903000,0,0.02319327,1970.4700
1626705321903000,0,0.20785439,1970.5700
1626707386957000,0,0.46145879,1969.7100
1626707468725000,0,0.58423612,1969.7100
1626707468755000,0,0.05624999,1969.7100
1626707469425000,0,0.14419155,1969.7100
1626713522770000,0,0.01500221,1963.8900
1626713553691000,0,0.05362050,1966.4200
1626713553707000,0,0.00000001,1966.4200
1626717866844000,0,0.02380528,1964.6900
1626720053237000,1,0.01500221,1950.5800
1626722549399000,1,0.23501335,1934.9500
1626739688397000,0,0.02261935,1937.9600
1626739688397000,0,0.00997647,1938.0200
1626744142571000,1,0.01315789,1900.0000
1626744142870000,1,0.13832799,1898.0000
1626744376668000,1,0.01891646,1898.0000
1626744407665000,1,0.00000001,1898.0000
1626744418167000,0,0.01054268,1895.9200
1626746496126000,1,0.18360603,1901.6100
1626746496128000,1,0.48337456,1901.6100
1626746496128000,1,0.66749457,1900.6800
1626746578579000,1,0.37592000,1893.9300
1626746578579000,1,0.52761375,1893.9100
1626746599002000,0,0.67087248,1896.3900
1626746599002000,0,0.01246136,1897.4700
1626746599002000,0,0.67070158,1897.4900
1626746599002000,0,0.01886336,1897.8300
1626749108502000,1,0.03067560,1855.3000
1626749993246000,1,0.01351351,1850.0000
1626749993246000,1,0.01351351,1850.0000
1626749993246000,1,0.02922297,1850.0000
1626750003211000,1,0.00661892,1850.0000
1626750941875000,0,0.01081622,1849.3500
1626751206787000,0,0.05624999,1836.2200
1626751207849000,0,0.05624999,1836.2200
1626751209427000,0,0.05624999,1836.2200
1626751209632000,0,0.37624501,1836.2200
1626752800987000,1,0.88828639,1818.2600
1626754638628000,1,0.65200000,1812.6000
1626754638628000,1,0.70080596,1812.5300
1626754638628000,1,0.16624848,1811.9500
1626754638628000,1,0.70065619,1811.9200
1626754677198000,1,0.21953730,1810.9600
1626754995120000,1,0.02703368,1817.0500
1626755052379000,0,1.58313511,1818.0900
1626755052379000,0,0.02271198,1818.8300
1626755052379000,0,0.70039037,1819.3600
1626755052379000,0,0.70003008,1820.2700
1626755052379000,0,0.54949258,1821.0200
1626755052379000,0,0.31000000,1821.0200
1626755052379000,0,1.16758833,1821.0300
1626755052379000,0,0.44837313,1821.2200
1626755543869000,0,0.02255825,1815.1800
1626755543922000,1,0.05624999,1815.1800
1626755544002000,1,0.80738486,1815.1800
1626761944388000,0,0.02707589,1841.8600
1626763731541000,1,1.31015909,1845.2700
1626764274022000,0,0.02210083,1842.1400
1626764274022000,0,0.08589865,1842.7200
1626765267315000,0,0.92239746,1858.9600
1626769594890000,1,1.50035551,1841.1200
1626769594890000,1,0.69026512,1841.1100
1626769594890000,1,0.02167245,1840.6100
1626769594890000,1,0.69022279,1840.1900
1626769594890000,1,0.02326920,1840.0600
1626769594890000,1,0.54327172,1839.4800
1626769594890000,1,0.02309708,1839.4700
1626769594890000,1,0.02283154,1838.9300
1626769594890000,1,0.65200000,1838.7500
1626769594890000,1,1.35846211,1838.7400
1626769594890000,1,0.31000000,1838.7200
1626769594890000,1,0.16455248,1838.7100
1626771103726000,1,0.27000000,1824.8400
1626771220938000,1,0.19420116,1813.7000
1626771221922000,1,0.16860000,1813.7000
1626772583834000,0,3.56702721,1824.1500
1626772817980000,1,0.49942620,1812.1900
1626774848559000,1,0.17087852,1806.2100
1626774903935000,1,0.38206554,1806.2100
1626774904081000,1,0.00000001,1806.2100
1626775079989000,1,0.01388888,1800.0000
1626775079989000,1,0.01388887,1800.0000
1626775080062000,1,0.00000001,1800.0000
1626775108632000,0,0.01111667,1797.3900
1626779923653000,0,0.02233426,1829.5700
1626779923803000,0,0.02328052,1829.5700
1626779926199000,0,0.02268231,1829.5700
1626779926785000,0,0.02290048,1829.5700
1626779927314000,0,0.02184848,1829.5700
1626779927445000,0,0.02329247,1829.5700
1626782478330000,0,0.02171854,1843.9800
1626782478330000,0,0.02220894,1844.4500
1626782478330000,0,0.02210615,1844.6400
1626782478330000,0,0.02249566,1844.7300
1626782478330000,0,0.05844988,1844.8600
1626783295226000,0,0.56260493,1839.3600
1626784486159000,0,0.02218241,1832.1100
1626784486159000,0,0.14067615,1833.0000
1626791413497000,1,0.02319363,1828.0900
1626791413497000,1,0.02304092,1827.4000
1626791413497000,1,0.23783563,1827.1800
1626792174520000,0,0.02380528,1815.4000
1626794691144000,0,0.01111667,1853.5000
1626794692688000,0,0.01388888,1854.0000
1626794692688000,0,0.01388888,1854.0000
1626794815365000,0,1.61169577,1861.5900
1626799987590000,1,1.50816730,1861.5800
1626799987808000,0,1.44718441,1861.5800
1626800530729000,1,0.02256441,1855.3100
1626800530729000,1,0.26150577,1855.2900
1626805353270000,0,0.24107815,1872.0900
1626809526030000,0,0.02313919,1880.4200
1626809526030000,0,0.10876905,1880.6400
1626809559729000,1,0.67793104,1873.7000
1626809559794000,0,0.05624999,1873.7000
1626809559811000,0,0.14758179,1873.7000
1626811290563000,0,0.05769610,1875.6900
1626816688509000,0,1.58278700,1871.0100
1626817555893000,0,0.02206010,1871.8900
1626817555893000,0,0.02248424,1872.2200
1626817555893000,0,0.06183283,1872.8200
1626817555893000,0,0.68110404,1872.8300
1626817986387000,1,0.02707589,1866.9300
1626820533351000,1,1.08756570,1858.8100
