timestamp ms,type,amount,price
1624665763409000,1,0.01524300,1640.0000
1624665797848000,0,0.01220122,1639.9800
1624666000662000,0,0.03480154,1649.5400
1624666536818000,0,0.09093737,1654.3800
1624666544034000,0,0.00000001,1654.3800
1624667076408000,0,0.06044560,1671.4700
1624667207486000,0,0.03010195,1671.1700
1624667488093000,0,0.01220122,1688.0800
1624667957880000,0,0.08909718,1677.3600
1624667966760000,0,0.00000001,1677.3600
1624668966600000,0,0.03659851,1689.8000
1624670088351000,0,0.19452705,1666.4400
1624670765343000,0,0.06000816,1654.9200
1624672648581000,1,0.06942356,1677.8400
1624672648581000,1,0.02776779,1677.8400
1624672648581000,1,0.08200865,1677.8100
1624683742569000,0,0.01515151,1699.5000
1624683786462000,0,0.73870393,1705.2800
1624683786462000,0,0.14448453,1706.1000
1624683786472000,0,0.09000000,1706.1000
1624686313864000,0,1.86945395,1682.7000
1624686313864000,0,0.14866742,1682.9500
1624689873714000,1,0.09041970,1670.5500
1624689927923000,1,0.08903775,1666.7900
1624689927923000,1,0.08653476,1666.7600
1624689927923000,1,0.09208317,1666.4100
1624689927923000,1,0.08773593,1665.9800
1624689927923000,1,1.66272976,1665.9400
1624691257457000,1,0.09078798,1650.3100
1624691257457000,1,0.01515151,1650.0000
1624691257457000,1,0.09080951,1649.8500
1624691257546000,1,0.00000001,1649.8500
1624692935809000,1,0.01599999,1632.6400
1624692935840000,1,0.00000001,1632.6400
1624693042032000,0,0.01225622,1632.3200
1624693049947000,1,0.06917303,1628.0000
1624693052492000,1,0.03082696,1628.0000
1624693052581000,1,0.00000001,1628.0000
1624693990577000,1,0.09236593,1625.0400
1624694595830000,1,0.09000000,1620.9700
1624694596072000,1,0.28032147,1620.9700
1624694674278000,1,0.02110675,1612.7200
1624694757726000,1,0.10000000,1608.4100
1624694929916000,1,0.45092939,1600.0000
1624694929989000,1,0.29907061,1600.0000
1624694929989000,1,0.10000000,1600.0000
1624694929989000,1,0.15625000,1600.0000
1624694929989000,1,0.01562500,1600.0000
1624695073763000,1,0.01287380,1602.0900
1624695073763000,1,0.04534314,1602.0800
1624695264237000,1,0.25000000,1595.0000
1624695283295000,1,0.06000816,1592.5100
1624695283501000,1,0.06005248,1593.3000
1624695283504000,1,0.03063008,1593.3000
1624695283504000,1,0.02762936,1592.5100
1624695307085000,1,0.02113365,1594.8000
1624696096937000,0,0.16642710,1599.5900
1624696697068000,1,0.25083045,1616.5900
1624696792576000,1,1.12584157,1605.5500
1624697744643000,1,0.04999999,1600.0000
1624697744770000,1,0.00000001,1600.0000
1624698018091000,0,0.09285193,1607.8000
1624700337486000,0,0.01562500,1648.0000
1624700337486000,0,0.09296089,1648.0900
1624700337486000,0,0.06938009,1648.4900
1624700340795000,0,0.08890293,1651.6600
1624700340820000,0,0.00000001,1651.6600
1624700621841000,0,0.05754638,1660.0300
1624702152322000,1,0.22545247,1644.5600
1624705355736000,1,0.08215001,1671.2400
1624705356558000,1,0.00000001,1671.2400
1624705798570000,0,0.01225622,1680.5000
1624706650591000,1,0.08914923,1675.4800
1624706650616000,1,0.00000001,1675.4800
1624706650685000,1,0.09249218,1675.0500
1624706650792000,1,0.09105282,1674.5300
1624712607590000,0,0.75604195,1669.2000
1624712607590000,0,0.75571871,1669.9200
1624712607590000,0,0.06750803,1670.8600
1624713373429000,0,0.09264233,1687.7700
1624714073343000,1,0.74797927,1680.3500
1624714073343000,1,0.01777942,1679.4300
1624714073343000,1,0.04622650,1679.2700
1624714073343000,1,0.74843551,1679.2600
1624718983599000,0,0.08760641,1647.3700
1624718983599000,0,0.08845003,1647.8800
1624721222027000,1,0.01391336,1640.6800
1624722050557000,0,0.02467441,1640.7600
1624722050605000,0,0.06636518,1640.7600
1624722051154000,0,0.08468128,1641.1000
1624723764841000,1,0.76969069,1631.5100
1624723764841000,1,0.83362712,1630.5900
1624723780621000,0,0.01227163,1630.4200
1624729845385000,0,0.06249999,1641.3900
1624729845385000,0,0.00000001,1641.3900
1624730265951000,0,0.08968065,1660.4300
1624736207990000,0,0.06926819,1648.7400
1624736428485000,0,0.00000001,1648.7400
1624742528200000,0,0.02090991,1622.8700
1624742558474000,1,0.04172199,1619.2400
1624743177744000,0,0.02129085,1626.6700
1624751874438000,0,0.36000000,1673.3500
1624751874438000,0,0.09101036,1673.3600
1624751875915000,0,0.00000001,1673.3600
