timestamp ms,type,amount,price
1627604814295000,1,0.25000000,2440.1900
1627607355114000,0,0.03592548,2433.3000
1627608306284000,1,0.09772531,2430.3500
1627608777678000,0,0.12499999,2444.0000
1627608777680000,0,0.00000001,2444.0000
1627609311094000,0,0.05624999,2459.6300
1627609311247000,0,1.46588909,2459.6300
1627609311330000,0,0.00958333,2459.7600
1627609311330000,0,0.01219681,2468.4400
1627609311330000,0,0.00821986,2468.4400
1627609311330000,0,0.01041666,2472.0000
1627609311330000,0,0.00708056,2481.7000
1627610307877000,0,0.01846326,2460.0200
1627610490760000,0,0.04445687,2472.1100
1627613215139000,0,0.51148504,2470.9200
1627613215139000,0,0.51159476,2471.7700
1627613215139000,0,0.34382864,2473.3100
1627613228337000,0,0.40419061,2476.7500
1627613228605000,0,0.05624998,2475.5200
1627613228801000,0,0.00000001,2475.5200
1627615804448000,1,0.04085151,2469.6400
1627617220707000,1,0.51503237,2447.9300
1627617220707000,1,0.02181828,2447.8800
1627617220707000,1,0.02166336,2447.2100
1627617220707000,1,0.10797945,2447.1900
1627617221219000,1,0.05624999,2448.2100
1627617221219000,1,0.01292110,2447.9300
1627618215908000,1,0.51817449,2431.2500
1627619583037000,1,0.51826838,2432.3900
1627619583102000,0,1.48173162,2432.3900
1627619626920000,1,0.03477144,2432.3900
1627620929308000,0,0.28787342,2439.5200
1627626052259000,0,0.02313463,2431.7200
1627626052259000,0,0.01777925,2432.2200
1627633791069000,1,0.51916621,2415.2300
1627634485046000,1,0.01041666,2400.0000
1627634493953000,0,0.02327686,2399.1500
1627634493953000,0,0.00588981,2399.4800
1627634502202000,0,0.02292428,2389.8500
1627634502202000,0,0.02282796,2390.5000
1627634502202000,0,0.26764776,2391.0400
1627634508742000,0,0.00836874,2388.7000
1627634619709000,0,0.31610000,2371.9300
1627635071864000,1,0.01063829,2350.0000
1627635152946000,1,0.02327987,2344.4300
1627635152946000,1,0.02210039,2343.8000
1627635152946000,1,0.12870180,2343.2600
1627636243454000,0,0.02347157,2342.3200
1627636532226000,1,0.10569521,2344.3000
1627636892787000,0,0.00853560,2343.8400
1627637133155000,0,0.01600000,2336.9600
1627637138816000,0,0.01600000,2336.9600
1627637365165000,0,0.01600000,2331.4800
1627642074823000,1,0.03841917,2356.8600
1627644161500000,0,0.53478826,2362.1700
1627644161500000,0,0.29287846,2362.2400
1627648400594000,0,0.04251954,2345.9800
1627653465111000,1,3.00000000,2350.0000
1627655430634000,0,0.07744856,2361.9100
1627655563794000,0,0.10570835,2359.1500
1627656130344000,0,0.19969975,2361.4300
1627657262900000,0,0.53728683,2357.4500
1627657262900000,0,0.02313853,2358.2300
1627657262900000,0,0.43957464,2358.5200
1627660227737000,1,0.01600000,2344.8900
1627664490754000,1,0.04435017,2342.2000
1627672202968000,0,0.13042231,2369.5500
1627672539965000,1,0.01683364,2363.9700
1627673119552000,0,0.02180146,2377.5900
1627673119552000,0,0.02211394,2378.2600
1627673119552000,0,0.06067712,2378.5300
1627676211183000,1,0.01580000,2398.9600
1627676283630000,0,0.02347156,2409.6100
1627676283631000,0,0.00000001,2409.6100
1627678161543000,0,0.01063829,2420.5000
1627678256310000,1,0.51908380,2429.4100
1627679459362000,0,0.02316607,2442.1800
1627679459362000,0,0.18105840,2442.4400
1627679528025000,1,0.02128165,2438.4800
1627679652023000,1,0.07679418,2440.4500
1627679879966000,0,0.04036141,2444.3800
1627680520462000,1,0.08416509,2438.2700
1627680937991000,1,0.20422447,2430.7700
1627681635489000,1,0.05798053,2438.9300
1627683441912000,1,0.40277070,2415.5100
1627684395366000,1,0.52015484,2424.9600
1627684395841000,1,0.09329084,2424.9600
1627684396362000,1,0.09900000,2424.9600
1627684692033000,1,0.03558986,2425.5800
1627685192186000,0,0.02277684,2433.5500
1627685192186000,0,0.01783200,2433.9100
1627687995457000,1,0.24502266,2433.4100
1627688547575000,0,0.05000000,2443.5300
1627688709114000,0,1.00000000,2450.0000
1627688866959000,0,0.05624999,2448.3600
1627688867115000,0,0.04834253,2448.3600
1627691026634000,1,0.40780632,2450.4400
1627691026634000,1,0.30785917,2450.4400
1627691031455000,1,0.02269314,2446.1200
1627691169844000,0,0.28612701,2454.6100
1627691882435000,1,0.13668440,2446.0900
1627691882912000,1,0.09516000,2446.0900
1627696079711000,0,0.28872405,2446.3200
1627696890740000,0,0.04235440,2453.9100
1627698315422000,0,0.00836874,2463.2600
1627698315494000,0,0.05624999,2464.0800
1627698316013000,0,0.34988277,2464.0800
1627700656619000,0,0.02285964,2467.2400
1627700676598000,0,0.00041722,2467.2400
1627700676598000,0,0.00588981,2467.2400
1627701426946000,1,0.35566367,2445.0900
1627705563165000,1,0.04251954,2431.4800
1627712972021000,1,0.52226549,2414.8000
1627720340619000,1,0.44579217,2448.7800
1627722547545000,0,0.02233695,2450.4000
1627722547545000,0,0.01392911,2451.1000
1627723355510000,1,0.01286494,2442.1800
1627723391832000,0,0.01889592,2448.4000
1627729550468000,0,0.51371562,2463.7000
1627729550468000,0,0.02215715,2463.7200
1627729550468000,0,0.02320160,2464.1500
1627729550468000,0,0.09510670,2464.6800
1627736720505000,0,0.01199406,2457.0300
1627742508107000,1,0.52079571,2422.6700
1627744701042000,0,0.04954914,2448.6800
1627746517346000,0,0.02063030,2447.3700
1627750890789000,1,0.02182148,2450.1500
1627750890789000,1,0.02043127,2449.4000
1627763019054000,1,0.02171203,2423.4200
1627763812895000,0,0.01219351,2460.7200
1627763949658000,1,0.01219351,2453.4100
1627764645306000,0,0.28802000,2461.9500
1627764645306000,0,0.51960528,2462.1000
1627765290690000,0,0.02251888,2466.1600
1627765290690000,0,0.01946773,2466.1700
1627765455419000,0,0.01041666,2472.0000
1627765469522000,0,0.00853560,2478.0900
1627765525143000,0,0.00846121,2487.5000
1627765555135000,0,0.09999999,2500.0000
1627765555460000,0,0.00000001,2500.0000
1627765556791000,0,0.01234010,2500.7300
1627765565375000,0,0.00818740,2504.8600
1627765607154000,0,0.00836455,2516.2500
1627765645474000,0,0.01020408,2523.5000
1627766670547000,1,0.00909667,2526.7300
1627767609630000,1,0.01699699,2528.2900
1627768923869000,0,0.02270110,2536.9400
1627770202723000,0,0.00789977,2519.0600
1627771263283000,1,0.01199406,2522.8600
