timestamp ms,type,amount,price
1628558468411000,1,124.00000000,0.00002922
1628558468411000,1,673.38810833,0.00002917
1628558468411000,1,1256.99355523,0.00002914
1628558468458000,0,1118.15484695,0.00002914
1628560435392000,1,124.00000000,0.00002908
1628560435549000,0,499.29455724,0.00002908
1628563758278000,0,656.67013981,0.00002935
1628570198553000,1,67.20980202,0.00002941
1628575205429000,0,618.52162305,0.00002966
1628578236586000,0,587.91658436,0.00002995
1628581456910000,0,310.09406078,0.00003081
1628581564120000,0,210.26199004,0.00003089
1628581566048000,1,233.80268151,0.00003102
1628581566273000,0,245.05106948,0.00003110
1628581569168000,0,255.29591406,0.00003105
1628581571155000,0,207.94706397,0.00003112
1628581577498000,1,32.00000001,0.00003125
1628581581070000,1,32.00000001,0.00003125
1628581586311000,1,944.94254861,0.00003125
1628581586311000,1,628.98123002,0.00003125
1628581599272000,0,640.67203516,0.00003139
1628581610740000,1,971.53981559,0.00003141
1628581640546000,0,218.18895015,0.00003115
1628581656347000,0,302.14839847,0.00003109
1628583578948000,1,671.30933060,0.00003076
1628583835376000,0,273.00282635,0.00003077
1628584319237000,0,186.03162192,0.00003066
1628584320567000,0,231.88331538,0.00003066
1628586499271000,0,157.97045896,0.00003077
1628588094095000,0,158.31829950,0.00003122
1628588095946000,0,110.33584069,0.00003127
1628588123366000,1,788.00994255,0.00003137
1628588126603000,1,873.62831157,0.00003137
1628588145206000,1,901.27179555,0.00003129
1628588175158000,0,191.23504980,0.00003133
1628588229140000,0,165.06449737,0.00003121
1628588238285000,0,175.01856968,0.00003121
1628589926845000,0,143.71286423,0.00003111
1628590610782000,0,165.02840115,0.00003108
1628590612848000,1,124.00000000,0.00003106
1628590612958000,0,16.75838816,0.00003106
1628590652139000,1,730.83199552,0.00003124
1628590652139000,1,790.71944050,0.00003121
1628592160925000,1,250.00000000,0.00003100
1628592161115000,0,886.88956506,0.00003100
1628593121557000,1,930.86187827,0.00003093
1628593122402000,0,674.26280957,0.00003090
1628593191976000,1,264.93367163,0.00003059
1628593813555000,1,703.59962401,0.00003065
1628593815334000,1,674.66242405,0.00003067
1628593821061000,1,32.60515162,0.00003058
1628593859026000,1,257.87784678,0.00003043
1628597935273000,0,283.86439019,0.00003094
1628598892635000,0,274.60184179,0.00003098
1628599239922000,0,179.56257233,0.00003118
1628599461972000,0,210.69570801,0.00003133
1628599465756000,0,149.65326345,0.00003136
1628599875027000,0,155.82437213,0.00003101
1628602654264000,1,124.00000000,0.00003102
1628606566059000,1,720.64474689,0.00003055
1628611018907000,0,235.53039469,0.00003026
1628613080541000,1,1015.25244684,0.00003009
1628613082234000,0,45.36923443,0.00003015
1628613082685000,0,43.53599738,0.00003015
1628613084600000,0,44.51983102,0.00003015
1628613103948000,0,278.67305128,0.00002989
1628613124525000,0,311.69171184,0.00002990
1628615854724000,0,194.12283405,0.00003016
1628615857270000,1,169.49712917,0.00003017
1628621338214000,0,150.43132638,0.00003051
1628625223563000,0,86.10689505,0.00003063
1628629613206000,0,110.30364918,0.00003083
1628629615145000,0,95.85219537,0.00003083
1628631009810000,0,95.90784511,0.00003112
1628631596680000,0,126.00000000,0.00003113
1628631610007000,0,435.00000000,0.00003115
1628632108205000,0,126.00000000,0.00003111
1628633047247000,0,99.96301885,0.00003127
1628634161270000,0,62.78148698,0.00003151
1628636526695000,0,6865.24067649,0.00003197
1628636801477000,0,44.43659891,0.00003193
1628637411738000,1,10.00000000,0.00003193
1628639087770000,0,52.97388596,0.00003189
1628639130195000,0,44.22493444,0.00003190
1628639173616000,0,38.39537099,0.00003195
1628639586956000,1,126.00000000,0.00003226
1628639599351000,0,37.15269372,0.00003211
1628639611824000,0,29.86035613,0.00003216
1628641068996000,0,27.39577771,0.00003233
1628641486551000,0,47.00000000,0.00003212
1628644117599000,0,26.72439791,0.00003239
1628644117599000,0,40.27560209,0.00003240
1628644183606000,0,22.41589218,0.00003234
1628644246074000,0,24.49147355,0.00003236
1628644300257000,0,29.51137190,0.00003241
1628644302163000,0,24.12908357,0.00003241
1628644759666000,0,20.33326836,0.00003257
1628645130878000,0,68.14554424,0.00003243
1628646784521000,0,25.09350720,0.00003235
1628649964707000,1,126.00000000,0.00003215
1628652421997000,0,49.66744496,0.00003212
1628654143953000,0,32.01399467,0.00003225
1628654145162000,1,29.43135371,0.00003225
1628660803538000,0,30.63859577,0.00003218
1628661075492000,0,26.88090783,0.00003203
1628661078745000,0,21.76317313,0.00003206
1628661765825000,0,33.36171725,0.00003248
1628661768149000,0,29.91650934,0.00003247
1628662049701000,0,24.10779442,0.00003260
1628663465731000,1,250.00000000,0.00003200
1628663467446000,0,1096.88745762,0.00003200
1628664452678000,0,1000.00000000,0.00003219
1628665167472000,0,15.72985379,0.00003232
1628665169945000,0,23.36603775,0.00003231
1628666107450000,0,14.51921504,0.00003210
1628666110297000,0,19.52390046,0.00003209
1628669449506000,0,11.46317442,0.00003223
1628669611241000,0,785.35907859,0.00003250
1628669613821000,0,18.49489525,0.00003251
1628669649608000,0,86.19805701,0.00003287
1628669694965000,0,39.55825588,0.00003248
1628669696154000,0,46.36091479,0.00003247
1628669704993000,1,39.11118908,0.00003249
1628670093482000,0,25.66633553,0.00003289
1628670104292000,0,25.07804768,0.00003292
1628670142291000,0,30.72960703,0.00003296
1628671202495000,0,44.72388267,0.00003300
1628671276665000,0,800.00000000,0.00003306
1628671304441000,0,22.16176272,0.00003318
1628675136423000,0,3755.84943457,0.00003330
1628675157688000,0,21.82950926,0.00003332
1628675158200000,0,97.17713697,0.00003333
1628675208457000,0,20.01071699,0.00003335
1628675378335000,0,19.03628332,0.00003335
1628675380034000,1,16.55471147,0.00003336
1628675452122000,0,14.94688519,0.00003338
1628675452342000,1,205.12227648,0.00003340
1628675589253000,0,20.48704065,0.00003338
1628675781260000,0,15.26837171,0.00003347
1628676105530000,0,11177.00000000,0.00003332
1628676105530000,0,977.09934860,0.00003333
1628676105530000,0,18.69898036,0.00003335
1628676105530000,0,1302.78306752,0.00003339
1628676105608000,1,977.09934860,0.00003350
1628676105721000,1,11412.00000000,0.00003350
1628676105732000,1,3396.51996020,0.00003350
1628676110553000,0,29.85074628,0.00003323
1628676111580000,1,29.85074628,0.00003323
1628676966860000,0,108.15822003,0.00003360
1628677919170000,1,126.00000000,0.00003330
1628677919194000,0,978.28203246,0.00003328
1628677935558000,1,126.00000000,0.00003322
1628677981553000,0,42.95541830,0.00003299
1628677993101000,1,27.65548362,0.00003286
1628678010382000,0,41.44301193,0.00003301
1628678011157000,1,28.65065411,0.00003293
1628678011975000,1,17.63857394,0.00003294
1628680642672000,0,20.69271252,0.00003351
1628680644375000,0,19.64810515,0.00003349
1628681053754000,0,20.48542656,0.00003370
1628681289530000,0,1000.00000000,0.00003390
1628681480206000,0,750.00000000,0.00003406
1628681594669000,0,16.60604916,0.00003420
1628682645244000,1,5.90000000,0.00003390
1628683955626000,1,1728.44746930,0.00003340
1628684037955000,0,56.83203010,0.00003341
1628685816908000,0,44.59412220,0.00003402
1628685854472000,0,48.93376691,0.00003411
1628686005374000,1,126.00000000,0.00003402
1628686025782000,1,126.00000000,0.00003389
1628686818621000,0,700.00000000,0.00003419
1628686891698000,0,34.07636660,0.00003419
1628686893146000,0,31.58483348,0.00003419
1628686983787000,0,6327.97434179,0.00003431
1628686984537000,0,6327.97434179,0.00003431
1628687002218000,1,948.84228578,0.00003423
1628687002218000,1,126.00000000,0.00003420
1628687002218000,1,1265.12304771,0.00003417
1628687002357000,0,6330.73800427,0.00003410
1628687018159000,0,55.87686467,0.00003398
1628687134611000,0,53.46322003,0.00003390
1628687135362000,1,66.86021991,0.00003393
1628688307454000,0,100.00000000,0.00003386
1628692240707000,0,58.40324082,0.00003392
1628692829954000,0,46.31718353,0.00003347
1628692830520000,0,54.30203964,0.00003353
1628697502045000,0,33.60455537,0.00003280
1628700410856000,1,126.00000000,0.00003300
1628702602793000,1,126.00000000,0.00003278
1628707415594000,1,126.00000000,0.00003300
1628707415594000,1,435.00000000,0.00003296
1628707439466000,0,51.91580853,0.00003290
1628707450647000,0,61.72839292,0.00003288
1628707455116000,1,61.04419553,0.00003288
1628708478626000,0,52.10669371,0.00003312
1628708478626000,0,76.34037484,0.00003328
1628708478639000,1,982.78165824,0.00003346
1628708478644000,1,1638.08796719,0.00003346
1628708478648000,1,1310.47037375,0.00003346
1628708481403000,1,52.07584318,0.00003317
1628708508756000,0,77.74389762,0.00003336
1628708509789000,0,253.26612064,0.00003336
1628708512564000,0,104.27708030,0.00003345
1628708515817000,0,26.96328063,0.00003350
1628708536037000,0,34.96102789,0.00003363
1628708536763000,0,34.29371030,0.00003363
1628708537300000,0,32.68683245,0.00003363
1628708654104000,0,78.19860640,0.00003384
1628708654665000,0,86.17189671,0.00003385
1628708656144000,0,80.77206325,0.00003385
1628708765307000,1,27.65548362,0.00003409
1628708766235000,0,58.81848191,0.00003410
1628708767159000,0,91.17469773,0.00003407
1628708863280000,0,83.17156114,0.00003410
1628708864365000,0,46.02663301,0.00003410
1628708873386000,0,45.01150426,0.00003414
1628708875359000,0,54.93749952,0.00003414
1628708926466000,0,82.07104397,0.00003430
1628709037739000,0,54.02808012,0.00003418
1628709039948000,0,47.09776687,0.00003417
1628709047798000,1,43.24059561,0.00003424
1628709135292000,1,123.10656595,0.00003450
1628709189094000,0,437.48072511,0.00003475
1628709267753000,0,30.77664149,0.00003475
1628709329184000,0,1800.00000000,0.00003500
1628709332173000,1,92.32992446,0.00003497
1628709353836000,0,1000.00000000,0.00003510
1628709466387000,0,38.73913954,0.00003521
1628709468298000,0,42.32385750,0.00003527
1628709493345000,0,27.11409906,0.00003574
1628709522822000,0,1033.75415634,0.00003600
1628709522822000,0,2014.29996733,0.00003600
1628709662754000,0,57.81538577,0.00003553
1628709664349000,0,41.38638619,0.00003556
1628709856348000,0,33.66750879,0.00003619
1628709865358000,0,29.99250412,0.00003622
1628709911946000,1,139.80414368,0.00003632
1628709950518000,0,34.05782099,0.00003655
1628709953145000,0,28.73344033,0.00003656
1628710014543000,0,23.33672972,0.00003652
1628710016567000,0,28.55452705,0.00003655
1628710017976000,0,25.47476652,0.00003658
1628710076955000,0,29.56799716,0.00003611
1628710233536000,0,22.70530773,0.00003564
1628710235745000,0,21.81324065,0.00003565
1628710236249000,0,25.02519694,0.00003569
1628710295278000,0,19.65680694,0.00003553
1628710300461000,0,24.77493554,0.00003552
1628710302162000,0,17.88033724,0.00003554
1628710491025000,0,31.83090703,0.00003555
1628710668527000,0,25.30532239,0.00003556
1628710671746000,0,20.03638549,0.00003556
1628710764948000,0,300.00000000,0.00003560
1628710839885000,0,17.44076534,0.00003587
1628710839885000,0,903.06914134,0.00003592
1628710839885000,0,1204.67692381,0.00003595
1628710841757000,0,18.87202616,0.00003590
1628711030887000,0,2000.00000000,0.00003700
1628711192577000,0,22.57915184,0.00003677
1628711194958000,1,19.97396995,0.00003677
1628711211155000,0,18.13057187,0.00003676
1628711234548000,0,16.70446144,0.00003663
1628711262538000,0,10.53829488,0.00003646
1628711264145000,0,13.54501084,0.00003644
1628711914325000,0,14.36022524,0.00003568
1628711916972000,0,19.53850755,0.00003570
1628711920950000,0,10.63432836,0.00003574
1628712211951000,0,127.00000000,0.00003575
1628712212142000,1,127.00000000,0.00003572
1628712212646000,1,127.00000000,0.00003576
1628712212646000,1,421.00000000,0.00003572
1628712218814000,0,27.96420583,0.00003555
1628712551121000,1,41.85979060,0.00003534
1628716017598000,0,21.90913401,0.00003512
1628716020678000,1,17.96319581,0.00003512
1628716028327000,0,20.01382092,0.00003519
1628716028374000,0,20.39323330,0.00003530
1628716030149000,1,17.18101083,0.00003524
1628716032905000,0,17.02137632,0.00003523
1628716076340000,0,14.27658193,0.00003523
1628716077155000,0,16.63859540,0.00003521
1628716589355000,0,20.59484691,0.00003482
1628717205331000,1,6274.34103988,0.00003460
1628718253588000,0,10.90973507,0.00003521
1628719409640000,0,10.37607779,0.00003451
1628719411744000,0,12.18303195,0.00003453
1628720896991000,1,127.00000000,0.00003525
1628720925720000,1,127.00000000,0.00003498
1628720941202000,0,17.32576127,0.00003477
1628720952419000,1,127.00000000,0.00003463
1628720990713000,1,127.00000000,0.00003446
1628721343927000,1,127.00000000,0.00003459
1628721343974000,0,946.65120544,0.00003457
1628723470653000,0,20.48088091,0.00003445
1628723694125000,1,127.00000000,0.00003441
1628723694125000,1,421.00000000,0.00003440
