timestamp ms,type,amount,price
1623544013475000,0,864.38006639,0.00002788
1623544019579000,1,1008.90461211,0.00002786
1623544020571000,1,639.70068765,0.00002784
1623544722380000,1,875.42679740,0.00002785
1623544739874000,1,1008.13463968,0.00002785
1623544742158000,1,656.48948562,0.00002785
1623546143966000,1,323.29582074,0.00002809
1623546270664000,0,950.64931028,0.00002804
1623546499008000,0,821.30859728,0.00002803
1623547983973000,0,868.21542787,0.00002797
1623547995184000,0,751.25837662,0.00002799
1623549339565000,0,885.23927929,0.00002814
1623549945910000,0,748.37468186,0.00002814
1623549950106000,0,805.29448464,0.00002813
1623551104767000,1,739.35939100,0.00002821
1623551107227000,1,779.39431777,0.00002823
1623551113975000,0,773.80460714,0.00002812
1623551150783000,0,875.18117044,0.00002804
1623551154786000,0,769.65699471,0.00002806
1623551195703000,1,52.47948627,0.00002803
1623552766453000,0,678.33350885,0.00002807
1623553832187000,1,979.87339210,0.00002804
1623554158287000,1,122.52949898,0.00002798
1623554158315000,1,200.21532400,0.00002798
1623554723858000,1,1019.78849346,0.00002797
1623559869168000,1,980.32090050,0.00002818
1623559874917000,1,101.31609609,0.00002804
1623559875161000,1,122.50848371,0.00002804
1623559877379000,1,801.99183984,0.00002816
1623559883177000,1,122.33164108,0.00002806
1623564025971000,1,856.90184560,0.00002800
1623564028365000,1,978.34971742,0.00002801
1623564039973000,0,973.26047501,0.00002788
1623567463274000,1,122.57155114,0.00002793
1623573178743000,0,992.15945357,0.00002808
1623573183771000,1,682.15363529,0.00002806
1623578835761000,1,650.00000000,0.00002783
1623584171363000,1,763.28990597,0.00002769
1623591492248000,1,850.64647137,0.00002733
1623594514261000,1,114.39192080,0.00002725
1623595689370000,0,939.45469587,0.00002710
1623596142162000,1,1500.00000000,0.00002705
1623598226999000,0,963.39016606,0.00002701
1623598252214000,0,746.85252166,0.00002703
1623598254895000,1,985.49722650,0.00002704
1623598264160000,1,955.25205519,0.00002713
1623598274491000,1,748.02116344,0.00002710
1623598290026000,1,921.70391977,0.00002713
1623598292162000,1,734.47899579,0.00002714
1623598997294000,0,627.90346826,0.00002716
1623598999182000,0,680.11987158,0.00002716
1623599033449000,1,638.59097728,0.00002726
1623599034147000,1,757.38559090,0.00002725
1623599037390000,1,123.55746658,0.00002725
1623599154255000,1,117.97133406,0.00002715
1623601770888000,0,62.80623609,0.00002711
1623608209806000,0,915.22233756,0.00002700
1623614699435000,1,942.23781447,0.00002661
1623614856420000,0,651.99693294,0.00002653
1623617993829000,0,1001.02940164,0.00002634
1623620180848000,0,635.89424865,0.00002649
1623620180848000,0,352.58172896,0.00002649
1623620184572000,0,784.36522814,0.00002648
1623620218754000,1,659.11296396,0.00002653
1623622985331000,1,60.43083901,0.00002646
1623623345606000,1,67.13313162,0.00002644
