timestamp ms,type,amount,price
1626825717138000,0,761.37023187,0.00002792
1626825717167000,1,24.80721309,0.00002790
1626825720952000,1,96.49604000,0.00002787
1626825720952000,1,155.90240401,0.00002787
1626825722145000,0,308.85304660,0.00002790
1626825722245000,1,524.18357914,0.00002790
1626825722998000,1,919.86468248,0.00002787
1626825724986000,1,644.24385818,0.00002783
1626825727882000,1,350.89928058,0.00002780
1626825731999000,0,36.17508742,0.00002768
1626825746768000,0,757.64673018,0.00002768
1626825747577000,0,36.25569000,0.00002779
1626825812810000,0,922.43028741,0.00002764
1626826040846000,0,648.64477145,0.00002775
1626826050336000,1,36.14457831,0.00002784
1626826050968000,1,36.14501380,0.00002784
1626826073905000,0,523.97526882,0.00002790
1626826079915000,0,997.25260845,0.00002806
1626826154640000,0,917.94951466,0.00002769
1626826157551000,0,804.66537363,0.00002767
1626826158361000,1,630.96170145,0.00002771
1626827077020000,0,738.17073171,0.00002759
1626827080154000,0,261.81707318,0.00002757
1626827114917000,0,868.53523781,0.00002753
1626827116400000,0,1012.17616325,0.00002750
1626827610085000,1,600.01481774,0.00002756
1626828040990000,1,775.39165260,0.00002766
1626828043557000,1,36.69814552,0.00002765
1626828044704000,1,626.97723349,0.00002765
1626828045388000,1,885.69358928,0.00002761
1626828055246000,0,387.21597514,0.00002755
1626828055606000,0,343.92492730,0.00002755
1626828310235000,0,626.76311031,0.00002765
1626828925246000,0,1777.73721600,0.00002771
1626828963821000,1,873.43607069,0.00002787
1626829094675000,0,892.73211595,0.00002768
1626829096805000,1,677.56081710,0.00002768
1626829098208000,1,43.11893639,0.00002773
1626829146211000,0,919.53080344,0.00002799
1626829151124000,1,756.22997140,0.00002796
1626829151197000,1,0.19385372,0.00002796
1626829634483000,0,214.96060716,0.00002767
1626829831196000,0,730.13251256,0.00002752
1626832775748000,0,923.75195458,0.00002748
1626832778238000,1,823.69230105,0.00002751
1626832878893000,0,991.77382213,0.00002773
1626832961021000,0,978.92047431,0.00002761
1626832964638000,0,834.71123491,0.00002764
1626832995983000,1,872.04573077,0.00002780
1626833157018000,0,758.33055662,0.00002771
1626833158585000,1,618.20137583,0.00002769
1626833159803000,0,1014.73280251,0.00002772
1626833166784000,1,770.46899481,0.00002781
1626833170304000,1,122.17814642,0.00002773
1626833195674000,1,456.96338838,0.00002786
1626833197928000,1,402.46933226,0.00002786
1626833202982000,1,756.72739701,0.00002788
1626833714039000,0,915.81999174,0.00002805
1626833716226000,0,815.46548340,0.00002804
1626833829381000,1,1009.69989657,0.00002813
1626833866122000,1,917.36479105,0.00002809
1626833870920000,1,126.40667791,0.00002805
1626833874552000,0,411.15879828,0.00002796
1626834992514000,0,624.31456829,0.00002816
1626835013882000,0,355.55044146,0.00002839
1626835013985000,1,421.40806699,0.00002842
1626835045889000,0,498.56333084,0.00002842
1626835045889000,0,41.78156597,0.00002842
1626835045889000,0,35.47441112,0.00002842
1626835058690000,1,734.39944576,0.00002867
1626835061711000,0,35.14362026,0.00002854
1626835061711000,0,173.56121382,0.00002867
1626835061711000,0,352.03103269,0.00002869
1626835061788000,1,167.44332127,0.00002869
1626835071731000,1,401.34570200,0.00002864
1626835071882000,1,223.13983578,0.00002864
1626835073588000,1,843.98812183,0.00002866
1626835077338000,0,35.13209668,0.00002869
1626835077338000,0,41.36960988,0.00002869
1626835077597000,1,0.00000344,0.00002869
1626835201122000,0,176.22421669,0.00002857
1626835347800000,0,1011.06729385,0.00002861
1626835368441000,1,712.10099428,0.00002874
1626835371186000,1,963.69721051,0.00002876
1626835595941000,1,250.12233484,0.00002861
1626835659822000,0,814.89016846,0.00002854
1626837365434000,0,630.58637613,0.00002847
1626837370726000,0,615.67177065,0.00002855
1626837376175000,1,335.63737409,0.00002879
1626837376179000,1,355.44240354,0.00002879
1626837378001000,1,783.50220374,0.00002887
1626837380216000,0,1245.19897459,0.00002870
1626837380992000,1,87.60608178,0.00002861
1626837383148000,1,41.42845306,0.00002858
1626837388474000,0,41.42845000,0.00002861
1626837390280000,0,0.00000306,0.00002861
1626837566682000,0,875.71026322,0.00002861
1626838687998000,0,250.03491620,0.00002864
1626839509822000,0,795.25366558,0.00002877
1626839554322000,1,118.89655173,0.00002900
1626839555390000,1,889.87996111,0.00002900
1626839557684000,1,843.90835123,0.00002898
1626840053090000,1,387.98611112,0.00002882
1626840346953000,0,794.91517345,0.00002881
1626840348971000,1,648.99102880,0.00002884
1626840384269000,1,942.18950639,0.00002897
1626840384529000,1,0.20534366,0.00002897
1626840387778000,0,34.48997363,0.00002897
1626841369759000,0,625.95076518,0.00002902
1626842668875000,1,982.12627706,0.00002871
1626843603922000,0,782.64791041,0.00002851
1626843605425000,0,650.61871501,0.00002854
1626843606794000,0,172.84922319,0.00002849
1626843612526000,0,796.37147365,0.00002849
1626845146234000,0,801.79253203,0.00002888
1626849785401000,0,890.76242725,0.00002893
1626849787110000,0,701.34679282,0.00002892
1626850277025000,0,995.90759677,0.00002905
1626850277060000,0,246.70103092,0.00002910
1626850277282000,0,660.57373721,0.00002910
1626850279901000,0,616.12395628,0.00002919
1626850280659000,0,821.93372053,0.00002919
1626850281998000,0,1031.89633836,0.00002919
1626850282533000,0,1375.27898811,0.00002927
1626850303891000,0,125.91490811,0.00002938
1626850303891000,0,209.27799094,0.00002940
1626850305196000,0,735.51003061,0.00002941
1626850374833000,0,623.67865968,0.00002926
1626850375386000,0,977.56525673,0.00002940
1626850377181000,1,189.21768707,0.00002940
1626850377181000,1,788.85384957,0.00002939
1626850469355000,0,347.06023939,0.00002954
1626850469770000,0,376.29852771,0.00002954
1626850469770000,0,368.61268229,0.00002967
1626850536970000,1,821.93372053,0.00002926
1626850995850000,1,660.57373721,0.00002907
1626851440172000,0,947.92470296,0.00002895
1626851442052000,0,790.87677286,0.00002897
1626851444366000,0,821.42472586,0.00002896
1626853200094000,0,87.60608178,0.00002883
1626855820445000,0,803.47645048,0.00002856
1626855820445000,0,965.86241462,0.00002856
1626855850763000,0,57.60686006,0.00002864
1626855851605000,0,58.20726958,0.00002864
1626855852289000,0,81.57729316,0.00002864
1626855930903000,0,762.21742177,0.00002861
1626855935343000,0,734.55295971,0.00002860
1626855938752000,1,673.97905210,0.00002860
1626855956819000,1,1769.33886510,0.00002856
1626858096110000,0,249.86043265,0.00002866
1626860893780000,0,635.10455609,0.00002887
1626860896276000,1,854.52279474,0.00002884
1626860897583000,0,790.89948931,0.00002892
1626860898104000,0,966.05446254,0.00002898
1626863750166000,0,633.41367372,0.00002878
1626863751705000,1,806.59913339,0.00002880
1626863772328000,0,838.23867054,0.00002887
1626863773826000,1,340.38794596,0.00002887
1626863773990000,0,602.26837868,0.00002886
1626865044989000,0,11923.99229247,0.00002879
1626865856554000,0,847.80447879,0.00002908
1626865941985000,1,139.24528302,0.00002915
1626867197696000,0,734.47826087,0.00002919
1626867199196000,0,793.72914869,0.00002919
1626869363585000,1,1234.03686000,0.00002890
1626869363627000,1,1756.73977700,0.00002890
1626871119698000,0,945.22720776,0.00002866
1626871121116000,1,938.18379851,0.00002865
1626875727334000,0,748.95018782,0.00002883
1626875728815000,1,915.49045742,0.00002886
1626875750004000,0,101.58299247,0.00002897
1626875750619000,0,101.29421729,0.00002897
1626875757378000,0,54.89928145,0.00002907
1626875758041000,0,54.89928145,0.00002907
1626875759343000,0,54.89928145,0.00002907
1626880688405000,0,795.69410247,0.00002990
1626880689485000,0,1334.79529932,0.00002993
1626880780714000,0,884.51998223,0.00002971
1626880787904000,0,987.72933617,0.00002966
1626880811813000,1,701.26384835,0.00002965
1626880864624000,0,78.06675653,0.00003009
1626880865026000,0,78.00304269,0.00003009
1626881111825000,1,2320.03775476,0.00002993
1626881418262000,0,54.89928145,0.00003015
1626882065498000,0,987.02567165,0.00002941
1626882067688000,1,653.49163879,0.00002939
1626882072464000,0,765.55591562,0.00002945
1626882076111000,0,651.15719462,0.00002951
1626885624334000,0,675.53489164,0.00002994
1626886614501000,0,814.17090880,0.00003012
1626886617702000,0,704.30282542,0.00003009
1626886648526000,0,60.19586075,0.00003023
1626886649029000,0,59.87073421,0.00003023
1626886649819000,0,60.73751586,0.00003023
1626886650318000,0,110.62856355,0.00003023
1626886651654000,0,105.08600476,0.00003023
1626886652481000,0,105.90825847,0.00003023
1626886653496000,0,104.78621102,0.00003020
1626886654030000,0,204.78245069,0.00003020
1626886654885000,0,218.13153083,0.00003020
1626886655410000,0,478.57642739,0.00003020
1626886656489000,0,472.69260056,0.00003020
1626886657135000,0,362.92540615,0.00003017
1626886659341000,0,354.54624376,0.00003020
1626886681932000,1,249.98786290,0.00003011
1626887325283000,0,6067.98565363,0.00002940
1626887540142000,0,1585.99675426,0.00002943
1626887540145000,0,2114.52681538,0.00002943
1626887598451000,0,977.55819649,0.00002935
1626888196894000,0,249.80061350,0.00002934
1626888263165000,1,72.84865000,0.00002934
1626888291628000,1,127.04910051,0.00002934
1626888636831000,0,397.43634497,0.00002922
1626890318980000,0,249.89683631,0.00002908
1626891341918000,0,914.48336247,0.00002900
1626891412544000,1,129.56672444,0.00002885
1626891412737000,1,224.79162900,0.00002885
1626891875133000,0,251.15318416,0.00002905
1626893559546000,0,860.92649911,0.00002888
1626893907288000,0,55.02189205,0.00002895
1626893908007000,0,55.35491593,0.00002895
1626893916263000,0,56.98788805,0.00002896
1626893926438000,0,55.66849188,0.00002900
1626893927212000,0,66.60777074,0.00002900
1626893928217000,0,73.11921292,0.00002900
1626893929124000,0,68.45180005,0.00002900
1626893929831000,0,56.96285514,0.00002900
1626893930732000,0,57.16190808,0.00002900
1626893965992000,0,60.30833776,0.00002900
1626893967667000,0,55.36237073,0.00002900
1626894114490000,0,61.12330958,0.00002894
1626894115375000,0,62.75382778,0.00002894
1626894116216000,0,66.16409653,0.00002894
1626894117220000,0,67.37934526,0.00002894
1626894117769000,0,65.59447857,0.00002894
1626894118237000,0,65.66445739,0.00002894
1626894118647000,0,72.93150287,0.00002894
1626894119873000,0,72.17615681,0.00002894
1626894120287000,0,64.02122306,0.00002894
1626894121317000,0,63.75794518,0.00002894
1626894512011000,0,71.14633854,0.00002876
1626894512736000,0,83.76879472,0.00002873
1626894513516000,0,81.74799699,0.00002873
1626894597405000,0,56.07798876,0.00002872
1626894598048000,0,56.24011809,0.00002872
1626894598611000,0,58.91671596,0.00002872
1626894600210000,0,110.98909809,0.00002872
1626894601592000,0,114.61253805,0.00002872
1626894787201000,0,54.91918428,0.00002854
1626894884208000,0,57.60089551,0.00002845
1626894884842000,0,60.03097810,0.00002845
1626894885637000,0,68.55782403,0.00002845
1626895454507000,0,55.88477687,0.00002846
1626895733459000,0,55.39972335,0.00002826
1626895733965000,0,55.27379344,0.00002826
1626895920775000,0,57.91163809,0.00002834
1626895921512000,0,58.17262835,0.00002834
1626895927553000,0,97.93139443,0.00002832
1626895927977000,0,95.47576393,0.00002832
1626895928912000,0,80.92979061,0.00002832
1626896551945000,0,136.41846426,0.00002836
1626897182286000,0,192.06209080,0.00002833
1626897184595000,0,56.08410325,0.00002837
1626897923592000,1,3663.49457999,0.00002826
1626898132283000,0,214.79230000,0.00002835
1626898136978000,0,979.25220777,0.00002839
1626898166841000,0,56.58358261,0.00002850
1626898185790000,0,75.89320907,0.00002859
1626898186915000,0,75.87492409,0.00002859
1626898187410000,0,128.31926141,0.00002859
1626898194064000,0,71.99539185,0.00002865
1626898194816000,0,69.73660298,0.00002865
1626900961615000,0,242.88559511,0.00002838
1626900961724000,0,461.96082027,0.00002838
1626903520631000,0,914.96763905,0.00002842
1626903523282000,0,691.11815708,0.00002843
1626904024384000,0,764.98383544,0.00002861
1626904686713000,1,10951.88144461,0.00002874
1626904741405000,0,70.40587864,0.00002882
1626904742180000,0,98.60509659,0.00002882
1626904748741000,0,69.60529813,0.00002885
1626904750116000,0,57.93661484,0.00002885
1626904752933000,0,60.03719259,0.00002885
1626905101663000,0,622.71863656,0.00002868
1626905105107000,0,798.62984968,0.00002867
1626905107367000,0,632.20382115,0.00002869
1626906343486000,0,832.18575927,0.00002881
1626907135491000,0,621.59697002,0.00002888
1626907135644000,1,630.35788382,0.00002892
1626907137474000,0,646.88905173,0.00002887
1626907166965000,0,66.93984431,0.00002901
1626907167523000,0,145.02424749,0.00002901
1626907168212000,0,148.94169508,0.00002904
1626907198433000,0,60.20241726,0.00002922
1626907216969000,0,772.34472595,0.00002916
1626907238661000,0,1160.00034739,0.00002911
1626907242395000,0,271.71214548,0.00002905
1626907253560000,1,21.54045000,0.00002905
1626907839011000,0,12.88295793,0.00002895
1626907840099000,0,1008.13702898,0.00002899
1626908014893000,0,53.84197506,0.00002926
1626908015816000,0,53.84197506,0.00002926
1626910560101000,0,824.86477208,0.00002893
1626910569241000,0,916.16909987,0.00002895
1626912096496000,0,74.11053895,0.00002873
1626912097551000,0,73.01022919,0.00002873
1626912283717000,0,61.60761684,0.00002862
1626912284969000,0,63.98310177,0.00002862
1626912285727000,0,75.70917563,0.00002862
1626912301914000,0,55.56043598,0.00002868
1626912634518000,0,637.70962512,0.00002876
1626912644009000,1,968.35583726,0.00002879
1626912645172000,1,693.69502049,0.00002881
1626912650328000,0,942.48014862,0.00002885
1626912673713000,0,97.31148679,0.00002888
1626913476445000,0,82.00016676,0.00002927
1626914089937000,0,69.58625839,0.00002916
1626914091148000,0,56.16371372,0.00002916
1626914092056000,0,55.98622022,0.00002916
1626914176657000,0,680.47371750,0.00002906
1626915237112000,1,163.26582928,0.00002863
1626915307705000,0,225.61060711,0.00002866
1626915842903000,0,880.83476971,0.00002831
1626915875556000,1,799.95620049,0.00002831
1626915878304000,0,677.03811581,0.00002823
1626917810685000,0,249.85994397,0.00002856
1626917811792000,0,675.02499496,0.00002856
1626918098851000,0,648.06675967,0.00002827
1626918098851000,0,631.95328092,0.00002827
1626918106807000,0,681.92242089,0.00002825
1626918108823000,1,128.21238938,0.00002825
1626918108823000,1,128.21238938,0.00002825
1626918108912000,0,594.55778668,0.00002824
1626918173314000,0,72.85316119,0.00002855
1626918173932000,0,70.85667500,0.00002855
1626918174509000,0,69.82034625,0.00002855
1626918175325000,0,58.95989446,0.00002852
1626918175848000,0,106.15876888,0.00002852
1626918176535000,0,97.94964903,0.00002852
1626918198914000,0,614.80836521,0.00002847
1626918216163000,0,368.05631703,0.00002846
1626918230700000,0,920.12808665,0.00002826
1626918230705000,0,0.00821293,0.00002826
1626918386306000,0,722.86772646,0.00002845
1626918411308000,0,35.14938490,0.00002836
1626918422331000,1,35.14938000,0.00002836
1626918451826000,0,0.11155090,0.00002836
1626918490982000,0,63.43317868,0.00002850
1626918491440000,0,63.74780886,0.00002850
1626918492427000,0,63.72319840,0.00002850
1626918492882000,0,64.85230164,0.00002850
1626918493874000,0,96.33909888,0.00002850
1626918494716000,0,102.20562429,0.00002850
1626918495696000,0,98.83247700,0.00002850
1626918496152000,0,14.45857939,0.00002850
1626918593085000,0,688.58618147,0.00002835
1626918593113000,0,0.00467956,0.00002835
1626918610509000,0,1003.57568487,0.00002830
1626918625415000,1,709.77084966,0.00002827
1626918653356000,0,204.20792079,0.00002828
1626918792021000,0,129.09466650,0.00002837
1626918792108000,0,526.97698641,0.00002837
1626918888483000,0,54.40229707,0.00002838
1626918890162000,0,54.52851510,0.00002838
1626918890869000,0,54.40566599,0.00002838
1626918893348000,0,59.35609382,0.00002839
1626918912918000,0,58.84860498,0.00002847
1626918914035000,0,58.97042752,0.00002847
1626918914567000,0,102.41862954,0.00002847
1626919540703000,0,924.86982067,0.00002834
1626919601490000,0,65.14325562,0.00002852
1626919602265000,0,77.20513106,0.00002852
1626919603213000,0,139.99340981,0.00002852
1626919603839000,0,138.38453681,0.00002852
1626919604862000,0,175.00814340,0.00002852
1626919605617000,0,173.09308019,0.00002852
1626919609179000,0,62.09955318,0.00002855
1626919609901000,0,60.80221162,0.00002855
1626921055649000,0,795.79493788,0.00002823
1626921055953000,0,78.17990801,0.00002823
1626921084599000,0,249.99017695,0.00002819
1626921189097000,0,55.04514491,0.00002831
1626921189510000,0,55.90020325,0.00002831
1626921190720000,0,56.32349408,0.00002831
1626923543348000,0,999.24199781,0.00002829
1626923544981000,0,974.09181633,0.00002839
1626923568529000,0,221.87530444,0.00002846
1626923568949000,0,234.83151094,0.00002846
1626923570901000,0,148.76255708,0.00002847
1626923589413000,0,58.82244738,0.00002868
1626923590469000,0,60.14574549,0.00002868
1626923627379000,0,711.60466302,0.00002850
1626923627379000,0,618.25224266,0.00002850
1626923629393000,1,249.92982456,0.00002850
1626923629393000,1,406.32336415,0.00002850
1626923802892000,0,256.33802816,0.00002840
1626925629844000,0,249.84149348,0.00002839
1626925630516000,0,720.35123648,0.00002839
1626927667214000,0,740.46463217,0.00002866
1626927667730000,0,911.32221812,0.00002870
1626927960356000,0,902.93390939,0.00002881
1626927990532000,0,56.13881361,0.00002887
1626927994949000,0,54.81300206,0.00002889
1626927995531000,0,54.81757193,0.00002889
1626927996021000,0,55.14120464,0.00002889
1626928786956000,0,179.69473975,0.00002886
1626928793602000,0,999.89814756,0.00002882
1626928797702000,0,797.17728083,0.00002877
1626928808179000,1,203.61967602,0.00002877
1626928812455000,1,34.75842893,0.00002862
1626929225935000,0,70.67549798,0.00002869
1626931202815000,0,786.60939730,0.00002832
1626932393468000,0,360.51045728,0.00002821
1626932394417000,0,291.43528884,0.00002821
1626932395916000,1,685.62298555,0.00002823
1626932400901000,0,352.35177669,0.00002825
1626932400915000,0,643.72471529,0.00002825
1626932530975000,0,696.72513557,0.00002827
1626932563429000,0,62.49180577,0.00002838
1626932563953000,0,62.31195475,0.00002838
1626932564503000,0,62.36210094,0.00002838
1626932569386000,0,115.67225381,0.00002841
1626932569954000,0,79.36920099,0.00002841
1626932570561000,0,80.59857658,0.00002841
1626932571066000,0,80.65128906,0.00002841
1626932571558000,0,81.41756491,0.00002841
1626932571993000,0,181.21823866,0.00002841
1626932572341000,0,180.72299977,0.00002841
1626932576043000,0,57.62513905,0.00002845
1626932610305000,0,625.81051461,0.00002825
1626932613559000,0,861.01494445,0.00002828
1626932627421000,0,788.79904858,0.00002825
1626932630659000,1,759.46661273,0.00002826
1626933962285000,0,165.80014100,0.00002837
1626934128978000,0,667.37483166,0.00002837
1626934163416000,0,75.08974460,0.00002843
1626934164156000,0,78.25710393,0.00002843
1626934938550000,0,703.75067749,0.00002825
1626935846180000,1,62.76730300,0.00002831
1626935852945000,1,43.27692200,0.00002831
1626935853147000,1,53.65199542,0.00002831
1626936014411000,0,1015.07822950,0.00002851
1626936989150000,0,67.63123022,0.00002864
1626937557735000,0,803.63806821,0.00002880
1626937599501000,0,54.90569589,0.00002894
1626937603228000,0,104.84268791,0.00002893
1626937603973000,0,193.37378255,0.00002893
1626937604843000,0,194.91116555,0.00002893
1626937605400000,0,192.73322536,0.00002893
1626937606568000,0,180.74129053,0.00002893
1626937607656000,0,188.61216284,0.00002894
1626937609281000,0,298.28730164,0.00002894
1626937610089000,0,304.27924616,0.00002894
1626937613399000,0,83.71260873,0.00002893
1626937628188000,0,750.93230141,0.00002878
1626937628308000,0,0.00416379,0.00002878
1626937645217000,0,249.87834549,0.00002877
1626937647000000,0,442.39169156,0.00002877
1626937672114000,0,242.31703087,0.00002883
1626937868472000,0,865.82973396,0.00002938
1626937868987000,1,729.87461032,0.00002939
1626938076203000,0,932.25703500,0.00002944
1626938076705000,0,1000.00000000,0.00002947
1626938193321000,0,207.13637653,0.00002941
1626938207063000,1,270.59493000,0.00002941
1626938274461000,0,792.06046315,0.00002936
1626938277915000,0,792.70687020,0.00002934
1626938310026000,0,122.34403525,0.00002953
1626938467347000,1,160.53351800,0.00002948
1626938699899000,1,80.22711100,0.00002985
1626938965480000,0,169.77287700,0.00002973
1626939015585000,0,661.63659784,0.00002982
1626939015585000,0,981.51772120,0.00002983
1626939016959000,1,709.26055153,0.00002983
1626939514610000,1,33.52329870,0.00002974
1626939559449000,0,33.51206435,0.00002984
1626939987407000,1,33.60215055,0.00002982
1626940029112000,0,66.46104162,0.00002977
1626940142331000,0,56.88398731,0.00002986
1626940164590000,0,57.76471426,0.00002992
1626940225564000,0,737.44182125,0.00002965
1626940227304000,0,946.42687490,0.00002965
1626940406604000,0,54.90569589,0.00002951
1626941792801000,1,104.39784553,0.00002967
1626942610009000,0,188.48526389,0.00003045
1626942614000000,0,831.38018957,0.00003053
1626942759778000,0,728.46222451,0.00003126
1626942761328000,0,642.37541487,0.00003129
1626942781936000,0,163.88069486,0.00003150
1626943057167000,0,984.70669054,0.00003135
1626943059315000,0,898.94520057,0.00003133
1626943166580000,0,813.57631589,0.00003141
1626943786949000,0,202.11454900,0.00003134
1626944510673000,0,913.77566441,0.00003111
1626944513436000,0,104.79288965,0.00003112
1626944513751000,0,679.42008834,0.00003112
1626944535942000,0,51.83561875,0.00003110
1626944536991000,0,51.83561875,0.00003104
1626944705268000,0,239.43919000,0.00003127
1626945137108000,0,32.05128206,0.00003120
1626945750034000,0,51.83561875,0.00003128
1626945750803000,0,51.83561875,0.00003128
1626945751494000,0,115.51079009,0.00003128
1626945753129000,0,110.77206671,0.00003119
1626945755994000,0,1036.71237519,0.00003116
1626945757801000,0,317.45539043,0.00003116
1626945758411000,0,1036.71237519,0.00003116
1626945803565000,1,783.49494580,0.00003086
1626945805239000,0,1434.54428714,0.00003098
1626946038455000,0,895.90161765,0.00003115
1626946186326000,0,969.19180512,0.00003137
1626946474035000,0,249.99747069,0.00003090
1626946508916000,0,837.07959584,0.00003080
1626946509962000,1,124.11554691,0.00003083
1626946511915000,0,764.63068995,0.00003085
1626946516706000,0,886.50431498,0.00003090
1626946539548000,0,126.37611303,0.00003089
1626946604829000,0,822.86612371,0.00003012
1626946606110000,0,976.19485022,0.00003009
1626946608110000,0,937.98381995,0.00003012
1626946610106000,0,767.48674040,0.00003014
1626946611304000,0,992.51704265,0.00003017
1626946613154000,0,924.47875506,0.00003027
1626946691901000,1,701.66168162,0.00003009
1626946903107000,0,954.59963314,0.00003013
1626946904558000,0,249.83333334,0.00003020
1626947022249000,1,1410.73446327,0.00003009
1626947033158000,0,137.30659700,0.00003015
1626947419865000,1,841.52714000,0.00003015
1626948039084000,0,810.36959353,0.00002990
1626948331422000,0,623.03695698,0.00002975
1626948583206000,0,635.21315877,0.00002979
1626948788491000,0,423.15930389,0.00002993
1626950113224000,0,704.68844971,0.00002958
1626950825076000,0,142.56101852,0.00002992
1626950825686000,0,119.87433106,0.00002992
1626950826435000,0,120.21431431,0.00002992
1626950826924000,0,70.62230055,0.00002988
1626950828364000,0,66.53819301,0.00002991
1626950849702000,0,883.60848989,0.00002979
1626950869902000,0,859.54769600,0.00002979
1626951668565000,0,153.63666555,0.00003011
1626952454169000,1,33.61344539,0.00002969
1626953013690000,0,75.65678736,0.00002965
1626953014156000,0,71.80051240,0.00002965
1626953015194000,0,67.58416042,0.00002961
1626953026304000,0,867.75497347,0.00002939
1626953047258000,0,888.12437844,0.00002938
1626953049039000,1,642.27976106,0.00002925
1626955622520000,0,650.30717604,0.00002932
1626955786065000,1,716.53147191,0.00002924
1626955787062000,1,682.29823118,0.00002929
1626955788255000,0,753.51197609,0.00002928
1626955789713000,0,789.53345605,0.00002930
1626955831275000,0,58.15914370,0.00002947
1626955831927000,0,55.98037115,0.00002947
1626956177883000,0,77.33830248,0.00002938
1626957946311000,0,401.80074805,0.00002941
1626959305915000,0,250.00000000,0.00002962
1626959306314000,0,639.20096062,0.00002962
1626959307837000,1,642.27427939,0.00002965
1626959658471000,0,249.89905787,0.00002972
1626959658504000,0,378.17207761,0.00002972
1626961216357000,0,1148.83764466,0.00002938
1626966574276000,0,837.35167162,0.00002937
1626966711945000,0,789.33877399,0.00002932
1626968837069000,0,951.87239715,0.00002969
1626969535236000,0,969.75084139,0.00002971
1626973782523000,0,990.76722644,0.00002948
1626974501730000,0,174.92342600,0.00002956
1626974502923000,0,685.79583527,0.00002959
1626978217111000,0,850.48985999,0.00002964
1626978795005000,0,854.01992880,0.00002940
1626978796972000,1,1012.21799741,0.00002946
1626978800108000,0,835.74538861,0.00002942
1626978829201000,1,413.01835486,0.00002942
1626978890414000,0,309.47801905,0.00002952
1626978890893000,0,314.87435683,0.00002952
1626978891378000,0,306.38182902,0.00002952
1626978892170000,0,298.64076194,0.00002956
1626978901047000,0,891.11488838,0.00002947
1626978919215000,0,869.67880211,0.00002938
1626978921098000,1,740.80843712,0.00002941
1626982978110000,0,679.13212619,0.00002933
1626982992975000,1,37.17103633,0.00002942
1626982996209000,1,6.82898481,0.00002942
1626983002889000,0,1009.59700001,0.00002949
1626983029299000,1,987.73750360,0.00002947
1626984218346000,0,779.63420243,0.00002943
1626984221488000,0,777.72565106,0.00002949
1626984224079000,1,951.25942415,0.00002954
1626984225105000,0,974.45159035,0.00002955
1626984228316000,1,107.98106189,0.00002957
1626984231538000,1,249.79661017,0.00002952
1626984259293000,1,978.66339075,0.00002993
1626984270881000,0,246.64418212,0.00002965
1626984273169000,0,171.73693086,0.00002965
1626984278438000,0,492.69333140,0.00002965
1626984279912000,1,705.27718536,0.00002965
1626984302212000,0,625.92572247,0.00002942
1626984304487000,0,826.74839144,0.00002937
1626984304508000,0,0.00582925,0.00002937
1626984323797000,0,973.40548566,0.00002944
1626984324613000,0,925.79169638,0.00002948
1626984325508000,0,907.67918761,0.00002944
1626984334462000,1,222.92474577,0.00002950
1626984337054000,1,33.41129303,0.00002950
1626984355744000,1,655.59982625,0.00002956
1626988165966000,1,1107.92096465,0.00002943
1626988186264000,1,652.77889964,0.00002950
1626990376000000,0,662.06104621,0.00002951
1626990867850000,0,697.29405733,0.00002944
1626990870311000,0,865.40123039,0.00002943
1626992893505000,1,1001.18310913,0.00002932
1626992922576000,0,895.65250376,0.00002922
1626992922713000,1,601.36845706,0.00002923
1626992936439000,1,86.40403694,0.00002923
1626993009341000,1,34.03675971,0.00002938
1626993637773000,0,409.87066032,0.00002939
1626993637773000,0,194.30071845,0.00002939
1626993736328000,0,688.50983872,0.00002934
1626993816029000,0,809.70034256,0.00002921
1626993818020000,1,871.98852071,0.00002926
1626993831060000,0,846.16805524,0.00002932
1626993854643000,0,387.59729265,0.00002937
1626993854643000,0,414.55605740,0.00002942
1626993942744000,0,1001.90775808,0.00002943
1626993944636000,1,946.64853220,0.00002943
1626996882010000,0,945.01561692,0.00002921
