timestamp ms,type,amount,price
1626825717138000,0,761.37023187,0.00002792
1626825717167000,1,24.80721309,0.00002790
1626825720952000,1,96.49604000,0.00002787
1626825720952000,1,155.90240401,0.00002787
1626825722145000,0,308.85304660,0.00002790
1626825722245000,1,524.18357914,0.00002790
1626825722998000,1,919.86468248,0.00002787
1626825724986000,1,644.24385818,0.00002783
1626825727882000,1,350.89928058,0.00002780
1626825731999000,0,36.17508742,0.00002768
1626825746768000,0,757.64673018,0.00002768
1626825747577000,0,36.25569000,0.00002779
1626825812810000,0,922.43028741,0.00002764
1626826040846000,0,648.64477145,0.00002775
1626826050336000,1,36.14457831,0.00002784
1626826050968000,1,36.14501380,0.00002784
1626826073905000,0,523.97526882,0.00002790
1626826079915000,0,997.25260845,0.00002806
1626826154640000,0,917.94951466,0.00002769
1626826157551000,0,804.66537363,0.00002767
1626826158361000,1,630.96170145,0.00002771
1626827077020000,0,738.17073171,0.00002759
1626827080154000,0,261.81707318,0.00002757
1626827114917000,0,868.53523781,0.00002753
1626827116400000,0,1012.17616325,0.00002750
1626827610085000,1,600.01481774,0.00002756
1626828040990000,1,775.39165260,0.00002766
1626828043557000,1,36.69814552,0.00002765
1626828044704000,1,626.97723349,0.00002765
1626828045388000,1,885.69358928,0.00002761
1626828055246000,0,387.21597514,0.00002755
1626828055606000,0,343.92492730,0.00002755
1626828310235000,0,626.76311031,0.00002765
1626828925246000,0,1777.73721600,0.00002771
1626828963821000,1,873.43607069,0.00002787
1626829094675000,0,892.73211595,0.00002768
1626829096805000,1,677.56081710,0.00002768
1626829098208000,1,43.11893639,0.00002773
1626829146211000,0,919.53080344,0.00002799
1626829151124000,1,756.22997140,0.00002796
1626829151197000,1,0.19385372,0.00002796
1626829634483000,0,214.96060716,0.00002767
1626829831196000,0,730.13251256,0.00002752
1626832775748000,0,923.75195458,0.00002748
1626832778238000,1,823.69230105,0.00002751
1626832878893000,0,991.77382213,0.00002773
1626832961021000,0,978.92047431,0.00002761
1626832964638000,0,834.71123491,0.00002764
1626832995983000,1,872.04573077,0.00002780
1626833157018000,0,758.33055662,0.00002771
1626833158585000,1,618.20137583,0.00002769
1626833159803000,0,1014.73280251,0.00002772
1626833166784000,1,770.46899481,0.00002781
1626833170304000,1,122.17814642,0.00002773
1626833195674000,1,456.96338838,0.00002786
1626833197928000,1,402.46933226,0.00002786
1626833202982000,1,756.72739701,0.00002788
1626833714039000,0,915.81999174,0.00002805
1626833716226000,0,815.46548340,0.00002804
1626833829381000,1,1009.69989657,0.00002813
1626833866122000,1,917.36479105,0.00002809
1626833870920000,1,126.40667791,0.00002805
1626833874552000,0,411.15879828,0.00002796
1626834992514000,0,624.31456829,0.00002816
1626835013882000,0,355.55044146,0.00002839
1626835013985000,1,421.40806699,0.00002842
1626835045889000,0,498.56333084,0.00002842
1626835045889000,0,41.78156597,0.00002842
1626835045889000,0,35.47441112,0.00002842
1626835058690000,1,734.39944576,0.00002867
1626835061711000,0,35.14362026,0.00002854
1626835061711000,0,173.56121382,0.00002867
1626835061711000,0,352.03103269,0.00002869
1626835061788000,1,167.44332127,0.00002869
1626835071731000,1,401.34570200,0.00002864
1626835071882000,1,223.13983578,0.00002864
1626835073588000,1,843.98812183,0.00002866
1626835077338000,0,35.13209668,0.00002869
1626835077338000,0,41.36960988,0.00002869
1626835077597000,1,0.00000344,0.00002869
1626835201122000,0,176.22421669,0.00002857
1626835347800000,0,1011.06729385,0.00002861
1626835368441000,1,712.10099428,0.00002874
1626835371186000,1,963.69721051,0.00002876
1626835595941000,1,250.12233484,0.00002861
1626835659822000,0,814.89016846,0.00002854
1626837365434000,0,630.58637613,0.00002847
1626837370726000,0,615.67177065,0.00002855
1626837376175000,1,335.63737409,0.00002879
1626837376179000,1,355.44240354,0.00002879
1626837378001000,1,783.50220374,0.00002887
1626837380216000,0,1245.19897459,0.00002870
1626837380992000,1,87.60608178,0.00002861
1626837383148000,1,41.42845306,0.00002858
1626837388474000,0,41.42845000,0.00002861
1626837390280000,0,0.00000306,0.00002861
1626837566682000,0,875.71026322,0.00002861
1626838687998000,0,250.03491620,0.00002864
1626839509822000,0,795.25366558,0.00002877
1626839554322000,1,118.89655173,0.00002900
1626839555390000,1,889.87996111,0.00002900
1626839557684000,1,843.90835123,0.00002898
1626840053090000,1,387.98611112,0.00002882
1626840346953000,0,794.91517345,0.00002881
1626840348971000,1,648.99102880,0.00002884
1626840384269000,1,942.18950639,0.00002897
1626840384529000,1,0.20534366,0.00002897
1626840387778000,0,34.48997363,0.00002897
1626841369759000,0,625.95076518,0.00002902
1626842668875000,1,982.12627706,0.00002871
1626843603922000,0,782.64791041,0.00002851
1626843605425000,0,650.61871501,0.00002854
1626843606794000,0,172.84922319,0.00002849
1626843612526000,0,796.37147365,0.00002849
1626845146234000,0,801.79253203,0.00002888
1626849785401000,0,890.76242725,0.00002893
1626849787110000,0,701.34679282,0.00002892
1626850277025000,0,995.90759677,0.00002905
1626850277060000,0,246.70103092,0.00002910
1626850277282000,0,660.57373721,0.00002910
1626850279901000,0,616.12395628,0.00002919
1626850280659000,0,821.93372053,0.00002919
1626850281998000,0,1031.89633836,0.00002919
1626850282533000,0,1375.27898811,0.00002927
1626850303891000,0,125.91490811,0.00002938
1626850303891000,0,209.27799094,0.00002940
1626850305196000,0,735.51003061,0.00002941
1626850374833000,0,623.67865968,0.00002926
1626850375386000,0,977.56525673,0.00002940
1626850377181000,1,189.21768707,0.00002940
1626850377181000,1,788.85384957,0.00002939
1626850469355000,0,347.06023939,0.00002954
1626850469770000,0,376.29852771,0.00002954
1626850469770000,0,368.61268229,0.00002967
1626850536970000,1,821.93372053,0.00002926
1626850995850000,1,660.57373721,0.00002907
1626851440172000,0,947.92470296,0.00002895
1626851442052000,0,790.87677286,0.00002897
1626851444366000,0,821.42472586,0.00002896
1626853200094000,0,87.60608178,0.00002883
1626855820445000,0,803.47645048,0.00002856
1626855820445000,0,965.86241462,0.00002856
1626855850763000,0,57.60686006,0.00002864
1626855851605000,0,58.20726958,0.00002864
1626855852289000,0,81.57729316,0.00002864
1626855930903000,0,762.21742177,0.00002861
1626855935343000,0,734.55295971,0.00002860
1626855938752000,1,673.97905210,0.00002860
1626855956819000,1,1769.33886510,0.00002856
1626858096110000,0,249.86043265,0.00002866
1626860893780000,0,635.10455609,0.00002887
1626860896276000,1,854.52279474,0.00002884
1626860897583000,0,790.89948931,0.00002892
1626860898104000,0,966.05446254,0.00002898
1626863750166000,0,633.41367372,0.00002878
1626863751705000,1,806.59913339,0.00002880
1626863772328000,0,838.23867054,0.00002887
1626863773826000,1,340.38794596,0.00002887
1626863773990000,0,602.26837868,0.00002886
1626865044989000,0,11923.99229247,0.00002879
1626865856554000,0,847.80447879,0.00002908
1626865941985000,1,139.24528302,0.00002915
1626867197696000,0,734.47826087,0.00002919
1626867199196000,0,793.72914869,0.00002919
1626869363585000,1,1234.03686000,0.00002890
1626869363627000,1,1756.73977700,0.00002890
1626871119698000,0,945.22720776,0.00002866
1626871121116000,1,938.18379851,0.00002865
1626875727334000,0,748.95018782,0.00002883
1626875728815000,1,915.49045742,0.00002886
1626875750004000,0,101.58299247,0.00002897
1626875750619000,0,101.29421729,0.00002897
1626875757378000,0,54.89928145,0.00002907
1626875758041000,0,54.89928145,0.00002907
1626875759343000,0,54.89928145,0.00002907
1626880688405000,0,795.69410247,0.00002990
1626880689485000,0,1334.79529932,0.00002993
1626880780714000,0,884.51998223,0.00002971
1626880787904000,0,987.72933617,0.00002966
1626880811813000,1,701.26384835,0.00002965
1626880864624000,0,78.06675653,0.00003009
1626880865026000,0,78.00304269,0.00003009
1626881111825000,1,2320.03775476,0.00002993
1626881418262000,0,54.89928145,0.00003015
1626882065498000,0,987.02567165,0.00002941
1626882067688000,1,653.49163879,0.00002939
1626882072464000,0,765.55591562,0.00002945
1626882076111000,0,651.15719462,0.00002951
1626885624334000,0,675.53489164,0.00002994
1626886614501000,0,814.17090880,0.00003012
1626886617702000,0,704.30282542,0.00003009
1626886648526000,0,60.19586075,0.00003023
1626886649029000,0,59.87073421,0.00003023
1626886649819000,0,60.73751586,0.00003023
1626886650318000,0,110.62856355,0.00003023
1626886651654000,0,105.08600476,0.00003023
1626886652481000,0,105.90825847,0.00003023
1626886653496000,0,104.78621102,0.00003020
1626886654030000,0,204.78245069,0.00003020
1626886654885000,0,218.13153083,0.00003020
1626886655410000,0,478.57642739,0.00003020
1626886656489000,0,472.69260056,0.00003020
1626886657135000,0,362.92540615,0.00003017
1626886659341000,0,354.54624376,0.00003020
1626886681932000,1,249.98786290,0.00003011
1626887325283000,0,6067.98565363,0.00002940
1626887540142000,0,1585.99675426,0.00002943
1626887540145000,0,2114.52681538,0.00002943
1626887598451000,0,977.55819649,0.00002935
1626888196894000,0,249.80061350,0.00002934
1626888263165000,1,72.84865000,0.00002934
1626888291628000,1,127.04910051,0.00002934
1626888636831000,0,397.43634497,0.00002922
1626890318980000,0,249.89683631,0.00002908
1626891341918000,0,914.48336247,0.00002900
1626891412544000,1,129.56672444,0.00002885
1626891412737000,1,224.79162900,0.00002885
1626891875133000,0,251.15318416,0.00002905
1626893559546000,0,860.92649911,0.00002888
1626893907288000,0,55.02189205,0.00002895
1626893908007000,0,55.35491593,0.00002895
1626893916263000,0,56.98788805,0.00002896
1626893926438000,0,55.66849188,0.00002900
1626893927212000,0,66.60777074,0.00002900
1626893928217000,0,73.11921292,0.00002900
1626893929124000,0,68.45180005,0.00002900
1626893929831000,0,56.96285514,0.00002900
1626893930732000,0,57.16190808,0.00002900
1626893965992000,0,60.30833776,0.00002900
1626893967667000,0,55.36237073,0.00002900
1626894114490000,0,61.12330958,0.00002894
1626894115375000,0,62.75382778,0.00002894
1626894116216000,0,66.16409653,0.00002894
1626894117220000,0,67.37934526,0.00002894
1626894117769000,0,65.59447857,0.00002894
1626894118237000,0,65.66445739,0.00002894
1626894118647000,0,72.93150287,0.00002894
1626894119873000,0,72.17615681,0.00002894
1626894120287000,0,64.02122306,0.00002894
1626894121317000,0,63.75794518,0.00002894
1626894512011000,0,71.14633854,0.00002876
1626894512736000,0,83.76879472,0.00002873
1626894513516000,0,81.74799699,0.00002873
1626894597405000,0,56.07798876,0.00002872
1626894598048000,0,56.24011809,0.00002872
1626894598611000,0,58.91671596,0.00002872
1626894600210000,0,110.98909809,0.00002872
1626894601592000,0,114.61253805,0.00002872
1626894787201000,0,54.91918428,0.00002854
1626894884208000,0,57.60089551,0.00002845
1626894884842000,0,60.03097810,0.00002845
1626894885637000,0,68.55782403,0.00002845
1626895454507000,0,55.88477687,0.00002846
1626895733459000,0,55.39972335,0.00002826
1626895733965000,0,55.27379344,0.00002826
1626895920775000,0,57.91163809,0.00002834
1626895921512000,0,58.17262835,0.00002834
1626895927553000,0,97.93139443,0.00002832
1626895927977000,0,95.47576393,0.00002832
1626895928912000,0,80.92979061,0.00002832
1626896551945000,0,136.41846426,0.00002836
1626897182286000,0,192.06209080,0.00002833
1626897184595000,0,56.08410325,0.00002837
1626897923592000,1,3663.49457999,0.00002826
1626898132283000,0,214.79230000,0.00002835
1626898136978000,0,979.25220777,0.00002839
1626898166841000,0,56.58358261,0.00002850
1626898185790000,0,75.89320907,0.00002859
1626898186915000,0,75.87492409,0.00002859
1626898187410000,0,128.31926141,0.00002859
1626898194064000,0,71.99539185,0.00002865
1626898194816000,0,69.73660298,0.00002865
1626900961615000,0,242.88559511,0.00002838
1626900961724000,0,461.96082027,0.00002838
1626903520631000,0,914.96763905,0.00002842
1626903523282000,0,691.11815708,0.00002843
1626904024384000,0,764.98383544,0.00002861
1626904686713000,1,10951.88144461,0.00002874
1626904741405000,0,70.40587864,0.00002882
1626904742180000,0,98.60509659,0.00002882
1626904748741000,0,69.60529813,0.00002885
1626904750116000,0,57.93661484,0.00002885
1626904752933000,0,60.03719259,0.00002885
1626905101663000,0,622.71863656,0.00002868
1626905105107000,0,798.62984968,0.00002867
1626905107367000,0,632.20382115,0.00002869
1626906343486000,0,832.18575927,0.00002881
1626907135491000,0,621.59697002,0.00002888
1626907135644000,1,630.35788382,0.00002892
1626907137474000,0,646.88905173,0.00002887
1626907166965000,0,66.93984431,0.00002901
1626907167523000,0,145.02424749,0.00002901
1626907168212000,0,148.94169508,0.00002904
1626907198433000,0,60.20241726,0.00002922
1626907216969000,0,772.34472595,0.00002916
1626907238661000,0,1160.00034739,0.00002911
1626907242395000,0,271.71214548,0.00002905
1626907253560000,1,21.54045000,0.00002905
1626907839011000,0,12.88295793,0.00002895
1626907840099000,0,1008.13702898,0.00002899
1626908014893000,0,53.84197506,0.00002926
1626908015816000,0,53.84197506,0.00002926
1626910560101000,0,824.86477208,0.00002893
