timestamp ms,type,amount,price
1626998769756000,0,845.06004666,0.00002927
1626998772703000,0,986.99254433,0.00002925
1626998786900000,1,24.81666688,0.00002939
1626998791502000,1,716.14724450,0.00002945
1626998799138000,1,33.95585740,0.00002928
1626998818220000,0,200.70076900,0.00002945
1626998824901000,1,694.07172132,0.00002949
1626998863110000,0,804.25316296,0.00002928
1626998871740000,1,823.68116314,0.00002926
1626998899507000,0,934.82625673,0.00002917
1626998957090000,1,615.63001355,0.00002939
1626998963140000,1,34.02517864,0.00002929
1626998982670000,0,110.39799000,0.00002939
1626998990138000,0,670.54365502,0.00002955
1626998995823000,1,904.95691673,0.00002948
1626998995948000,0,706.79634312,0.00002952
1626998996737000,1,1156.45444539,0.00002945
1626999012056000,0,154.64546392,0.00002942
1626999012104000,0,542.04758663,0.00002942
1626999018108000,0,989.22399835,0.00002937
1626999022104000,0,990.52270208,0.00002937
1627001607024000,0,658.93249453,0.00002935
1627001609508000,0,717.03902007,0.00002934
1627001624875000,1,33.94433131,0.00002946
1627001626279000,1,930.36721116,0.00002946
1627001627595000,0,848.84156455,0.00002945
1627001628012000,1,185.63781100,0.00002943
1627001628249000,1,706.02304967,0.00002943
1627001632710000,1,33.97893307,0.00002933
1627001636216000,1,34.00204013,0.00002941
1627003435490000,1,613.54826623,0.00002920
1627004718832000,0,965.67902084,0.00002917
1627005822173000,0,806.50807331,0.00002936
1627005958659000,0,891.33046304,0.00002932
1627009045696000,1,806.55924931,0.00002945
1627009611109000,1,812.47237380,0.00002931
1627009613093000,1,664.69041310,0.00002929
1627009616290000,1,652.04484378,0.00002918
1627009658497000,1,409.32560088,0.00002890
1627009658497000,1,525.05603152,0.00002890
1627009720400000,1,37.19361758,0.00002917
1627009836054000,0,617.26841307,0.00002909
1627009836318000,0,49.69538582,0.00002909
1627013269500000,1,647.50207039,0.00002876
1627013278899000,1,775.97429351,0.00002884
1627013287547000,0,395.88819982,0.00002886
1627013331159000,0,317.25881639,0.00002909
1627013331226000,1,317.25881639,0.00002909
1627013331298000,1,373.71939783,0.00002909
1627013630942000,1,34.48275863,0.00002900
1627013631531000,1,34.48275863,0.00002900
1627013632092000,1,34.48275863,0.00002900
1627013633073000,1,34.48275863,0.00002900
1627013633677000,1,34.48275863,0.00002900
1627013634330000,1,34.48275863,0.00002900
1627013634895000,1,34.48275863,0.00002900
1627013635526000,1,34.48275863,0.00002900
1627013636099000,1,34.48275863,0.00002900
1627013647812000,1,34.43526172,0.00002904
1627013648344000,1,34.43526172,0.00002904
1627013648989000,1,34.43526172,0.00002904
1627013649588000,1,34.43526172,0.00002904
1627013650103000,1,34.43526172,0.00002904
1627013650468000,1,399.20798899,0.00002904
1627013650791000,1,34.43526172,0.00002904
1627013653596000,1,34.43526172,0.00002904
1627013654321000,1,34.43526172,0.00002904
1627013656265000,1,34.43526172,0.00002903
1627014298007000,0,898.21860855,0.00002909
1627014300950000,1,946.85178610,0.00002909
1627014311460000,1,1008.27846184,0.00002919
1627014318413000,1,34.25830765,0.00002908
1627014994191000,1,923.09618862,0.00002927
1627015007325000,0,1001.99764724,0.00002922
1627015008315000,0,744.10256265,0.00002926
1627015019199000,0,928.65321638,0.00002934
1627015019199000,0,950.71041351,0.00002934
1627015021538000,0,620.71032920,0.00002940
1627015021935000,1,171.56462585,0.00002940
1627015022104000,0,702.96110327,0.00002940
1627015024511000,0,699.39467106,0.00002943
1627015025005000,0,86.40403694,0.00002944
1627015060769000,0,678.87019478,0.00002948
1627015067768000,0,916.47324741,0.00002945
1627015434175000,1,391.06483317,0.00002929
1627015440505000,0,34.14134518,0.00002921
1627015456206000,0,34.16017000,0.00002927
1627016440524000,1,636.83514102,0.00002895
1627016440524000,1,241.64410690,0.00002895
1627018145204000,0,1014.51269042,0.00002927
1627021130684000,1,793.42793739,0.00002949
1627022387975000,0,912.17825978,0.00002953
1627022390085000,1,753.75038507,0.00002954
1627022399415000,1,847.22604589,0.00002964
1627022399784000,1,0.18974053,0.00002964
1627022406684000,0,33.73819164,0.00002955
1627022419756000,0,33.54845111,0.00002964
1627022430001000,0,931.51189671,0.00002974
1627022444859000,1,994.89256334,0.00002968
1627022454807000,0,996.86399116,0.00002972
1627023230148000,1,33.31112593,0.00003002
1627023704066000,1,991.05216243,0.00003029
1627023704093000,1,0.17949918,0.00003029
1627023708705000,0,33.01419611,0.00003012
1627023711102000,1,770.29129970,0.00003026
1627023715045000,1,685.35832357,0.00003023
1627023715608000,1,33.04692665,0.00003013
1627025620842000,1,804.39960113,0.00002973
1627025625101000,1,1384.41698737,0.00002965
1627025630821000,1,643.02694511,0.00002969
1627025630890000,1,80.78878830,0.00002969
1627025637800000,1,33.68137421,0.00002965
1627025652432000,1,249.81462757,0.00002967
1627025652885000,1,209.95228000,0.00002967
1627025703345000,1,189.27158000,0.00002954
1627025752661000,1,720.55847250,0.00002966
1627025754502000,0,837.24628855,0.00002966
1627025770562000,1,249.79729730,0.00002960
1627025771588000,0,602.15851602,0.00002965
1627025817178000,1,199.65855837,0.00002959
1627025823616000,1,33.79520109,0.00002952
1627026015565000,1,33.87533876,0.00002952
1627026019337000,1,717.68853874,0.00002952
1627026299169000,0,393.31750164,0.00002971
1627026308924000,1,306.50269542,0.00002968
1627026529626000,0,900.19056992,0.00002967
1627026530346000,0,741.83649502,0.00002971
1627026652335000,0,388.23223502,0.00002989
1627026657188000,0,299.96195300,0.00002989
1627026660529000,0,894.04810028,0.00002987
1627027000796000,1,109.55907101,0.00002971
1627027087935000,1,716.56412929,0.00002984
1627027095903000,0,671.31525297,0.00002975
1627027145481000,0,974.25495730,0.00002957
1627027147073000,1,735.49872097,0.00002956
1627027383486000,1,1014.94806200,0.00002967
1627027383760000,1,7433.31887431,0.00002967
1627027398217000,1,485.91073000,0.00002967
1627027398343000,1,1264.79709400,0.00002967
1627027398530000,1,1165.02523969,0.00002967
1627028520550000,1,795.30235726,0.00002954
1627028557783000,0,645.75731520,0.00002942
1627028578224000,0,765.58993571,0.00002943
1627029216599000,1,679.13692227,0.00002938
1627029218641000,1,717.21597893,0.00002939
1627029227974000,0,613.32922319,0.00002934
1627029231839000,1,669.62637241,0.00002932
1627029232809000,0,821.28236745,0.00002935
1627029667881000,0,782.03653515,0.00002957
1627029669111000,0,807.26052376,0.00002956
1627029932296000,1,1148.33945874,0.00002993
1627029933244000,1,954.64140234,0.00002995
1627029962580000,1,911.76815802,0.00002989
1627029964866000,1,499.28724474,0.00002987
1627029964891000,1,453.38770583,0.00002987
1627029971367000,1,33.47840644,0.00002967
1627029980743000,0,565.23176170,0.00002976
1627029989327000,0,263.39011375,0.00002976
1627029990558000,1,263.39011375,0.00002976
1627030027857000,1,429.75989178,0.00002956
1627030069890000,1,911.41308419,0.00002985
1627030076379000,1,33.50083753,0.00002968
1627030076502000,0,36.49546240,0.00002971
1627030106339000,1,182.44605000,0.00002987
1627030114819000,1,587.45399367,0.00002987
1627030659214000,1,964.61934972,0.00002970
1627030667787000,1,249.79757086,0.00002964
1627030668700000,1,466.12728349,0.00002964
1627030766620000,0,987.77306891,0.00002962
1627030791667000,1,913.54123567,0.00002971
1627030791667000,1,787.97384598,0.00002965
1627030838910000,0,736.10465209,0.00002956
1627030844084000,0,878.59376734,0.00002956
1627030847780000,0,151.67762745,0.00002955
1627030858460000,0,706.58456283,0.00002955
1627031139584000,0,964.43434344,0.00002974
1627031210408000,1,964.43434344,0.00002974
1627032108817000,1,33.85240353,0.00002954
1627032108850000,1,311.91604604,0.00002954
1627032108958000,1,334.44734213,0.00002954
1627032109393000,1,36.92035050,0.00002950
1627032109944000,1,36.92035050,0.00002950
1627032112578000,1,33.88681804,0.00002951
1627032113137000,1,33.88681804,0.00002951
1627032483943000,1,33.79520109,0.00002959
1627032484019000,1,109.73301792,0.00002959
1627032484164000,1,36.80349388,0.00002959
1627032484255000,1,466.54226244,0.00002959
1627032490331000,1,36.80349388,0.00002949
1627033466351000,0,744.73688424,0.00002959
1627033725544000,0,750.71791904,0.00002966
1627033854785000,1,190.57113889,0.00002941
1627033854909000,0,561.87157966,0.00002941
1627033871442000,0,885.90600653,0.00002955
1627033871942000,0,984.39898412,0.00002960
1627033873509000,0,654.69051915,0.00002957
1627033883375000,1,249.95855796,0.00002968
1627033885297000,1,1170.25088644,0.00002968
1627033902601000,0,981.74071804,0.00002967
1627033902613000,0,913.79367539,0.00002967
1627033962403000,0,1008.83583126,0.00002955
1627035633294000,1,723.41349180,0.00002945
1627035645737000,0,701.37661205,0.00002937
1627035648929000,1,728.83567463,0.00002937
1627035655779000,1,955.80265508,0.00002938
1627035734236000,1,1314.35257410,0.00002935
1627035795637000,1,859.24556288,0.00002934
1627036983580000,0,950.00000000,0.00002940
1627037394533000,0,880.17655737,0.00002933
1627037495486000,1,633.97912430,0.00002951
1627037499903000,1,734.82544198,0.00002947
1627038117904000,0,914.06753034,0.00002959
1627038245854000,1,835.06140940,0.00002980
1627038245890000,1,0.19369083,0.00002980
1627038252495000,1,925.63227970,0.00002977
1627038255700000,1,864.35204558,0.00002976
1627038259492000,1,962.14753514,0.00002973
1627038262891000,1,630.31669252,0.00002974
1627038264971000,1,910.58468869,0.00002972
1627038294177000,0,938.18304064,0.00002950
1627038335974000,0,969.01232270,0.00002939
1627039238286000,0,721.26400878,0.00002968
1627039274640000,1,982.66094169,0.00002979
1627039275972000,0,984.89692436,0.00002974
1627039277852000,1,655.14151679,0.00002972
1627039332019000,0,142.68140117,0.00002952
1627039334431000,0,855.62701225,0.00002952
1627039344774000,0,128.88928000,0.00002951
1627039482117000,0,249.79811575,0.00002984
1627039969213000,1,1004.94353225,0.00002968
1627039988445000,0,1699.61077298,0.00002961
1627040031656000,0,877.15374815,0.00002974
1627040677047000,1,975.81233791,0.00002946
1627040678675000,1,249.95149254,0.00002948
1627040692629000,0,1015.57679113,0.00002947
1627040700932000,1,636.17853592,0.00002950
1627041014391000,0,631.79971038,0.00002941
1627041041091000,1,713.19499041,0.00002951
1627041046680000,1,33.88681804,0.00002946
1627041046794000,1,37.03200800,0.00002946
1627041053095000,0,713.00338869,0.00002951
1627041100964000,1,898.33851480,0.00002953
1627041102493000,1,710.77549500,0.00002957
1627041104264000,1,683.14896822,0.00002954
1627041107276000,0,33.81805885,0.00002949
1627041115434000,0,298.93612548,0.00002939
1627041116258000,0,664.38290008,0.00002939
1627041178527000,0,802.10136893,0.00002948
1627041178659000,1,1243.69674356,0.00002948
1627041194862000,1,349.56825800,0.00002954
1627041195009000,1,551.10128762,0.00002954
1627041196426000,0,898.89813862,0.00002954
1627041207917000,1,791.08786680,0.00002949
1627041229549000,0,550.90567565,0.00002954
1627041963690000,1,685.95054453,0.00002943
1627041964862000,0,885.78441065,0.00002942
1627041969494000,1,878.18059583,0.00002941
1627042614841000,0,0.00902678,0.00002932
1627042688700000,0,774.99464267,0.00002953
1627042690502000,0,686.58166637,0.00002952
1627043600224000,0,782.22345578,0.00002927
1627043603158000,0,863.48284230,0.00002927
1627043605705000,1,700.85570351,0.00002928
1627043639735000,0,945.62589594,0.00002959
1627043702611000,0,955.82873791,0.00002973
1627045324880000,0,275.10245902,0.00002928
1627046835484000,1,720.86800374,0.00002934
1627046837289000,0,860.79643475,0.00002933
1627046886198000,0,842.19902805,0.00002922
1627046889118000,0,669.95129781,0.00002922
1627047764402000,1,33.92130259,0.00002948
1627047765625000,1,599.61194042,0.00002948
1627047783008000,0,625.56816351,0.00002938
1627047787212000,0,1273.61676979,0.00002937
1627047825874000,0,752.60464497,0.00002927
1627047827101000,0,665.24760517,0.00002930
1627047829111000,0,613.05188789,0.00002930
1627047858596000,0,53.58065486,0.00002952
1627047863716000,0,90.49192878,0.00002958
1627047870583000,1,665.40519266,0.00002970
1627047893036000,1,966.38786516,0.00002939
1627047911613000,1,966.37564507,0.00002936
1627047916775000,0,371.98230108,0.00002928
1627047944226000,0,983.82965952,0.00002937
1627047953595000,0,105.74053223,0.00002947
1627047963521000,1,249.94832827,0.00002961
1627047967011000,1,36.74849331,0.00002961
1627047967701000,1,36.74849331,0.00002961
1627047967961000,1,662.24777773,0.00002961
1627047969430000,1,835.13472420,0.00002956
1627047970662000,0,782.92174170,0.00002961
1627047970908000,1,55.90884489,0.00002961
1627047982145000,1,794.15825158,0.00002957
1627047983091000,1,747.62077877,0.00002955
1627048013818000,1,793.80852525,0.00002955
1627048077076000,0,950.77260239,0.00002937
1627048079031000,1,249.98297582,0.00002937
1627048083742000,0,439.32148259,0.00002937
1627048119814000,1,268.84576099,0.00002937
1627048119982000,1,34.04834867,0.00002937
1627048121998000,1,34.04834867,0.00002937
1627048122723000,1,34.04834867,0.00002937
1627048135190000,0,938.68220494,0.00002936
1627049402260000,0,215.10996600,0.00002918
1627049402844000,0,869.28739305,0.00002919
1627049418892000,1,883.05448361,0.00002923
1627052542990000,1,249.81119122,0.00002913
1627054856103000,1,889.49590312,0.00002898
1627055205639000,1,852.54153633,0.00002887
1627055205753000,1,1015.49684086,0.00002882
1627055205753000,1,1242.36259320,0.00002873
1627056336013000,1,734.75704693,0.00002826
1627056336985000,0,719.81354003,0.00002827
1627057062913000,1,172.53278122,0.00002800
1627057313380000,0,172.32142858,0.00002805
1627057898278000,0,937.62980516,0.00002802
1627057905936000,0,1020.26398653,0.00002802
1627057964892000,1,962.99351085,0.00002812
1627057971263000,1,35.56187768,0.00002804
1627057981626000,1,150.76539694,0.00002809
1627057981676000,1,642.59069459,0.00002809
1627057985728000,0,35.59985761,0.00002804
1627065199519000,0,820.55524407,0.00002830
1627068007971000,0,627.43428283,0.00002808
1627068009134000,1,781.47774018,0.00002808
1627068016077000,0,760.48507324,0.00002810
1627068030177000,0,1001.43540342,0.00002824
1627068040904000,1,763.62855655,0.00002830
1627068043834000,0,1018.42015983,0.00002834
1627068056503000,1,38.79176580,0.00002832
1627068056649000,1,165.40813000,0.00002832
1627068057056000,1,35.31073447,0.00002832
1627068057927000,1,219.42090396,0.00002832
1627068058934000,1,38.79176580,0.00002832
1627068059482000,1,38.79176580,0.00002832
1627068060316000,1,38.79126421,0.00002832
1627068244792000,0,31.73054937,0.00002825
1627069421999000,1,34.98950316,0.00002858
1627069422300000,1,983.83328287,0.00002858
1627069425963000,0,683.35716519,0.00002855
1627069543793000,1,162.13843000,0.00002864
1627069544042000,1,10.09201200,0.00002864
1627069544157000,1,151.84932879,0.00002864
1627069544385000,1,38.31809125,0.00002864
1627069544448000,1,10.09201200,0.00002864
1627069544459000,1,34.91620113,0.00002864
1627069545010000,1,38.37985825,0.00002864
1627069545010000,1,34.91620113,0.00002864
1627069545085000,0,708.76907417,0.00002865
1627069545437000,1,426.21835960,0.00002864
1627069551840000,1,34.91620113,0.00002854
1627069554719000,1,308.23508895,0.00002867
1627069554981000,1,38.28044252,0.00002867
1627069554990000,1,34.87966517,0.00002867
1627069555028000,1,401.18560400,0.00002867
1627069555322000,1,232.77339825,0.00002867
1627069557542000,1,34.91620113,0.00002864
1627069595085000,0,895.36345040,0.00002851
1627069606516000,0,811.37038531,0.00002839
1627069648334000,0,122.15884256,0.00002832
1627069683159000,1,38.33914810,0.00002860
1627069683159000,1,34.96503498,0.00002860
1627069683735000,1,38.33914810,0.00002860
1627069683871000,1,34.96503498,0.00002860
1627069684069000,1,812.95626861,0.00002860
1627069709954000,0,1014.94120730,0.00002861
1627069716941000,0,732.89179149,0.00002861
1627069719072000,0,769.40806287,0.00002861
1627069730060000,0,222.30767565,0.00002855
1627069732049000,0,723.79726558,0.00002855
1627069793080000,0,851.74416240,0.00002843
1627070190946000,0,905.27218248,0.00002831
1627070192106000,0,831.02640296,0.00002831
1627070331854000,0,969.12179096,0.00002827
1627070343724000,0,951.77127203,0.00002828
1627072635493000,0,806.04031269,0.00002841
1627074345853000,0,975.30842501,0.00002818
1627074349979000,1,627.26745312,0.00002824
1627074355705000,1,949.96341805,0.00002833
1627074366553000,1,685.56553913,0.00002838
1627074366948000,1,66.78206000,0.00002838
1627074367161000,1,0.00000447,0.00002838
1627074368806000,0,917.84098109,0.00002835
1627074373210000,1,35.23607729,0.00002824
1627074384369000,0,38.41524317,0.00002828
1627074391470000,1,326.86021127,0.00002840
1627074391771000,1,38.31955958,0.00002840
1627074392341000,1,38.31955958,0.00002840
1627074394334000,1,35.21126762,0.00002840
1627074395783000,1,38.31955958,0.00002840
1627074395968000,1,35.21126762,0.00002840
1627074396303000,1,38.31955958,0.00002840
1627074396951000,1,102.78906800,0.00002840
1627076931744000,0,819.94004249,0.00002850
1627076933644000,1,850.45454782,0.00002856
1627076942503000,1,868.43200617,0.00002869
1627076949210000,1,34.85535031,0.00002860
1627076955005000,0,868.21993727,0.00002869
1627076955005000,0,37.78432706,0.00002869
1627076956315000,0,574.21714000,0.00002876
1627076962536000,1,37.50000000,0.00002891
1627076963247000,1,8.46495622,0.00002891
1627076966405000,1,390.93436962,0.00002895
1627076967034000,1,316.55102516,0.00002895
1627076969753000,1,34.50655626,0.00002898
1627076969905000,1,690.96307047,0.00002898
1627076972419000,0,818.21652740,0.00002882
1627077627388000,0,961.81823781,0.00002887
1627077629701000,0,660.95990529,0.00002886
1627077633673000,0,970.01120905,0.00002893
1627077660745000,1,34.44712368,0.00002903
1627077662798000,0,849.96457413,0.00002913
1627077673321000,1,249.79409747,0.00002914
1627077678903000,0,648.25916909,0.00002906
1627077695307000,0,700.34893806,0.00002896
1627077747913000,0,717.09170281,0.00002876
1627077752895000,1,88.25954198,0.00002882
1627077758966000,1,34.69812631,0.00002876
1627077765629000,1,193.20152619,0.00002883
1627077765690000,1,577.05803016,0.00002883
1627078440559000,1,712.17912286,0.00002938
1627078474891000,1,763.88062159,0.00002937
1627078650871000,0,634.10052634,0.00002916
1627078699894000,0,914.34458798,0.00002915
1627078719069000,1,893.68405518,0.00002930
1627078720858000,0,843.82837843,0.00002926
1627078726141000,1,34.15300547,0.00002928
1627078726723000,1,34.15300547,0.00002928
1627078727339000,1,34.15300547,0.00002928
1627078727937000,1,34.15300547,0.00002928
1627078728511000,1,34.15300547,0.00002928
1627078744106000,1,365.29843111,0.00002932
1627078753353000,1,279.52014092,0.00002932
1627078756689000,1,788.77673416,0.00002933
1627078825651000,0,648.15345416,0.00002929
1627078849695000,0,172.53278122,0.00002940
1627078916450000,0,88.25954198,0.00002952
1627078982940000,0,658.49367127,0.00002968
1627078995949000,0,685.02229633,0.00002983
1627079014100000,1,906.36226116,0.00002992
1627079030965000,1,36.14457831,0.00002987
1627079051508000,0,710.28103250,0.00002974
1627079071909000,0,677.95929902,0.00002970
1627079261590000,0,690.28645056,0.00002960
1627079261694000,1,789.85835554,0.00002956
1627079274106000,0,725.92545662,0.00002959
1627079336496000,1,707.02798023,0.00002979
1627079432551000,1,33.52329870,0.00002983
1627079432871000,1,78.56722000,0.00002983
1627079440791000,1,33.35557039,0.00002998
1627079441390000,1,33.35557039,0.00002998
1627080602042000,0,704.45003400,0.00002942
1627080634570000,1,692.27790752,0.00002951
1627080646629000,0,249.81362251,0.00002951
1627080717003000,0,1004.89993812,0.00002966
1627080718987000,1,930.90007581,0.00002962
1627080727742000,1,480.28830037,0.00002983
1627080728179000,1,33.52329870,0.00002983
1627080728772000,1,33.52329870,0.00002983
1627080729490000,1,228.55233615,0.00002983
1627080735626000,1,33.52329870,0.00002967
1627080740096000,1,251.98962170,0.00002987
1627080740168000,1,33.47840644,0.00002987
1627080740600000,1,471.37668287,0.00002987
1627080745510000,0,33.47840644,0.00002973
1627080747532000,0,125.95610000,0.00002983
1627080751878000,1,170.21230358,0.00002991
1627080751893000,1,620.42101958,0.00002991
1627081019251000,1,691.55707211,0.00002967
1627081021860000,1,177.08858202,0.00002969
1627081021893000,1,755.05785966,0.00002969
1627081028054000,1,33.68137421,0.00002957
1627081028055000,1,35.89375449,0.00002957
1627081061892000,0,493.13090580,0.00002935
1627081061908000,0,327.95929902,0.00002935
1627081084312000,0,470.88968800,0.00002947
1627081084431000,1,1009.73018508,0.00002941
1627081090106000,0,920.89596707,0.00002937
1627081109745000,1,36.26341746,0.00002944
1627081110541000,1,36.26341746,0.00002944
1627081123691000,1,758.71928436,0.00002960
1627081126513000,0,899.70392871,0.00002959
1627081171736000,1,470.88968800,0.00002946
1627081211512000,0,105.84239131,0.00002944
1627081237179000,1,815.05731807,0.00002943
1627081438130000,1,758.69321994,0.00002928
1627081440137000,0,647.68930990,0.00002928
1627081467878000,1,36.57109421,0.00002912
1627081470547000,1,470.40691167,0.00002912
1627081496283000,1,138.00961539,0.00002912
1627081496485000,1,221.05845000,0.00002912
1627081496551000,1,36.57733668,0.00002912
1627081497294000,1,36.57778265,0.00002912
1627081497342000,1,34.34065935,0.00002912
1627081497927000,1,36.57778265,0.00002912
1627081500750000,1,34.34065935,0.00002912
1627081500839000,1,532.79532968,0.00002912
1627081505267000,1,172.41861264,0.00002912
1627081505533000,1,0.18666328,0.00002912
1627081516404000,0,36.35770158,0.00002912
1627081522785000,0,993.40725400,0.00002951
1627081524361000,1,395.81062671,0.00002936
1627081524686000,1,200.68119892,0.00002936
1627081557543000,0,765.01190295,0.00002905
1627081604319000,0,959.67446932,0.00002907
1627081607106000,0,779.90006557,0.00002912
1627081608775000,0,1218.23147129,0.00002915
1627081868951000,0,806.32006318,0.00002954
1627081870503000,0,843.86698620,0.00002955
1627081920920000,1,633.65295889,0.00002991
1627081921140000,1,8.66200977,0.00002991
1627081921582000,1,1285.47860296,0.00002976
1627081922856000,0,761.71737713,0.00002979
1627081922856000,0,139.11082791,0.00002982
1627081948428000,0,1017.16403155,0.00002959
1627081950555000,0,636.14381566,0.00002961
1627081951376000,1,831.16641284,0.00002957
1627081952232000,0,100.57343981,0.00002959
1627081952304000,0,685.45834122,0.00002959
1627081958398000,0,643.53760656,0.00002963
1627082027760000,0,297.90482619,0.00002963
1627082028925000,0,841.35806161,0.00002968
1627082072685000,1,812.78199903,0.00002991
1627082156778000,0,815.85361588,0.00002977
1627082158304000,0,739.97932732,0.00002975
1627082170976000,1,178.12080537,0.00002980
1627082174778000,1,709.63214454,0.00002980
1627082183157000,0,984.15313750,0.00002988
1627082295176000,0,214.38609000,0.00002997
1627082423950000,0,678.18634900,0.00003011
1627082426114000,0,971.83868307,0.00003008
1627082437293000,1,1152.13012949,0.00003045
1627082438869000,1,707.03229000,0.00003035
1627082439032000,1,14.77447200,0.00003035
1627082441465000,1,296.17792422,0.00003035
1627082443742000,1,32.84072251,0.00003035
1627082443746000,1,34.98297495,0.00003035
1627082449735000,0,950.82228972,0.00003047
1627082450681000,0,826.93295559,0.00003047
1627082456956000,1,32.86230694,0.00003043
1627082457251000,1,1649.00095355,0.00003043
1627082458622000,1,1137.15170604,0.00003043
1627082465035000,1,1020.50912619,0.00003047
1627082587233000,0,148.28965500,0.00003039
1627082765558000,1,770.13132999,0.00003068
1627082772490000,1,1013.18827471,0.00003062
1627082774701000,1,626.27190941,0.00003059
1627082813308000,0,780.39719326,0.00003042
1627082813866000,1,153.58316896,0.00003042
1627082813866000,1,558.37399502,0.00003040
1627083020514000,0,639.47940159,0.00003032
1627083041349000,0,723.84491586,0.00003035
1627083206016000,1,33.07972214,0.00003023
1627083270756000,0,176.73805601,0.00003040
1627083767930000,0,143.65833387,0.00003027
1627083792103000,0,143.49983460,0.00003023
1627083844079000,0,249.98820588,0.00002988
1627083844106000,0,450.46525886,0.00002988
1627083882224000,0,1012.33084400,0.00002986
1627084006401000,0,700.71668728,0.00002998
1627084006471000,1,927.83395005,0.00002994
1627084026245000,0,296.77310924,0.00002975
1627084028676000,1,249.99749130,0.00002970
1627084028676000,1,436.00565382,0.00002964
1627084051947000,0,883.03670647,0.00002958
1627084052501000,0,808.07546855,0.00002954
1627084054709000,0,642.38224794,0.00002957
1627084101860000,1,130.62385000,0.00002988
1627084102070000,1,1181.21973121,0.00002988
1627084150005000,0,249.93302076,0.00002986
1627084150234000,0,679.87484496,0.00002986
1627084151821000,1,842.56478039,0.00002991
1627084156907000,1,118.28846594,0.00002988
1627084485921000,0,343.81460487,0.00003014
1627084541175000,0,636.01697515,0.00003012
1627084542899000,0,224.01456748,0.00003011
1627084542945000,0,591.76346265,0.00003011
1627084557627000,0,135.62897500,0.00003014
1627084562285000,0,903.60418515,0.00003015
1627084718828000,1,741.84790077,0.00003037
1627084747303000,0,153.69361905,0.00003040
