timestamp ms,type,amount,price
1625184168096000,1,0.25000000,24309.2000
1625184189308000,0,0.00119000,24314.4200
1625184363658000,1,0.07680709,24429.9900
1625184432893000,0,0.00230000,24456.3200
1625184436342000,0,0.00633357,24485.5200
1625184436346000,0,0.00139046,24485.5200
1625184436764000,0,0.00234703,24493.0700
1625184437265000,0,0.00000001,24493.0700
1625184437463000,0,0.01400000,24500.0000
1625184437878000,0,0.00041260,24500.0000
1625184438805000,1,0.00143882,24499.6200
1625184448973000,0,0.25000000,24546.5500
1625184448973000,0,1.02900000,24547.7700
1625184451158000,1,0.00090000,24544.4900
1625184451158000,1,0.00090000,24536.9500
1625184451158000,1,0.00090000,24535.7400
1625184451158000,1,0.00033390,24535.7300
1625184476495000,0,0.00117000,24545.5500
1625184546283000,1,0.00155055,24556.6400
1625184563911000,1,0.00154915,24554.8600
1625184665972000,0,0.03000000,24588.0700
1625184667876000,0,0.03341369,24612.2700
1625184670610000,1,0.00090000,24599.3600
1625184670610000,1,0.00064728,24593.9500
1625184679043000,1,0.00154668,24621.2300
1625184687164000,1,0.00935162,24622.4900
1625184687164000,1,0.00935162,24622.4800
1625184687164000,1,0.05129676,24622.4800
1625184687245000,1,0.00948880,24622.4800
1625184709781000,0,0.03000000,24644.9600
1625184752566000,0,0.09675726,24643.4500
1625184752566000,0,0.07324274,24643.4600
1625184757338000,1,0.00218492,24633.1500
1625184775853000,1,0.00147130,24651.2200
1625184826886000,1,0.00230000,24621.1000
1625184826930000,1,0.08615453,24621.1000
1625184827050000,1,0.00863678,24613.5200
1625184827050000,1,0.02160178,24609.1100
1625184827050000,1,0.08843204,24609.0900
1625184827441000,1,0.05000000,24602.2200
1625184827529000,1,0.00615277,24602.2200
1625184827529000,1,0.00864071,24602.2200
1625184827529000,1,0.02160178,24602.2200
1625184847481000,1,0.00501180,24572.6800
1625184868681000,0,0.04145955,24589.4300
1625184868776000,0,0.02056868,24589.4300
1625184992730000,0,0.25000000,24616.9700
1625185112922000,1,0.00230000,24568.3400
1625185459287000,1,0.01443945,24575.5900
1625185459425000,1,0.00230000,24573.1300
1625185688263000,0,0.00391000,24555.7100
1625185727535000,0,0.00090000,24599.3100
1625185727535000,0,0.00129000,24603.4100
1625186430266000,0,0.00746390,24489.4500
1625186649946000,0,0.01832000,24489.4200
1625186695532000,0,0.00823000,24487.2300
1625186778442000,0,0.00115989,24489.7400
1625187009296000,0,0.00282000,24463.7800
1625187105737000,0,0.00157000,24457.4100
1625187110585000,0,0.00784000,24465.7200
1625187239981000,1,0.00088200,24445.1100
1625187242377000,1,0.04000000,24441.2900
1625187242410000,1,0.21000000,24441.2900
1625187242502000,1,0.00230000,24441.3100
1625187422720000,0,0.00651000,24504.5700
1625187513453000,0,0.08000000,24543.0500
1625187704839000,0,0.08896844,24521.0900
1625187950812000,0,0.00391000,24499.4300
1625187970304000,1,0.00123740,24473.6400
1625187974346000,0,0.25000000,24494.5200
1625188019911000,0,0.00919000,24488.2100
1625188059194000,0,0.08000000,24477.6100
1625188059217000,0,0.00910549,24477.6100
1625188116338000,0,0.08906554,24492.8700
1625188200410000,0,0.08000000,24496.2000
1625188200410000,0,0.00906180,24496.2000
1625188277016000,0,0.08908023,24484.1400
1625188277016000,0,0.25000000,24486.6800
1625188277016000,0,0.08091977,24486.7600
1625188300672000,1,0.00918106,24453.0300
1625188701016000,0,0.08925970,24437.3100
1625188748416000,1,0.06958154,24416.4700
1625189110056000,0,0.00153313,24341.8700
1625189238059000,0,0.00153492,24320.4500
1625189519067000,1,0.07891333,24302.1000
1625189526034000,1,0.00230000,24263.6100
1625189526413000,1,0.00600000,24262.4000
1625189529168000,0,0.00090000,24283.4500
1625189529168000,0,0.00063626,24286.1000
1625189539468000,0,0.00090000,24259.7000
1625189539468000,0,0.00063863,24260.5600
1625189731751000,1,0.00090000,24278.0300
1625189731751000,1,0.01910000,24273.2000
1625189892221000,0,0.00350786,24314.4100
1625190305672000,1,0.00090000,24266.5000
1625190445219000,0,0.00153944,24248.9800
1625190474854000,0,0.00154097,24219.5800
1625190559107000,1,0.08346025,24230.1900
1625190631641000,1,0.25000000,24232.1300
1625190769040000,1,0.09000000,24217.3800
1625191019454000,0,0.00090000,24169.6200
1625191019454000,0,0.00064372,24176.4700
1625191059149000,0,0.00154429,24171.6500
1625191099992000,1,0.25000000,24165.6200
1625191352640000,1,0.09006726,24187.8300
1625192721113000,0,0.00102861,24178.1900
1625192839024000,1,0.06000000,24149.4400
1625192839042000,1,0.03022375,24149.4400
1625194383928000,1,0.02168837,24144.9200
1625194384109000,1,0.01682019,24144.9200
1625194384528000,1,0.00116936,24144.9200
1625194392099000,1,0.00661642,24144.9200
1625194392599000,1,0.01014124,24144.9200
1625194392862000,1,0.00775410,24144.9200
1625194393145000,1,0.00230000,24144.9200
1625194393173000,1,0.00800000,24144.9200
1625194393954000,1,0.00328632,24144.9200
1625194394723000,1,0.09030326,24144.9200
1625194395345000,1,0.00302954,24144.9200
1625194395661000,1,0.00118741,24144.9200
1625194395802000,1,0.00119624,24144.9200
1625194396116000,1,0.09030326,24144.9200
1625194396280000,1,0.03620428,24144.9200
1625194505939000,1,0.00000001,24144.9200
1625195130285000,0,0.00795000,24142.8700
1625195288490000,0,0.00397000,24137.4300
1625195535291000,1,0.00247960,24072.3300
1625195535292000,1,0.00000001,24072.3300
1625195537867000,0,0.00154988,24085.6300
1625195549169000,0,0.00090000,24060.7000
1625195549169000,0,0.00065063,24066.5500
1625195554310000,0,0.00155227,24048.5900
1625195595477000,0,0.00155421,24018.5500
1625195598118000,1,0.00874469,23949.4300
1625195598118000,1,0.02102535,23933.3200
1625195598118000,1,0.05466591,23933.3200
1625195604293000,0,0.00311468,23939.4600
1625195718486000,1,0.02773643,23935.3600
1625196019494000,0,0.00155927,23940.6600
1625196091605000,0,0.01002000,23965.3200
1625196356320000,1,0.00260309,23909.6700
1625196359307000,1,0.25000000,23864.2100
1625196365262000,0,0.00156184,23901.1600
1625196376720000,0,0.00156192,23897.5600
1625196398355000,0,0.00156366,23867.9200
1625196416920000,1,0.05000000,23820.5800
1625196417058000,1,0.12000000,23820.5800
1625196448320000,1,0.25000000,23832.4100
1625196474229000,0,0.00156553,23835.0400
1625196489232000,1,0.00090000,23830.2900
1625196489232000,1,0.00114961,23824.3800
1625196532658000,0,0.01250328,23873.7200
1625196649481000,0,0.00148407,23904.6300
1625196739329000,0,0.22854802,23887.1400
1625196739329000,0,0.24145198,23887.1500
1625196835692000,0,0.01204000,23878.4200
1625197138335000,0,0.02200000,23923.0900
1625197325257000,1,0.00230000,23918.8100
1625197385418000,1,0.00119957,23891.8200
1625197449175000,0,0.00090000,23876.3600
1625197449175000,0,0.01115000,23878.6200
1625197486093000,0,0.10382662,23910.7500
1625197544896000,1,0.00505336,23899.2700
1625197569241000,0,0.04012000,23905.5100
1625197803798000,1,0.02200000,23912.5000
1625197815686000,1,0.00841095,23912.5000
1625197815736000,1,0.01241571,23912.5000
1625197815771000,1,0.01304671,23912.5000
1625197815782000,1,0.00655781,23912.5000
1625198047846000,1,0.09000000,23870.2600
1625198399848000,1,0.09113635,23909.4700
1625198882956000,1,0.01000000,23960.8600
1625199007938000,1,0.18000000,23925.4900
1625199123164000,0,0.00230000,23988.8100
1625199123212000,0,0.04101458,23988.7900
1625199123222000,0,0.09000000,23988.7900
1625199123451000,0,0.09091023,23993.6700
1625199123639000,0,0.09087731,24005.3300
1625199250348000,1,0.03700000,23962.3900
1625199264683000,1,0.00768714,23965.2400
1625199264683000,1,0.01700676,23965.2400
1625199264693000,1,0.01846257,23965.2400
1625199264693000,1,0.00887470,23965.2400
1625199264695000,1,0.00230000,23965.2400
1625199264713000,1,0.02774921,23965.2400
1625199264904000,1,0.00126474,23965.2500
1625199486316000,1,0.00090000,24059.0600
1625199486316000,1,0.00395429,24047.0500
1625199522142000,0,0.00305996,24075.9800
1625199522152000,0,0.01253915,24075.9800
1625199522244000,0,0.05000000,24075.9800
1625199522311000,0,0.02497054,24075.9800
1625199522428000,0,0.09061668,24092.8700
1625199549199000,1,0.00230000,24061.5100
1625199778508000,0,0.00199000,24086.0100
1625199834584000,1,0.09000000,24072.0200
1625199984550000,1,0.08204357,24052.2900
1625200085920000,0,0.09000000,24016.7400
1625200085929000,0,0.00075232,24016.7400
1625200139133000,0,0.04799835,23979.8200
1625200232091000,0,0.01456030,23995.5400
1625200232093000,0,0.00799201,23995.5400
1625200232093000,0,0.00906130,23995.5400
1625200232133000,0,0.21838639,23995.5400
1625200302169000,0,0.00200000,23992.7700
1625200329038000,0,0.01200000,23974.6200
1625200386171000,0,0.09000000,23952.2700
1625200526824000,1,0.09000000,23958.4200
1625200526857000,1,0.00091358,23958.4200
1625200624556000,1,0.09000000,23995.1100
1625200672670000,1,0.09000000,24002.1000
1625200682135000,1,0.09000000,23998.3800
1625200687540000,1,0.09000000,23994.9900
1625200709060000,1,0.09000000,23994.9500
1625200796081000,1,0.09064847,24030.2200
1625200804251000,1,0.09000000,24027.2300
1625200846014000,1,0.03000000,24001.2100
1625200894225000,1,0.01000000,24033.0700
1625200894356000,1,0.02135241,24033.0700
1625200894357000,1,0.05926111,24033.0700
1625200894357000,1,0.09061657,24032.8800
1625200928538000,1,0.09000000,24045.3000
1625200929127000,1,0.09000000,24040.7200
1625200929268000,1,0.00058753,24040.7200
1625200936662000,1,0.04000000,24046.7000
1625200936875000,1,0.09057838,24043.7900
1625201033741000,1,0.09000000,24014.5100
1625201034085000,1,0.09071175,24006.3500
1625201265461000,0,0.22854802,24053.2600
1625201988675000,1,0.12000000,24066.2600
1625202160055000,1,0.00090000,24106.0600
1625202160055000,1,0.00004240,24105.0300
1625202181081000,0,0.00203000,24117.5200
1625202248680000,0,0.00199000,24102.4100
1625202641426000,1,0.09000000,24064.1000
1625202679178000,0,0.00119000,24091.5000
1625202868088000,1,0.00588346,24022.2500
1625202868089000,1,0.04016569,24022.2500
1625202868321000,1,0.00994276,24013.3200
1625202889950000,1,0.00350354,24023.6500
1625202889952000,1,0.00995126,24023.6500
1625202889957000,1,0.00900585,24023.6500
1625203210024000,1,0.10854802,24036.7900
1625203210024000,1,0.00090000,24036.7600
1625203367203000,1,0.09000000,24055.6500
1625203584081000,1,0.03000000,24043.1000
1625203611778000,1,0.03000000,24022.9000
1625203734869000,1,0.09000000,24021.5300
1625203734890000,1,0.00066567,24021.5300
1625203743037000,1,0.09000000,24017.3900
1625203806511000,0,0.01198000,24017.4900
1625203808643000,0,0.00200000,24027.6000
1625203841878000,1,0.09061032,24032.0400
1625203961200000,1,0.03000000,23953.2600
1625203961331000,1,0.00700000,23953.2600
1625203961331000,1,0.09904037,23950.8900
1625203961331000,1,0.00974854,23947.9100
1625204054390000,0,0.02000000,23981.0300
1625204203866000,1,0.25000000,23951.9700
1625204203866000,1,0.09089424,23951.9100
1625204203866000,1,0.09089320,23947.2100
1625204203866000,1,0.00090000,23944.8900
1625204203866000,1,0.09769533,23941.2100
1625204203866000,1,0.00017074,23941.1900
1625204768632000,0,0.00322000,23857.4500
1625204794007000,0,0.00090000,23816.0500
1625204794007000,0,0.00066718,23819.7300
1625204795831000,0,0.09581672,23819.7200
1625204848458000,0,0.00090000,23807.9200
1625204848458000,0,0.00090000,23813.1900
1625204848458000,0,0.00223000,23814.5300
1625204905835000,1,0.44000000,23784.7200
1625204905920000,1,0.00100000,23784.7200
1625204906693000,1,0.00314853,23776.0300
1625204907441000,1,0.00558296,23776.0300
1625204907441000,1,0.01441704,23769.8700
1625204908259000,1,0.00741168,23769.8700
1625204908267000,1,0.00000001,23769.8700
1625204908325000,1,0.00100000,23767.8900
1625204908325000,1,0.05675469,23763.9900
1625204911108000,0,0.00156911,23781.8700
1625204912284000,0,0.03000000,23781.8700
1625205154847000,0,0.25000000,23850.2800
1625205154847000,0,0.09613280,23851.4700
1625205154847000,0,0.18392239,23851.4800
1625205199668000,1,0.09000000,23848.4800
1625205467026000,0,0.00099185,23871.8200
1625205702349000,0,0.00230000,23915.1500
1625205702358000,0,0.22079802,23915.1500
1625205732908000,0,0.00120000,23940.0900
1625206016233000,1,0.00095759,23889.5200
1625206157963000,0,0.00501000,23885.3600
1625206521890000,1,0.16000000,23818.2600
1625206613109000,0,0.04920771,23816.0000
1625206628326000,1,0.06854802,23780.1100
1625206628326000,1,0.23145198,23780.1000
1625206628666000,1,0.26000000,23780.1000
1625206967548000,1,0.00138771,23852.8600
1625207186944000,1,0.00804026,23769.4000
1625207186944000,1,0.09957853,23764.0800
1625207186944000,1,0.02009154,23764.0700
1625207186944000,1,0.05226171,23762.6600
1625207188681000,0,0.00225400,23771.8500
1625207485578000,1,0.06000000,23906.7600
1625207563079000,0,0.22854802,23939.8100
1625207933188000,1,0.00502905,23860.7200
1625207933404000,1,0.00412905,23860.3700
1625207933411000,1,0.00000001,23860.3700
1625207969684000,0,0.00245603,23859.2200
1625207995081000,0,0.00121000,23860.4200
1625208164824000,0,0.00406000,23877.1100
1625208169005000,0,0.00258589,23878.3000
1625208232462000,1,0.09000000,23900.5700
1625208316780000,0,0.04165168,23951.0100
1625208362133000,1,0.22854802,23935.2700
1625208380528000,1,0.00090000,23933.5700
1625208380528000,1,0.00310000,23928.6600
1625208383679000,0,0.00287000,23956.0600
1625208397727000,0,0.28000000,23923.9400
1625208397735000,0,0.10815922,23923.9400
1625208471004000,0,0.00240000,23939.9800
1625208881953000,0,0.00120000,23990.9100
1625209234580000,1,0.09103570,23935.9800
1625209333680000,0,0.00230000,24056.7900
1625209337360000,0,0.22854802,24076.1900
1625209340764000,1,0.14000000,24077.1000
1625209340767000,1,0.50900000,24077.1000
1625209504008000,0,0.00120000,24065.8900
1625209531983000,0,0.09000000,24047.8400
1625209532114000,0,0.09077350,24052.2600
1625209533619000,1,0.00229999,24048.8200
1625209533689000,1,0.00000001,24048.8200
1625209582055000,1,0.02000000,24047.1800
1625209611130000,0,0.00120000,24043.7000
1625209668527000,0,0.25000000,24045.8700
1625209752335000,1,0.00265001,24031.5800
1625210122442000,0,0.09000000,24050.4000
1625210122453000,0,0.00074496,24050.4000
1625210122796000,0,0.09070842,24066.9600
1625210169353000,0,0.00994000,24118.8000
1625210170652000,0,0.04177000,24118.8000
1625210195786000,1,0.00229999,24106.7400
1625210213008000,0,0.00090000,24119.1600
1625210213008000,0,0.00086580,24122.0600
1625210522043000,0,0.00398000,24071.3700
1625210584682000,0,0.00598000,24058.8700
1625210691889000,0,0.00206764,24061.1600
1625210767697000,0,0.00413197,24080.4800
1625210775517000,0,0.00230000,24085.6000
1625210804569000,1,0.22000000,24068.5100
1625211010119000,0,0.00090000,24077.2900
1625211010119000,0,0.01105000,24083.1500
1625211020059000,0,0.00637000,24073.5600
1625211074568000,0,0.25000000,24077.5200
1625211355727000,0,0.25000000,24077.5800
1625211355727000,0,0.09064543,24078.7800
1625211355782000,1,0.00230000,24078.8500
1625211355819000,1,0.09064543,24078.8500
1625211510953000,0,0.15000000,24092.7100
1625211697839000,0,0.00219000,24109.8100
1625211756209000,0,0.09048704,24118.6700
1625211756321000,1,0.09048704,24120.2400
1625211836031000,1,0.00156911,24137.1200
1625211915658000,0,0.00230000,24162.3900
1625211930045000,1,0.00156718,24168.7400
1625211939247000,1,0.00156553,24185.2100
1625211943505000,0,0.25000000,24239.3000
1625211943716000,0,0.25000000,24238.0800
1625211948527000,1,0.00090000,24292.2400
1625211948527000,1,0.00534669,24287.1700
1625211949257000,0,0.00090000,24327.3100
1625211949261000,1,0.00090000,24328.7400
1625211950613000,0,0.00230000,24317.5900
1625212033796000,0,0.08000000,24274.6900
1625212042383000,0,0.00366000,24298.5100
1625212108808000,0,0.00367000,24292.2000
1625212126757000,0,0.00158000,24282.3400
1625212190745000,1,0.01136550,24265.3200
1625212190769000,1,0.01193881,24265.3200
1625212191293000,1,0.00764395,24265.3500
1625212193012000,1,0.01360933,24265.3200
1625212193114000,1,0.08994319,24265.3200
1625212193896000,1,1.17314317,24265.3200
1625212213212000,0,0.08993179,24267.8600
1625212213226000,0,0.25000000,24270.7900
1625212213226000,0,0.08992138,24272.0000
1625212213283000,1,0.25000000,24272.5100
1625212213389000,1,0.81007862,24272.5100
1625212295917000,1,0.00311468,24303.4900
1625212298140000,0,0.00230000,24327.5700
1625212298162000,0,0.08745350,24327.5700
1625212298200000,0,0.08974449,24333.4400
1625212298554000,0,0.03700000,24340.5300
1625212373931000,1,0.08973675,24295.9800
1625212418325000,0,0.01905968,24303.1300
1625212418338000,0,0.02360272,24303.1300
1625212763076000,0,0.00741962,24265.6500
1625212767157000,0,0.02740710,24267.0900
1625212769591000,0,0.01410952,24269.5900
1625212778731000,0,0.00282971,24278.3300
1625212779228000,0,0.04204913,24278.3300
1625212779622000,0,0.00674880,24278.3300
1625212831089000,0,0.01304852,24268.0700
1625212844500000,0,0.00100783,24295.1300
1625212844505000,0,0.01259844,24295.1300
1625212877320000,1,0.15090407,24262.6000
1625212878993000,1,0.02153771,24262.4000
1625212878993000,1,0.01073190,24262.4000
1625212879236000,1,0.00669893,24262.4000
1625212879244000,1,0.04659081,24262.4000
1625212880133000,1,0.01677052,24262.4000
1625212880210000,1,0.01282043,24262.4000
1625212880269000,1,0.01695990,24262.4000
1625212881457000,1,0.02412131,24262.4000
1625212881698000,1,0.01758606,24262.4000
1625212881756000,1,0.00916578,24262.4000
1625212882317000,1,0.02001521,24262.4000
1625212882626000,1,0.00768580,24262.4000
1625212883053000,1,0.01355523,24262.4000
1625212883078000,1,0.02017088,24262.4000
1625212913509000,0,0.00090000,24227.8900
1625212913509000,0,0.00583000,24232.2600
1625212982810000,0,0.00090000,24230.1100
1625212982810000,0,0.00090000,24237.3800
1625212982810000,0,0.01047000,24238.1400
1625212984157000,0,0.00229999,24226.6300
1625212984295000,0,0.00000001,24226.6300
1625212986242000,1,0.00090000,24214.1400
1625212986242000,1,0.06490407,24211.7100
1625213040436000,1,0.04187967,24201.9000
1625213065683000,0,0.03780421,24238.2800
1625213065684000,0,0.19995057,24238.2800
1625213141792000,0,0.00090000,24226.8700
1625213141792000,0,0.00887273,24230.1400
1625213272419000,1,0.01883649,24198.0400
1625213333368000,1,0.25000000,24221.1600
1625213339481000,1,0.03000000,24216.4700
1625213340153000,1,0.03000000,24206.6000
1625213379200000,1,0.25000000,24217.0400
1625213379200000,1,0.08319914,24215.8300
1625213379629000,1,0.09000000,24211.8800
1625213379675000,1,0.00000314,24211.8800
1625213384583000,0,0.09003059,24228.6600
1625213547121000,1,0.25000000,24281.8300
1625213566955000,1,0.56000000,24275.3200
1625213567448000,1,0.00399999,24275.3200
1625213589961000,1,0.25000000,24319.1400
1625213634175000,1,0.04609900,24291.6900
1625213649427000,0,0.00197000,24300.3000
1625213659856000,0,0.00230000,24300.3000
1625213659939000,0,0.02200000,24300.3000
1625213716987000,0,0.00408955,24330.2600
1625213717140000,0,0.01513190,24330.2600
1625213718335000,0,0.00230000,24352.6100
1625213718509000,0,0.00845406,24352.6100
1625213718545000,0,0.52024594,24352.6100
1625213723290000,1,0.00155421,24374.5600
1625213730687000,1,0.00230000,24373.3500
1625213769446000,0,0.00602000,24369.0200
1625213784621000,0,0.03571769,24372.3000
1625213785650000,1,0.00225400,24375.3000
1625213799773000,1,0.00155227,24379.1500
1625213866412000,1,0.01000000,24394.8200
1625213866440000,1,0.18000000,24394.8200
1625213889165000,0,0.00090000,24403.7500
1625213889165000,0,0.00087000,24405.0600
1625213971903000,0,0.00090000,24392.0000
1625213971903000,0,0.00090000,24397.7900
1625213971903000,0,0.00469000,24400.4900
1625213986180000,0,0.01191000,24393.3700
1625214128349000,1,0.02200000,24336.7700
1625214128426000,1,0.24000000,24336.7700
1625214236857000,1,0.02825956,24341.2400
1625214249593000,0,0.01576000,24355.0700
1625214284453000,0,0.00157000,24358.3200
1625214305293000,0,0.03309000,24346.8900
1625214314854000,0,0.00197000,24347.9100
1625214334452000,1,0.00850000,24328.2400
1625214355614000,1,0.25000000,24313.0000
1625214355614000,1,0.08963726,24310.9800
1625214355614000,1,0.08965503,24305.9900
1625214355614000,1,0.00090000,24305.3800
1625214355614000,1,0.09718205,24302.3400
1625214355614000,1,0.00268085,24302.3300
1625214470183000,0,0.00090000,24315.1600
1625214470183000,0,0.00107000,24318.5800
1625214475547000,1,0.08968972,24296.5400
1625214475547000,1,0.25000000,24293.9900
1625214544397000,0,0.02093000,24269.1400
1625214573185000,0,0.00390000,24269.9200
1625214608294000,1,0.25000000,24259.8700
1625214608578000,1,0.51000000,24255.2400
1625214608623000,1,0.03700000,24255.2400
1625214652794000,0,0.00198000,24243.5100
1625214729378000,0,0.05402000,24254.5400
1625214751126000,1,0.42000000,24230.7100
1625214751139000,1,0.00400000,24230.7100
1625214773286000,0,0.00202000,24221.6100
1625214784766000,0,0.00178000,24231.1000
1625214837333000,0,0.00800000,24218.0500
1625214860831000,1,0.67000000,24194.5900
1625214860919000,1,0.00500000,24194.5900
1625215008260000,1,0.00090000,24239.5300
1625215008260000,1,0.00090000,24234.2500
1625215021036000,1,0.25000000,24219.4500
1625215161928000,0,0.00300000,24218.1800
1625215300121000,0,0.00198000,24208.5600
1625215301333000,0,0.00793000,24207.3500
1625215346977000,0,0.00090000,24207.7100
1625215346977000,0,0.00029000,24210.5900
1625215409679000,0,0.22464802,24211.9100
1625215409679000,0,0.03551736,24211.9300
1625215409993000,0,0.08000000,24215.6300
1625215429259000,0,0.01151228,24226.3000
1625215468725000,1,0.09000000,24212.1900
1625215509361000,0,0.00337000,24233.0000
1625215565135000,0,0.01265000,24258.5800
1625215627056000,0,0.03662000,24265.4600
1625215768493000,1,0.01598043,24259.0600
1625215768521000,1,0.01597997,24259.0600
1625215768540000,1,0.01597971,24259.0600
1625215768860000,1,0.03029634,24259.0600
1625215768882000,1,0.10022226,24259.0600
1625215768894000,1,0.37354129,24259.0600
1625215832135000,0,0.00090000,24307.5700
1625215832135000,0,0.00090000,24309.5200
1625215832135000,0,0.02582000,24318.4600
1625215890261000,0,0.01610000,24300.5000
1625216142725000,0,0.01147000,24245.4000
1625216233378000,0,0.00948000,24270.7500
1625216448428000,0,0.00100000,24252.3800
1625216516988000,0,0.00650000,24254.2900
1625216572982000,1,0.22854802,24264.1300
1625216572982000,1,0.08145198,24264.1200
1625216598266000,0,0.03661092,24253.1700
1625216614708000,0,0.00316000,24248.6000
1625216678250000,0,0.00979956,24221.5000
1625216678255000,0,0.00372542,24221.5000
1625216678260000,0,0.01461519,24221.5000
1625216678264000,0,0.01053667,24221.5000
1625216694826000,1,0.01000000,24225.2300
1625217014670000,0,0.00317000,24207.4600
1625217149055000,1,0.00800000,24169.6700
1625217296468000,0,0.00238394,24195.3200
1625217299345000,0,0.00928330,24195.3200
1625217333361000,1,0.10070660,24170.3200
1625217333386000,1,0.09021590,24169.1100
1625217369115000,0,0.01192000,24143.3300
1625217397667000,1,0.00712300,24098.9800
1625217397667000,1,0.00856955,24098.9800
1625217435876000,1,0.00624886,24095.7600
1625217435876000,1,0.09045017,24095.7500
1625217486736000,0,0.00208000,24093.4600
1625217489980000,0,0.00299000,24100.6500
1625217525700000,1,0.25000000,24067.1900
1625217526084000,1,0.00566806,24064.5300
1625217526084000,1,0.00566731,24052.2900
1625217526372000,1,0.03000000,24046.2400
1625217539650000,1,0.62200000,24031.8100
1625217539650000,1,0.63800000,24031.0600
1625217554256000,0,0.00090000,24056.4300
1625217554256000,0,0.00047734,24060.8600
1625217573583000,0,0.00137832,24042.5400
1625217586977000,1,0.25000000,24026.8100
1625217586977000,1,0.00540482,24025.6100
1625217586977000,1,0.17459518,24025.6000
1625217587852000,1,0.01351283,24018.5300
1625217590726000,1,0.53000000,24000.0000
1625217602080000,0,0.00137959,24016.6700
1625217700908000,0,0.02200000,24010.0500
1625217735810000,0,0.00138128,23992.2300
1625217737212000,1,0.23000000,23957.3300
1625217751418000,0,0.00160000,23968.7000
1625217751809000,0,0.00138263,23968.7000
1625217772067000,0,0.00444000,23976.7200
1625217816839000,1,0.11499596,23981.2000
1625217816839000,1,0.00090000,23980.9500
1625217854619000,1,0.09000000,23992.7700
1625218234830000,1,0.03000000,23958.7100
1625218241290000,0,0.00090000,23966.1900
1625218241290000,0,0.00113702,23970.4900
1625218266716000,0,0.00138372,23949.8900
1625218267427000,0,0.00320000,23949.8900
1625218277116000,0,0.00509000,23949.8900
1625218393829000,1,0.09000000,23939.6400
1625218395287000,1,0.02022688,23936.3200
1625218395392000,1,0.54177312,23936.3200
1625218432580000,0,0.00138516,23924.8800
1625218536168000,0,0.00176553,23943.2400
1625218639712000,1,0.09116857,23907.4500
1625218884271000,1,0.40000000,24036.1100
1625218888320000,1,0.00410319,24017.6600
1625218888323000,1,0.00960198,24017.6600
1625218888651000,1,0.00548521,24015.1000
1625218888688000,1,0.00000001,24015.1000
1625218927215000,0,0.00120000,24001.5200
1625218960721000,1,0.00757625,23973.3800
1625218961326000,1,0.00161565,23953.9200
1625218961326000,1,0.00426157,23953.9100
1625219002893000,1,0.09503868,23955.2000
1625219002893000,1,0.00090000,23953.5500
1625219005718000,1,0.00268018,23939.0100
1625219005887000,1,0.01053081,23939.0100
1625219006401000,1,0.01394584,23935.1500
1625219010728000,1,0.02040445,23935.1500
1625219010731000,1,0.00000001,23935.1500
1625219049917000,0,0.09117839,23926.5400
1625219049917000,0,0.00303161,23931.1700
1625219111439000,0,0.01141232,23976.7000
1625219390940000,1,0.09000000,23972.1800
1625219434746000,1,0.00240000,23965.3800
1625219442874000,0,0.00400000,23997.7900
1625219554997000,1,0.00129444,23991.1700
1625219626566000,0,0.00208000,24002.5500
1625219675522000,0,0.00938295,23993.1000
1625219705713000,0,0.01627687,23983.9100
1625219872961000,1,0.53000000,24002.0000
1625219888565000,0,0.00599000,23998.3100
1625219916154000,0,0.00101804,23982.8500
1625220002876000,1,0.09000000,23975.7500
1625220034263000,0,0.00913443,23965.3600
1625220069146000,0,0.00205000,23966.6200
1625220132702000,0,0.01602000,23949.5500
1625220150393000,1,0.09000000,23931.5000
1625220199901000,0,0.01201000,23969.2700
1625220296677000,1,0.00868221,23931.9400
1625220326866000,1,0.00868626,23926.2700
1625220338985000,0,0.00654000,23937.7300
1625220343990000,0,0.00090000,23929.9800
1625220343990000,0,0.00030000,23933.4400
1625220356381000,1,0.09000000,23888.8800
1625220397088000,0,0.00276847,23908.8300
1625220419514000,1,0.03000000,23859.4300
1625220419525000,1,0.11000000,23859.4300
1625220419542000,1,0.02000000,23859.4300
1625220419710000,1,0.05000000,23859.4300
1625220420749000,0,0.00138737,23886.7600
1625220434655000,0,0.02770191,23886.0700
1625220462790000,0,0.01726000,23892.4300
1625220490104000,0,0.02413263,23893.3700
1625220491761000,0,0.00986000,23902.4000
1625220535988000,1,0.09133190,23881.5100
1625220536029000,1,0.09135336,23877.0800
1625220606203000,1,0.03000000,23883.3300
1625220652860000,1,0.09123011,23906.9200
1625220652999000,1,0.27000000,23903.3200
1625220653021000,1,0.00569293,23906.9200
1625220653046000,1,0.08553718,23906.9200
1625220653081000,1,0.03274035,23903.3200
1625220653457000,1,0.03643603,23903.3200
1625220653638000,1,0.00904258,23903.3200
1625220653690000,1,0.02820579,23903.3200
1625220653728000,1,0.00283016,23903.3200
1625220653845000,1,0.28374509,23903.3200
1625220698179000,1,0.09000000,23866.1700
1625220698524000,1,0.09780318,23857.9700
1625220719549000,0,0.00138819,23872.7100
1625220822445000,0,0.00120000,23890.9300
1625220833131000,1,0.04739630,23883.3200
1625220833150000,1,0.01199744,23883.3200
1625220834125000,1,0.02200000,23877.0800
1625220834180000,1,0.06156172,23877.0800
1625220967393000,0,0.00208264,23887.9100
1625220996286000,1,0.00555326,23836.6600
1625220996286000,1,0.00556507,23832.9800
1625221143232000,1,0.09748791,23890.9800
1625221143232000,1,0.08251209,23890.9700
1625221159097000,0,0.00634075,23922.1300
1625221205409000,0,0.00400000,23949.0500
1625221316788000,1,0.01927883,23960.7600
1625221316852000,1,0.00897027,23960.7600
1625221316891000,1,0.01453865,23960.7600
1625221317038000,1,0.01899349,23960.7600
1625221317065000,1,0.01613854,23960.7600
1625221317919000,1,0.35608022,23960.7600
1625221330654000,0,0.00580000,23965.3600
1625221357864000,0,0.00123000,23922.5400
1625221421233000,1,0.52100000,23949.5000
1625221450715000,1,0.09000000,23959.4900
1625221451305000,0,0.00224000,23978.6200
1625221474920000,1,0.63300000,23948.9900
1625221512767000,0,0.00280000,23945.7000
1625221571220000,0,0.00288000,23940.1700
1625221590028000,0,0.01223695,23965.6700
1625221597950000,0,0.04119000,23975.2000
1625221659218000,0,0.03509353,23972.7900
1625221717646000,0,0.25000000,23968.0300
1625221717646000,0,0.09111944,23969.2200
1625221717646000,0,0.25000000,23972.2700
1625221717646000,0,0.09112516,23973.4600
1625221717646000,0,0.09110578,23978.9900
1625221717646000,0,0.05679505,23983.4800
1625221755161000,0,0.00280000,24003.0400
1625221756863000,1,0.00088200,23987.5100
1625221765322000,0,0.00403000,24001.8400
1625221779772000,0,0.00959000,24006.6100
1625221796480000,1,0.00088200,23992.4000
1625221886062000,1,0.02000000,24059.0900
1625221901995000,1,0.01000000,24045.4500
1625221955740000,1,0.00090000,24049.2400
1625221955740000,1,0.00090000,24045.6900
1625221955740000,1,0.08820000,24045.5800
1625221980395000,1,0.00090000,24055.9700
1625221992527000,1,0.10839317,24032.9200
1625222145463000,0,0.01280000,23979.6600
1625222181756000,0,0.00090000,23988.4700
1625222181756000,0,0.00510000,23992.5500
1625222182958000,1,0.09000000,23971.3400
1625222186162000,1,0.51000000,23966.2200
1625222482548000,1,0.00810231,23933.2500
1625222504970000,0,0.00090000,23978.9900
1625222504970000,0,0.00090000,23984.0100
1625222504970000,0,0.00090000,23989.1600
1625222504970000,0,0.00170000,23990.5400
1625222559538000,0,0.00720000,23984.8800
1625222590677000,1,0.09000000,23948.4700
1625222590831000,1,0.09114596,23943.7200
1625222649992000,0,0.00435000,23955.5900
1625222698518000,0,0.00307000,23973.9400
1625222830877000,1,0.25000000,23963.2300
1625222830877000,1,0.71000000,23962.6100
1625222840794000,1,0.04794127,23952.5500
1625222903966000,0,0.01073000,24011.7700
1625222973557000,1,0.00090000,23988.0400
1625222973557000,1,0.00090000,23986.8400
1625222973557000,1,0.00090000,23980.8400
1625222973557000,1,0.00521400,23976.0600
1625223020487000,1,0.25000000,23986.5300
1625223132863000,0,0.00090000,23994.2700
1625223132863000,0,0.00090000,23996.3200
1625223132863000,0,0.00220000,24006.2700
1625223202282000,1,0.03716140,23977.8000
1625223213452000,0,0.00124000,23973.5300
1625223224311000,1,0.00090000,23935.4100
1625223224311000,1,0.00090000,23932.3700
1625223224311000,1,0.00233871,23923.4500
1625223251314000,0,0.00090000,23963.9700
1625223251314000,0,0.00150000,23967.8000
1625223274594000,1,0.00090000,23940.7900
1625223274594000,1,0.01214702,23937.9400
1625223298675000,0,0.00090000,23957.0900
1625223298675000,0,0.00310000,23959.8700
1625223328660000,0,0.00408000,23959.8700
1625223468528000,1,0.09592004,24001.8200
1625223468528000,1,0.48407996,24001.5900
1625223481192000,0,0.00090000,24017.4900
1625223481192000,0,0.00309000,24017.7400
1625223546240000,0,0.00160000,24018.3300
1625223591440000,0,0.02058000,24003.4300
1625223625458000,0,0.00157833,24035.9300
1625223636279000,0,0.22716843,24038.8300
1625223636279000,0,0.02283157,24038.8400
1625223686567000,0,0.00301071,24026.1700
1625223883122000,0,0.00918000,24044.9500
1625223927286000,0,0.00230000,24110.2400
1625224003935000,0,0.00325000,24095.6800
1625224010355000,0,0.01990000,24094.4700
1625224017710000,0,0.00333655,24094.4700
1625224164462000,0,0.00090000,24070.8800
1625224164462000,0,0.00396000,24073.3400
1625224221277000,1,0.00090000,24066.9100
1625224221277000,1,0.01664676,24057.4500
1625224323257000,0,0.00328000,24103.4700
1625224330847000,0,0.00219000,24108.7800
1625224330904000,0,0.00119000,24108.7800
1625224339808000,0,0.00119000,24115.7000
1625224443527000,0,0.00230000,24137.5800
1625224443855000,0,0.09042286,24152.5300
1625224444221000,0,0.65900000,24157.3900
1625224467622000,0,0.00119000,24160.0900
1625224519327000,1,0.09027232,24147.9100
1625224690410000,0,0.00278000,24124.6100
1625224704758000,0,0.00205000,24112.7600
1625224819512000,1,0.05151764,24074.3100
1625224930619000,0,0.00374000,24101.1100
1625225123334000,0,0.00244000,24120.1700
1625225130222000,0,0.00755000,24123.8100
1625225140094000,1,0.06000000,24117.6000
1625225251063000,1,0.01201866,24093.5400
1625225272518000,0,0.00392015,24111.2900
1625225283473000,1,0.09000000,24095.5800
1625225290686000,0,0.00796000,24108.1200
1625225478932000,0,0.00090000,24043.8700
1625225512749000,0,0.01420736,24019.5000
1625225515389000,0,0.00230000,23993.2500
1625225515419000,1,0.03000000,23993.3800
1625225518495000,0,0.00090000,24006.2900
1625225518495000,0,0.00090000,24013.9500
1625225518495000,0,0.00020000,24016.9000
1625225589321000,1,0.01794565,23926.2900
1625225590716000,0,0.00394604,23953.1000
1625225595695000,1,0.07388762,23923.8800
1625225601410000,1,0.02091776,23918.2300
1625225601447000,1,0.01685135,23918.2300
1625225663485000,0,0.00203996,23954.9100
1625225743942000,1,0.12073797,23906.5300
1625225743942000,1,0.24926203,23906.5100
1625225768895000,0,0.04771000,23922.0300
1625225794834000,0,0.00401000,23920.2400
1625225839717000,0,0.00204000,23972.9200
1625225864189000,0,0.00400000,23977.1200
1625225931933000,0,0.09105374,23979.3100
1625225932063000,0,0.09104310,23983.1700
1625225932534000,0,0.09102848,23986.9800
1625225932534000,0,0.08897152,23990.8900
1625225937609000,0,0.08000000,23986.8600
1625225944049000,0,0.01259000,23988.3400
1625226126838000,0,0.00200000,23982.2000
1625226129033000,0,0.00748000,23978.6600
1625226133684000,0,0.00175000,23982.2000
1625226154996000,0,0.00351249,23990.7600
1625226254495000,0,0.01374000,24076.9700
1625226265028000,0,0.00518000,24057.0000
1625226445666000,0,0.00365071,24093.0000
1625226520368000,0,0.00230000,24102.0200
1625226606966000,0,0.00477000,24104.8400
1625226622022000,0,0.00199000,24090.4600
1625226626300000,1,0.00090000,24062.8000
1625226626300000,1,0.00711507,24057.7700
1625226716707000,0,0.00090000,24089.0800
1625226716707000,0,0.05981433,24095.7800
1625226794718000,0,0.00090000,24044.8100
1625226794718000,0,0.00247000,24049.2000
1625226866953000,1,0.00090000,24006.9100
1625226866953000,1,0.00090000,24000.9500
1625226866953000,1,0.00100935,23998.7000
1625226875744000,0,0.02000000,24038.5100
1625226893388000,1,0.00230000,23997.3000
1625226913105000,0,0.00200000,23993.3400
1625226935893000,0,0.00492000,23993.0700
1625226947798000,0,0.00180000,23969.5800
1625226947862000,0,0.00180000,23969.5800
1625226947963000,0,0.00180000,23969.5800
1625227357207000,0,0.00204000,23990.9000
1625227459665000,0,0.00279000,24036.7200
1625227515598000,1,0.03700000,23999.0400
1625227515598000,1,0.25000000,23999.0300
1625227515598000,1,0.09867177,23997.8300
1625227515598000,1,0.00090000,23996.8600
1625227515598000,1,0.09092700,23996.1100
1625227515598000,1,0.00929809,23991.6500
1625227515598000,1,0.00090000,23991.6300
1625227515598000,1,0.01230314,23989.2900
1625227558330000,0,0.00406000,24059.7800
1625227711147000,0,0.00090000,24043.7600
1625227711147000,0,0.00272000,24049.0700
1625227739091000,1,0.00860287,24009.6900
1625227752345000,0,0.02393000,24052.8800
1625227986701000,0,0.00400000,24004.8700
1625228069723000,0,0.00090000,23988.6700
1625228069723000,0,0.00723691,23990.6400
1625228087603000,1,0.01281496,23971.0000
1625228087604000,1,0.02438058,23971.0000
1625228138172000,0,0.00090000,23968.1000
1625228138172000,0,0.00116000,23969.1900
1625228243443000,0,0.00463000,24023.4200
1625228308690000,0,0.00488000,24042.1200
1625228530603000,0,0.00406871,23981.4700
1625228628012000,0,0.00220000,23962.8400
1625228630965000,1,0.00259064,23932.0700
1625228633115000,1,0.09108826,23930.5500
1625228679600000,0,0.00974000,23936.9100
1625228702882000,0,0.02004000,23929.5700
1625228781218000,1,0.00117991,23908.8500
1625228826869000,0,0.00801000,23941.1600
1625228937549000,0,0.00440000,23972.3500
1625229022740000,0,0.25000000,23952.4400
1625229051412000,0,0.02135237,23980.4800
1625229051424000,0,0.01695771,23980.4800
1625229051439000,0,0.01509623,23980.4800
1625229051450000,0,0.01641322,23980.4800
1625229051484000,0,0.00965668,23980.4800
1625229051486000,0,0.17052379,23980.4800
1625229051617000,0,0.00424092,23980.4700
1625229051633000,0,0.01300816,23980.4700
1625229086645000,1,0.00090000,24031.2100
1625229131476000,1,0.00090000,24000.4200
1625229131476000,1,0.00089999,23999.2400
1625229133186000,0,0.02200000,24011.8200
1625229133251000,0,0.00230000,24011.8200
1625229172483000,1,0.03404326,24076.0500
1625229172533000,1,0.01477770,24076.0500
1625229172755000,1,0.00102834,24076.0500
1625229173069000,1,0.02491270,24076.0500
1625229173100000,1,0.01656709,24076.0500
1625229174741000,1,0.00529122,24076.0500
1625229180406000,1,0.06692266,24063.8300
1625229221686000,0,0.00239000,24112.2900
1625229253970000,1,0.00090000,24017.0600
1625229253970000,1,0.00090000,24011.0500
1625229253970000,1,0.00035182,24005.0500
1625229268801000,0,0.00090000,24061.9600
1625229268801000,0,0.05284735,24066.9400
1625229435815000,0,0.00090000,24101.7000
1625229435815000,0,0.00090000,24106.8500
1625229435815000,0,0.00845000,24107.6800
1625229457031000,0,0.02910304,24105.0700
1625229476842000,1,0.06771339,24090.6100
1625229476843000,1,0.18228661,24090.6100
1625229476843000,1,0.00883521,24089.4200
1625229476843000,1,0.00826218,24089.4100
1625229477772000,1,0.00883521,24084.6000
1625229477899000,1,0.00230000,24079.4800
1625229479116000,1,0.00230000,24062.8000
1625229491703000,0,0.00379969,24064.4500
1625229505098000,1,0.00813545,24036.6800
1625229505098000,1,0.00813593,24031.8100
1625229505098000,1,0.00090000,24031.7800
1625229505098000,1,0.00444101,24026.4500
1625229506432000,0,0.00399000,24064.4500
1625229536473000,0,0.02073000,24057.6100
1625229543475000,0,0.00286244,24050.4000
1625229557340000,0,0.00120000,24074.2800
1625229568827000,1,0.09000000,24045.5600
1625229568887000,1,0.00400000,24045.5600
1625229574627000,1,0.00090000,24026.0500
1625229574627000,1,0.10999947,24024.0000
1625229574627000,1,0.09059609,24023.9900
1625229574627000,1,0.09062235,24019.0900
1625229574627000,1,0.01954102,24013.1300
1625229574627000,1,0.00782064,24013.1300
1625229574627000,1,0.00090000,24013.1200
1625229574627000,1,0.09063689,24012.7100
1625229574627000,1,0.08898354,24011.6800
1625229816745000,1,0.09630176,24040.1000
1625229816745000,1,0.00090000,24036.0100
1625229816745000,1,0.09055404,24035.4700
1625229816745000,1,0.09055961,24031.3300
1625229816745000,1,0.00090000,24030.1400
1625229816745000,1,0.09060145,24025.6000
1625229816745000,1,0.00831535,24024.2500
1625229816745000,1,0.00090000,24024.2400
1625229816745000,1,0.09061717,24020.5700
1625229816745000,1,0.02078629,24018.2600
1625229816745000,1,0.00650182,24018.2500
1625229867061000,0,0.01419753,24064.1300
1625229968050000,0,0.06189054,24074.8900
1625229968069000,0,0.00617819,24074.8900
1625229968070000,0,0.02239964,24074.8900
1625229988999000,0,0.00088200,24140.0200
1625229992376000,0,0.08000000,24160.3200
1625229992442000,0,0.00920747,24160.3200
1625229993399000,0,0.07898745,24165.8900
1625229993486000,0,0.01003077,24165.8900
1625229994704000,0,0.25000000,24177.1400
1625229994704000,0,0.00090000,24177.3000
1625229994704000,0,0.19910000,24178.3400
1625230074417000,1,0.25000000,24145.7700
1625230074417000,1,0.09016595,24144.5700
1625230074417000,1,0.00090000,24144.1300
1625230074417000,1,0.01047780,24137.6200
1625230074417000,1,0.00090000,24137.6100
1625230074417000,1,0.02620991,24133.5300
1625230074417000,1,0.09423565,24133.5200
1625230074417000,1,0.09011902,24133.5000
1625230074417000,1,0.06812094,24128.2400
1625230074417000,1,0.36887073,24128.2300
1625230091825000,0,0.00090000,24189.3200
1625230091825000,0,0.00030000,24190.1700
1625230093966000,1,0.00090000,24163.0900
1625230093966000,1,0.00090000,24161.9900
1625230093966000,1,0.09015186,24151.0200
1625230093966000,1,0.00090000,24150.1500
1625230093966000,1,0.71200000,24146.0900
1625230093966000,1,0.00929836,24145.1300
1625230093966000,1,0.02324591,24145.1300
1625230093966000,1,0.09018195,24144.0400
1625230093966000,1,0.03700000,24139.8600
1625230093966000,1,0.03542192,24139.8500
1625230127914000,1,0.00415177,24151.0300
1625230128815000,0,0.00090000,24185.5900
1625230128815000,0,0.00031000,24190.5900
1625230135141000,0,0.00088200,24180.8400
1625230167681000,0,0.15000000,24180.8200
1625230181470000,0,0.00090000,24186.5100
1625230181470000,0,0.00441000,24190.0400
1625230195236000,0,0.00088200,24179.9400
1625230220226000,0,0.00699723,24173.8400
1625230264724000,1,0.01800000,24151.7800
1625230293076000,0,0.01000000,24146.7800
1625230301464000,0,0.07939000,24161.6000
1625230301843000,1,0.09024586,24141.7100
1625230301843000,1,0.00090000,24136.9600
1625230301843000,1,0.16456889,24134.8500
1625230301843000,1,0.00849511,24134.8500
1625230301843000,1,0.09026546,24134.8400
1625230301843000,1,0.02123795,24129.5900
1625230301843000,1,0.05521867,24129.5900
1625230301843000,1,0.00090000,24129.5800
1625230301843000,1,0.09027890,24127.9200
1625230301843000,1,0.00090000,24123.9700
1625230301843000,1,0.03700000,24121.7600
1625230301843000,1,0.09028143,24121.7300
1625230301843000,1,0.34970773,24121.0000
1625230332369000,0,0.00088200,24138.7400
1625230466432000,0,0.02000000,24136.9100
1625230533473000,1,0.09021404,24136.8700
1625230533473000,1,0.09021404,24131.1000
1625230533473000,1,0.01154869,24127.4900
1625230533473000,1,0.00090000,24127.4800
1625230533473000,1,0.09026167,24126.3500
1625230533473000,1,0.16870758,24123.2300
1625230533473000,1,0.02887532,24123.2200
1625230533473000,1,0.25000000,24123.2100
1625230533473000,1,0.09025810,24122.4000
1625230533473000,1,0.07506900,24120.2700
1625230533473000,1,0.00090000,24120.2600
1625230533473000,1,0.09020864,24114.0100
1625230533473000,1,0.00090000,24113.8800
1625230533473000,1,0.01194292,24112.9400
1625230544632000,0,0.04000000,24159.0500
1625230560846000,1,0.09017040,24148.2100
1625230561874000,1,0.00936061,24148.2100
1625230593480000,1,0.09000000,24132.6500
1625230593519000,1,0.00018553,24132.6500
1625230593582000,1,0.00608102,24126.3600
1625230593592000,0,0.00230000,24132.4500
1625230593600000,1,0.00278098,24132.6600
1625230593638000,1,0.01071806,24132.6600
1625230593671000,1,0.01910239,24132.6600
1625230593744000,1,0.04373204,24132.6600
1625230870908000,1,0.09013165,24139.2100
1625230870908000,1,0.03684876,24136.0900
1625230871121000,1,0.01251380,24139.2100
1625230909681000,0,0.00425086,24122.0600
1625230977018000,0,0.02227348,24034.7800
1625231004131000,0,0.25000000,24048.4700
1625231049060000,0,0.00090000,24056.3900
1625231049060000,0,0.00090000,24062.1100
1625231049060000,0,0.00259000,24064.7200
1625231060034000,0,0.22854802,24066.1900
1625231060128000,0,0.12000000,24065.4800
1625231060186000,0,0.03000000,24067.4200
1625231060347000,0,0.03000000,24068.6200
1625231060365000,0,0.00700000,24068.6200
1625231060365000,0,0.11614375,24086.2900
1625231060365000,0,0.02986469,24086.3000
1625231072827000,0,0.07856841,24056.2800
1625231073015000,0,0.17000000,24056.2800
1625231073039000,0,0.00143159,24056.2800
1625231092643000,0,0.01000000,24072.9500
1625231092811000,0,0.04000000,24072.9500
1625231092844000,0,0.01000000,24072.9500
1625231093506000,0,0.19000000,24072.9500
1625231174674000,0,0.00716000,24102.3600
1625231200192000,0,0.00230000,24109.1600
1625231414467000,0,0.01621000,24139.1400
1625231417462000,0,0.07403943,24139.1400
1625231422539000,0,0.02070332,24152.8400
1625231423552000,0,0.03679203,24152.8400
1625231424689000,0,0.16522523,24164.4600
1625231462674000,0,0.04000000,24189.9900
1625231462680000,0,0.04000000,24189.9900
1625231463099000,0,0.01147178,24189.9900
1625231463099000,0,0.08852822,24190.0000
1625231463240000,0,0.04000000,24190.0000
1625231463266000,0,0.87147178,24190.0000
1625231474061000,1,0.03401264,24172.8500
1625231474187000,1,0.09542711,24172.8500
1625231474485000,1,0.01840312,24172.8500
1625231474690000,1,0.01796615,24172.8500
1625231474782000,1,0.00178590,24172.8500
1625231475566000,1,0.01366510,24172.8500
1625231475602000,1,0.01429751,24172.8500
1625231475625000,1,0.00145554,24172.8500
1625231475906000,1,0.05000000,24172.8500
1625231476745000,1,0.00298692,24172.8500
1625231476758000,1,0.00000001,24172.8500
1625231498625000,0,1.00000000,24200.0000
1625231518207000,0,0.01021000,24197.0200
1625231533541000,0,0.05360593,24200.6900
1625231550681000,0,0.25000000,24228.4200
1625231555322000,1,0.00138819,24219.0800
1625231563932000,1,0.00293564,24227.7200
1625231564077000,1,0.24706436,24227.7200
1625231578597000,1,0.00175048,24223.5000
1625231578796000,1,0.00813964,24223.5000
1625231578954000,1,0.00578038,24223.5000
1625231579138000,1,0.01347340,24223.5000
1625231579483000,1,0.01119718,24223.5000
1625231605747000,1,0.25000000,24216.6200
1625231635855000,1,0.00138737,24227.5300
1625231732252000,1,0.00138516,24263.0000
1625231741135000,1,0.00542199,24262.6300
1625231741380000,1,0.01195368,24262.6300
1625231891724000,0,0.00372000,24215.2300
1625231917451000,1,0.01689831,24193.7000
1625231930733000,1,0.00230000,24185.4600
1625232058143000,1,0.25000000,24161.1100
1625232081767000,1,0.00088200,24155.4300
1625232123238000,1,0.22854802,24157.8800
1625232146887000,0,0.01000000,24171.8400
1625232146913000,0,0.01000000,24171.8400
1625232184884000,0,0.00090000,24191.5100
1625232184884000,0,0.00090000,24199.0100
1625232184884000,0,0.00123000,24202.8000
1625232216216000,0,0.00238000,24190.0100
1625232223255000,0,0.02154562,24184.8400
1625232233445000,0,0.00090000,24186.4600
1625232233445000,0,0.09002492,24189.6100
1625232233445000,0,0.00090000,24192.4300
1625232233445000,0,0.04999177,24192.5500
1625232394429000,0,0.20429800,24195.5600
1625232394513000,0,0.04570200,24195.5600
1625232394513000,0,0.09006184,24196.7600
1625232394513000,0,0.06925425,24200.0200
1625232394603000,0,0.09004045,24201.2200
1625232394603000,0,0.11217690,24205.2500
1625232394603000,0,0.09003126,24205.2600
1625232394603000,0,0.03700000,24206.8200
1625232394603000,0,0.04860188,24209.6400
1625232394690000,0,0.09006184,24196.7600
1625232394690000,0,0.00393193,24209.6400
1625232404887000,0,0.06143341,24195.5600
1625232404976000,0,0.06238287,24195.5600
1625232405092000,0,0.06964037,24195.5600
1625232405181000,0,0.05654335,24195.5600
1625232405181000,0,0.03700000,24205.2500
1625232405181000,0,0.01146083,24205.2600
1625232409314000,0,0.06955444,24204.0600
1625232415401000,0,0.25000000,24212.7800
1625232415401000,0,0.09000114,24218.2800
1625232415401000,0,0.04080494,24222.5200
1625232415488000,0,0.02648671,24222.5200
1625232415576000,0,0.02276206,24222.5200
1625232415576000,0,0.01610129,24227.1900
1625232415664000,0,0.22457158,24221.3100
1625232425854000,0,0.00321299,24217.0700
1625232425940000,0,0.21393068,24217.0700
1625232426029000,0,0.03285633,24217.0700
1625232426029000,0,0.09000114,24218.2800
1625232426029000,0,0.02542842,24221.3100
1625232426029000,0,0.09005371,24222.5200
1625232426029000,0,0.07394612,24227.1900
1625232426029000,0,0.08971132,24228.2400
1625232426116000,0,0.38636837,24228.2400
1625232426207000,0,0.02451644,24218.2800
1625232436416000,0,0.05011989,24244.2500
1625232436505000,0,0.07805373,24244.2600
1625232436611000,0,0.11946396,24244.2500
1625232436699000,0,0.05888276,24244.2500
1625232446956000,0,0.03700000,24256.2900
1625232446956000,0,0.11068319,24262.1700
1625232446956000,0,0.00483929,24262.1800
1625232447042000,0,0.08510138,24262.1800
1625232447042000,0,0.00090000,24268.3900
1625232447042000,0,0.09349775,24273.3900
1625232447042000,0,0.06222471,24273.4000
1625232449375000,1,0.09146757,24227.5200
1625232449409000,1,0.00186668,24227.5200
1625232567443000,0,0.02136420,24228.0700
1625232610417000,0,0.00633000,24248.3400
1625232799371000,1,0.25000000,24126.4900
1625232880334000,0,0.13197677,24183.5400
1625232880573000,0,0.02200000,24183.5400
1625232937975000,0,0.09070372,24229.0800
1625232938073000,0,0.08410603,24229.0800
1625232938073000,0,0.09000221,24229.6100
1625232938073000,0,0.23128459,24233.4100
1625232948275000,0,0.00811522,24242.5200
1625232948364000,0,0.04057614,24242.5200
1625232948458000,0,0.15332111,24242.5200
1625232948547000,0,0.04798753,24242.5200
1625232948547000,0,0.02715923,24243.7400
1625232948634000,0,0.06285781,24243.7400
1625232948634000,0,0.09001305,24246.5900
1625232948634000,0,0.03700000,24251.7000
1625232948634000,0,0.09000169,24251.7100
1625232948634000,0,0.58800000,24254.6500
1625232948634000,0,0.02744134,24260.6700
1625232958837000,0,0.08995881,24233.9100
1625232958837000,0,0.25000000,24237.5000
1625232958837000,0,0.08994748,24238.7100
1625232958837000,0,0.21693959,24241.7500
1625232958951000,0,0.40436922,24241.7500
1625232959044000,0,0.04078610,24241.7500
1625232959133000,0,0.00834996,24241.7500
1625232959223000,0,0.00916624,24240.5400
1625232959313000,0,0.00275522,24240.5400
1625232969611000,0,0.07759273,24242.5300
1625232969857000,0,0.17240727,24242.5300
1625232969857000,0,0.01221646,24243.7400
1625232969967000,0,0.07780058,24243.7400
1625232969967000,0,0.09001305,24246.5900
1625232969967000,0,0.03700000,24253.9200
1625232969967000,0,0.08998374,24254.3500
1625232969967000,0,0.00042920,24255.5200
1625232970087000,0,0.15364080,24255.5200
1625232970087000,0,0.08996412,24259.1600
1625232970087000,0,0.04946438,24263.1900
1625232970183000,0,0.04048940,24263.1900
1625232970183000,0,0.10900000,24289.2700
1625232970183000,0,0.00130785,24289.2800
1625232980395000,0,0.06102636,24261.9800
1625232980491000,0,0.03061362,24261.9800
1625232980584000,0,0.02372950,24261.9800
1625232980677000,0,0.04140025,24261.9800
1625232980762000,0,0.09323027,24261.9800
1625232980762000,0,0.04087187,24267.9900
1625232990983000,0,0.04066826,24286.5200
1625232991077000,0,0.05896899,24286.5200
1625232991169000,0,0.04051200,24286.5200
1625233011596000,0,0.02382287,24263.0000
1625233140263000,0,0.00119000,24223.5000
1625233219841000,1,0.03000000,24191.6300
1625233283395000,0,0.00194864,24252.7000
1625233329769000,1,0.02200000,24230.9500
1625233335718000,1,0.00867175,24230.9500
1625233336758000,1,0.02607434,24230.9500
1625233337128000,1,0.03048866,24230.9500
1625233337130000,1,0.01224031,24230.9500
1625233337391000,1,0.01833355,24230.9500
1625233337409000,1,0.03423380,24230.9500
1625233337823000,1,0.00580669,24230.9500
1625233338702000,1,0.74215090,24230.9500
1625233438941000,1,0.18624773,24222.7900
1625233438962000,1,0.00380097,24222.7900
1625233450263000,0,0.01108000,24228.3300
1625233532977000,0,0.00403019,24273.1600
1625233550144000,0,0.00230000,24300.0000
1625233550148000,0,0.11804358,24300.0000
1625233550412000,0,0.03286109,24300.0000
1625233550616000,1,0.00138372,24293.7400
1625233552294000,0,0.02200000,24300.0000
1625233552333000,0,0.82479533,24300.0000
1625233584539000,1,0.00825704,24301.7300
1625233589073000,1,0.00138263,24301.9000
1625233600712000,1,0.25000000,24334.7100
1625233608461000,1,0.00090000,24332.0900
1625233608461000,1,0.00048128,24327.5300
1625233623201000,1,0.00127887,24328.7500
1625233623384000,0,0.06082000,24354.5200
1625233627355000,1,0.00200000,24365.1300
1625233642063000,1,0.00230000,24356.3400
1625233642112000,1,0.08640113,24357.5400
1625233642152000,1,0.02000000,24357.5400
1625233642216000,1,0.00137959,24357.5400
1625233642218000,1,0.03682238,24357.5400
1625233642224000,1,0.03827820,24357.5400
1625233642299000,1,0.02935529,24357.5400
1625233642336000,1,0.03776341,24357.5400
1625233655075000,1,0.25000000,24345.8700
1625233683695000,0,0.01602991,24346.6200
1625233696707000,0,0.00230000,24348.6800
1625233706605000,1,0.24588200,24349.7100
1625233708186000,1,0.25000000,24338.4900
1625233711718000,1,0.00088200,24348.6800
1625233726348000,0,0.00870046,24360.8400
1625233763804000,0,0.10238846,24358.3100
1625233833561000,0,0.25000000,24342.5300
1625233880778000,1,0.00274656,24346.2800
1625233894313000,0,0.02525945,24358.9000
1625233894402000,0,0.18042470,24358.9000
1625234020041000,1,0.01000000,24330.0700
1625234025224000,1,0.25000000,24326.2900
1625234028252000,1,0.01000000,24323.4900
1625234032849000,1,0.01000000,24318.2300
1625234033027000,1,0.02000000,24318.2300
1625234033138000,1,0.02000000,24318.2300
1625234033176000,1,0.04000000,24318.2300
1625234040088000,1,0.01000000,24318.2300
1625234040282000,1,0.02000000,24318.2300
1625234048647000,1,0.00090000,24314.9600
1625234057071000,0,0.00971505,24324.1100
1625234092238000,1,0.00000001,24301.7300
1625234101832000,1,0.25000000,24286.9900
1625234138209000,1,0.06000000,24280.5900
1625234148645000,1,0.25000000,24277.1400
1625234204913000,1,0.01197347,24299.1400
1625234210674000,1,0.25000000,24298.4700
1625234217595000,1,0.25000000,24294.8600
1625234306516000,1,0.25000000,24286.4600
1625234310204000,1,0.25000000,24287.6700
1625234345406000,0,0.08965567,24299.3800
1625234345406000,0,0.06484454,24302.6400
1625234409977000,0,0.00090000,24326.1100
1625234409977000,0,0.00162000,24328.0800
1625234591173000,0,0.00090000,24319.6400
1625234591173000,0,0.03700000,24330.1900
1625234591173000,0,0.00090000,24330.2000
1625234591173000,0,0.08963242,24336.1500
1625234591173000,0,0.25000000,24341.1600
1625234591173000,0,0.08961714,24342.4800
1625234591173000,0,0.10900000,24348.6800
1625234591173000,0,0.08965058,24348.6900
1625234591173000,0,0.08962473,24354.1400
1625234591173000,0,0.08961939,24360.6300
1625234591173000,0,0.11600000,24363.5900
1625234591173000,0,0.03224210,24374.4000
1625234656183000,0,0.00229999,24249.4400
1625234656186000,0,0.00000001,24249.4400
1625234658768000,0,0.32000000,24285.5700
1625234658789000,0,0.05000000,24285.5700
1625234658812000,0,0.02200000,24285.5700
1625234658995000,0,0.20100000,24285.5700
1625234800199000,1,0.03000000,24279.1600
1625234950541000,1,0.03626000,24252.1300
1625234976408000,1,0.01525211,24263.8400
1625234976469000,1,0.02200000,24263.8400
1625234976474000,1,0.00469682,24263.8400
1625235006426000,1,0.00200000,24234.4200
1625235116733000,1,0.24500000,24239.6800
1625235157798000,1,0.00088200,24252.8500
1625235206891000,0,0.01210088,24271.5300
1625235247085000,0,0.14616689,24257.4200
1625235254215000,0,0.05793000,24257.4200
1625235257276000,1,0.00090000,24234.1900
1625235257276000,1,0.00531129,24233.3100
1625235309168000,1,0.00088200,24244.5900
1625235309573000,1,0.00088200,24246.2500
1625235309858000,1,0.00001800,24246.2500
1625235367699000,1,0.00126006,24170.7600
1625235425699000,1,0.25000000,24209.5400
1625235425852000,1,0.09336519,24208.3300
1625235494375000,0,0.00204431,24247.7500
1625235505270000,1,0.00088200,24237.1900
1625235528040000,1,0.25000000,24233.5200
1625235560713000,1,0.00088200,24253.5400
1625235729384000,0,0.00090000,24298.9500
1625235729384000,0,0.03030000,24310.8800
1625235739230000,0,0.00592000,24309.0700
1625235782111000,0,0.00731000,24320.5100
1625235811810000,1,0.08000000,24310.7700
1625235844308000,1,0.00088200,24325.6200
1625235844500000,1,0.00001800,24325.6200
1625235848154000,0,0.13780325,24342.6500
1625235974391000,1,0.09000000,24263.2200
1625236044670000,0,0.01096000,24328.6900
1625236099633000,1,0.02316145,24341.7200
1625236099656000,1,0.00891186,24341.7200
1625236126485000,1,0.03000000,24322.1000
1625236157139000,1,0.02938609,24308.1300
1625236173791000,0,0.02200000,24335.9400
1625236226525000,0,0.05000000,24382.5900
1625236226528000,0,0.07000000,24382.5900
1625236257748000,0,0.00232114,24428.5100
1625236257751000,0,0.00000001,24428.5100
1625236258749000,0,0.25000000,24445.8600
1625236260995000,1,0.00295253,24431.7100
1625236267994000,1,0.25000000,24439.0900
1625236270181000,1,0.25000000,24431.1400
1625236279128000,0,0.04876923,24488.3800
1625236282049000,1,0.00154988,24447.9800
1625236290194000,0,0.00090000,24481.5300
1625236290194000,0,0.02323000,24484.6700
1625236297722000,1,0.00090000,24450.1800
1625236297722000,1,0.00089999,24446.8100
1625236302791000,1,0.00000001,24446.8100
1625236302791000,1,0.00090000,24443.6100
1625236302925000,0,0.00155519,24437.9700
1625236435484000,1,0.08000000,24411.3500
1625236435517000,1,0.00919951,24411.3500
1625236454021000,1,0.00897410,24399.5500
1625236532392000,0,0.00090000,24410.7200
1625236532392000,0,0.00892000,24411.7300
1625236666732000,1,0.08000000,24373.2900
1625236666793000,1,0.00936169,24373.2900
1625236691472000,0,0.00405000,24390.3400
1625236712135000,1,0.08000000,24370.8100
1625236712182000,1,0.00936044,24370.8100
1625236716409000,1,0.08000000,24365.7400
1625236717090000,1,0.00583959,24365.7400
1625236717496000,1,0.00089670,24365.7400
1625236717539000,1,0.06000000,24362.9600
1625236717754000,1,0.10000000,24362.9600
1625236726433000,1,0.02000000,24358.1700
1625236726459000,1,0.06939359,24358.1700
1625236739379000,1,0.03000000,24349.8400
1625236739387000,1,0.00700000,24349.8400
1625236753757000,1,0.00230000,24365.5400
1625236757987000,0,0.00090000,24376.1500
1625236770247000,0,0.00090000,24374.1600
1625236770247000,0,0.04318146,24378.8400
1625236785199000,0,0.00122000,24370.0700
1625236809478000,1,0.08936607,24354.9800
1625236809478000,1,0.00090000,24351.5100
1625236809478000,1,0.09211816,24350.9400
1625236809478000,1,0.08938090,24350.9300
1625236809478000,1,0.03700000,24347.0300
1625236809478000,1,0.08939010,24347.0000
1625236809478000,1,0.00090000,24346.2000
1625236809478000,1,0.08940173,24342.1300
1625236809478000,1,0.00897879,24339.2300
1625236809478000,1,0.00090000,24339.2200
1625236809478000,1,0.08936460,24336.0900
1625236809478000,1,0.02244715,24333.6500
1625236809478000,1,0.46500000,24333.6400
1625236809478000,1,0.05836499,24331.5600
1625236809478000,1,0.10900000,24331.5500
1625236809478000,1,0.01383464,24314.6700
1625236809478000,1,0.35900000,24296.8800
1625236809478000,1,1.88465287,24296.8700
1625236810432000,0,0.00090000,24374.5600
1625236810432000,0,0.01913702,24376.4500
1625236847565000,0,0.01135844,24387.0400
1625236847595000,0,0.02208124,24387.0400
1625236863157000,1,0.01000000,24375.6700
1625236863161000,1,0.00006813,24375.6700
1625236896828000,0,0.00275000,24369.6900
1625236900644000,0,0.00090000,24367.8000
1625236900644000,0,0.24136411,24368.4700
1625236973021000,1,0.01000000,24348.2700
1625236973102000,1,0.00009000,24348.2700
1625237011479000,1,0.00743820,24342.0500
1625237023440000,1,0.00314431,24354.4400
1625237023938000,1,0.00006417,24354.4400
1625237051309000,0,0.03005126,24354.0800
1625237061702000,1,0.08000000,24333.1900
1625237061787000,1,0.00945309,24333.1900
1625237103696000,1,0.00222383,24331.8300
1625237267116000,0,0.01579000,24299.8200
1625237439614000,0,0.00354000,24351.2100
1625237447646000,0,0.04845887,24337.1200
1625237447657000,0,0.00230000,24337.1200
1625237452002000,0,0.05116999,24353.1000
1625237489101000,0,0.00197000,24355.2200
1625237639748000,0,0.00591000,24353.6500
1625237683129000,0,0.00394000,24331.7200
1625237804669000,0,0.00158000,24341.1500
1625237983746000,0,0.05593638,24337.2700
1625238011973000,0,0.00090000,24429.8200
1625238011973000,0,0.00040000,24435.9200
1625238075429000,1,0.00090000,24404.9500
1625238086047000,1,0.06948192,24401.9200
1625238172933000,1,0.01911388,24358.6100
1625238190699000,0,0.53000000,24381.5600
1625238361565000,1,0.00898308,24367.9900
1625238381192000,0,0.00090000,24382.4300
1625238381192000,0,0.00303000,24386.2000
1625238484124000,0,0.00610000,24375.9900
1625238504363000,0,0.00787000,24375.9900
1625238521361000,0,0.00315000,24378.2400
1625238685031000,1,0.00090000,24326.8500
1625238685031000,1,0.00227184,24323.6200
1625238686095000,1,0.00219999,24329.7900
1625238686095000,1,0.00000001,24329.7900
1625238857564000,0,0.03000000,24313.9300
1625238858492000,0,0.00700000,24313.9300
1625238858492000,0,0.41300000,24317.5700
1625238858535000,0,0.00800000,24317.5700
1625238903786000,1,0.00230000,24303.2000
1625238954796000,1,0.02584103,24265.3100
1625238954800000,1,0.04424852,24265.3100
1625238954824000,1,0.00230000,24265.3100
1625238954832000,1,0.01722971,24265.3100
1625239014462000,0,0.00230000,24249.8100
1625239233686000,0,0.00534000,24255.9400
1625239249514000,0,0.03896209,24261.2700
1625239336709000,1,0.02080000,24248.9800
1625239396917000,1,0.04427600,24246.4500
1625239477331000,1,0.01629355,24255.4300
1625239484684000,0,0.00158000,24276.7000
1625239493045000,0,0.00158000,24286.5800
1625239619133000,1,0.01000000,24238.1900
1625239623963000,1,0.08000000,24237.3900
1625239624033000,1,0.00974497,24237.3900
1625239781065000,0,0.06649786,24224.1000
1625239781120000,0,0.03000000,24224.1000
1625239794877000,0,0.00178000,24256.5600
1625239858503000,0,0.00386000,24280.8300
1625240166129000,0,0.00209810,24294.6200
1625240166148000,0,0.01197615,24294.6200
1625240167033000,0,0.02000000,24307.6600
1625240167260000,0,0.00300000,24307.6600
1625240167275000,0,0.41000000,24307.6600
1625240167492000,0,0.08800000,24307.6600
1625240228391000,0,0.03700000,24323.2100
1625240228391000,0,0.04320868,24327.2200
1625240318626000,0,0.13269354,24315.0000
1625240352013000,0,0.00592000,24296.2500
1625240360627000,0,0.00090000,24294.6500
1625240360627000,0,0.00147000,24296.2500
1625240418866000,0,0.07039702,24323.0200
1625240582463000,0,0.01480752,24304.0800
1625240582494000,0,0.00230000,24305.2900
1625240597841000,0,0.03700000,24321.9700
1625240597841000,0,0.00090000,24322.3400
1625240597841000,0,0.00090000,24328.1700
1625240597841000,0,0.00993000,24333.0500
1625240650917000,0,0.00877190,24317.9900
1625240679460000,0,0.15263450,24344.7800
1625240689741000,0,0.01183000,24329.9500
1625240779888000,0,0.02724939,24311.9900
1625240890773000,0,0.01559243,24321.1400
1625240936946000,0,0.08945912,24327.5500
1625240936946000,0,0.00481088,24331.2700
1625241081236000,0,0.01805998,24332.6300
1625241141185000,0,0.03690775,24330.9300
1625241181613000,0,0.00262873,24317.8600
1625241278882000,0,0.00197000,24309.2500
1625241325281000,0,0.00769000,24334.1100
1625241382443000,0,0.00197000,24346.3500
1625241441940000,1,0.00230000,24362.7600
1625241441940000,1,0.00032873,24352.0200
1625241465553000,0,0.00090000,24399.3200
1625241465553000,0,0.01875000,24403.3900
1625241572207000,1,0.00090000,24404.3100
1625241572207000,1,0.00110000,24400.4000
1625241597587000,0,0.20000000,24437.2000
1625241597602000,0,0.05000000,24437.2000
1625241598331000,1,0.00225400,24448.9100
1625241626606000,0,0.00314000,24461.8100
1625241642603000,0,0.01412000,24447.8400
1625241650056000,0,0.00118000,24430.2400
1625241802530000,0,0.20011856,24404.0800
1625241802618000,0,0.04988144,24404.0800
1625241802618000,0,0.06659178,24405.2900
1625241852853000,1,0.00090000,24362.1100
1625241852853000,1,0.01410000,24361.5500
1625241852941000,0,0.01068930,24385.8900
1625242028183000,0,0.01692000,24376.9200
1625242109033000,0,0.00119000,24369.2200
1625242166875000,0,0.00090000,24366.5700
1625242166875000,0,0.25000000,24370.7800
1625242166875000,0,0.00090000,24371.9900
1625242166875000,0,0.09778411,24378.8400
1625242166875000,0,0.05966758,24378.8500
1625242186262000,0,0.00465535,24341.6600
1625242193267000,0,0.00197000,24341.6600
1625242210400000,0,0.00197000,24347.5100
1625242245623000,1,0.00294981,24318.7400
1625242254994000,0,0.00090000,24333.9300
1625242254994000,0,0.04009084,24334.9700
1625242275935000,1,0.00150000,24310.4200
1625242279844000,1,0.00002006,24310.4200
1625242279844000,1,0.00090000,24288.2500
1625242279844000,1,0.02896006,24284.0900
1625242329223000,0,0.00394000,24334.1600
1625242512618000,0,0.07273892,24391.5200
1625242733437000,0,0.00885000,24378.1900
1625242839308000,0,0.00090000,24420.7300
1625242839308000,0,0.00122000,24424.2400
1625242872180000,0,0.00230000,24449.3600
1625242872230000,0,0.44770000,24449.3600
1625242874473000,0,0.09300000,24487.8100
1625242876740000,1,0.00090000,24471.5900
1625242876740000,1,0.00064738,24465.7400
1625242877670000,0,1.00000000,24500.0000
1625242877670000,0,0.12000000,24500.0000
1625242912427000,0,0.00090000,24416.5700
1625242912427000,0,0.00090000,24416.5800
1625242912427000,0,0.00090000,24419.4300
1625242912427000,0,0.00633000,24428.7800
1625242921816000,0,0.00090000,24406.1300
1625242921816000,0,0.19118728,24409.4400
1625242930246000,0,0.00090000,24421.0800
1625242930246000,0,0.16405000,24421.5800
1625242930890000,0,0.00090000,24421.3300
1625242930890000,0,0.00243000,24421.5800
1625243019450000,1,0.00248658,24333.2500
1625243019450000,1,0.00090000,24330.9800
1625243019450000,1,0.18100213,24326.9400
1625243054396000,0,0.01182000,24346.3400
1625243065014000,1,0.00090000,24308.9200
1625243065014000,1,0.00040000,24308.1000
1625243092761000,0,0.00985000,24352.5700
1625243154754000,0,0.00236000,24347.0900
1625243230879000,0,0.17864213,24333.8600
1625243255538000,0,0.00090000,24374.8000
1625243255538000,0,0.04109228,24376.1600
1625243305960000,0,0.08932635,24368.4800
1625243305960000,0,0.10016831,24372.8700
1625243305960000,0,0.01089393,24372.8800
1625243306047000,1,0.00152776,24346.5100
1625243343597000,1,0.00088200,24339.7300
1625243344167000,1,0.00088200,24332.8700
1625243344455000,1,0.00001800,24332.8700
1625243421677000,0,0.01971000,24329.0800
1625243456619000,0,0.02410312,24318.3600
1625243563805000,0,0.00090000,24296.7300
1625243563805000,0,0.00028000,24301.6400
1625243601352000,0,0.01183000,24313.1200
1625243780531000,0,0.00395000,24295.1200
1625243780767000,0,0.00395000,24295.1200
1625244073744000,0,0.00494000,24282.1500
1625244268817000,0,0.00090000,24283.8400
1625244268817000,0,0.00007583,24289.8000
1625244299029000,0,0.08965944,24267.5200
1625244299029000,0,0.08077236,24272.3700
1625244389730000,0,0.01974000,24294.6300
1625244479314000,0,0.00090000,24338.7300
1625244479314000,0,0.00090000,24345.5700
1625244479314000,0,0.01750216,24349.5600
1625244588228000,1,0.08000000,24358.5100
1625244588263000,1,0.00926436,24358.5100
1625244589559000,1,0.05000000,24358.5100
1625244590424000,1,0.03000000,24358.5100
1625244590426000,1,0.00926436,24358.5100
1625244593792000,1,0.08748591,24357.1500
1625244593795000,1,0.00178543,24357.1500
1625244596049000,1,0.03822000,24357.1500
1625244596112000,1,0.05105134,24357.1500
1625244613441000,0,0.00590000,24370.3500
1625244659777000,1,0.00090000,24346.2300
1625244659777000,1,0.00090000,24339.7900
1625244659777000,1,0.01550000,24339.3200
1625244732142000,1,0.07000000,24334.2800
1625244849558000,0,0.02254811,24381.9300
1625244850342000,0,0.06000000,24393.0200
1625245071615000,0,0.01181000,24373.1900
1625245074368000,0,0.00588000,24373.1900
1625245078781000,1,0.08000000,24353.9500
1625245106159000,0,0.00281000,24368.5400
1625245120699000,0,0.00155687,24368.5400
1625245180924000,0,0.08255410,24374.9600
1625245243054000,0,0.00551000,24385.9400
1625245370892000,0,0.01012000,24394.9400
1625245382912000,0,0.00983000,24393.7200
1625245423806000,0,0.01124327,24394.0300
1625245423837000,0,0.00230000,24394.0300
1625245423840000,0,0.07562307,24394.0300
1625245509621000,0,0.00197000,24374.3900
1625245541453000,1,0.20000000,24361.3300
1625245541847000,1,0.01000000,24361.3200
1625245542131000,1,0.17000000,24361.3200
1625245542811000,1,0.07000000,24361.3200
1625245543474000,1,0.05000000,24361.3300
1625245568936000,0,0.00197000,24381.7300
1625245578567000,0,0.00118000,24388.1900
1625245589503000,1,0.03359481,24367.7100
1625245592212000,1,0.01139600,24365.2800
1625245612952000,1,0.01422590,24342.7700
1625245612955000,1,0.01314604,24342.7700
1625245613660000,1,0.00981993,24332.8300
1625245613660000,1,0.02454981,24328.4300
1625245613660000,1,0.05563026,24323.1200
1625245613942000,1,0.00820134,24323.1200
1625245613945000,1,0.00000001,24323.1200
1625245662667000,1,0.02500000,24315.0300
1625245671672000,1,0.01000000,24316.2500
1625245672018000,1,0.01000000,24316.2500
1625245694147000,0,0.00217597,24323.4800
1625246002460000,1,0.04000000,24306.2500
1625246002505000,1,0.04937529,24306.2500
1625246013404000,1,0.02000000,24299.8100
1625246013433000,1,0.01000000,24299.8100
1625246013470000,1,0.02034647,24299.8100
1625246013638000,1,0.02000000,24299.8100
1625246013696000,1,0.01904829,24299.8100
1625246014310000,1,0.02000000,24299.8100
1625246098431000,0,0.01026000,24303.9200
1625246129138000,1,0.08000000,24292.3200
1625246129173000,1,0.00941417,24292.3200
1625246175492000,0,0.00395000,24287.6300
1625246189710000,0,0.01945350,24295.3600
1625246224057000,0,0.00090000,24275.3100
1625246224057000,0,0.00090000,24280.0500
1625246224057000,0,0.00017000,24287.4500
1625246289648000,0,0.00213000,24274.2200
1625246290346000,0,0.02340000,24274.2200
1625246410518000,0,0.01885000,24274.9800
1625246465259000,0,0.03052312,24281.9100
1625246465325000,0,0.00647688,24281.9100
1625246480892000,1,0.03000000,24277.2100
1625246481088000,1,0.01000000,24277.2100
1625246588559000,1,0.02000000,24282.5000
1625246588587000,1,0.02842000,24282.5000
1625246588747000,1,0.03000000,24282.5000
1625246588929000,1,0.07000000,24282.5000
1625246588959000,1,0.00225106,24282.5000
1625246589183000,1,0.05000000,24282.5000
1625246589326000,1,0.04932894,24282.5000
1625246591608000,1,0.03000000,24282.0200
1625246595396000,0,0.02728000,24294.1000
1625246638393000,1,0.01000000,24273.9100
1625246638506000,1,0.02646000,24273.9100
1625246641738000,1,0.08000000,24271.1400
1625246717673000,1,0.25000000,24280.8500
1625246802282000,0,0.00204000,24249.2400
1625246804280000,1,0.00533064,24228.3100
1625246851928000,0,0.00119000,24277.0400
1625246853600000,1,0.03000000,24248.0300
1625246935104000,0,0.00084540,24254.2800
1625247055353000,1,0.00163987,24219.9500
1625247139582000,0,0.00090000,24255.5400
1625247139582000,0,0.00090000,24260.5100
1625247139582000,0,0.05317000,24264.0300
1625247248598000,0,0.00554000,24241.8800
1625247248702000,0,0.00570000,24241.8800
1625247289139000,1,0.01000000,24231.5100
1625247313436000,1,0.25000000,24242.4700
1625247331532000,1,0.01000000,24254.3700
1625247331554000,1,0.03000000,24254.3700
1625247331654000,1,0.21000000,24254.3700
1625247337342000,1,0.25000000,24252.4400
1625247337649000,1,0.08948116,24250.0100
1625247342526000,1,0.25000000,24246.2200
1625247369988000,0,0.00119000,24261.7200
1625247488469000,0,0.01974000,24293.1800
1625247661327000,0,0.01184000,24303.5100
1625247721946000,0,0.02956532,24308.6500
1625247721947000,0,0.00743468,24308.6500
1625247721947000,0,0.08941837,24312.2100
1625247832467000,0,0.01186000,24263.4800
1625247946751000,1,0.00227846,24211.2100
1625248187746000,1,0.05227329,24173.8100
1625248278211000,0,0.02257792,24184.3200
1625248392358000,1,0.33000000,24180.0000
1625248392436000,1,0.63000000,24180.0000
1625248392437000,1,0.00087906,24180.0000
1625248392637000,1,0.06000000,24180.0000
1625248405414000,1,0.00378695,24180.0000
1625248405461000,1,0.00378695,24180.0000
1625248450807000,0,0.00772000,24218.5600
1625248466992000,1,0.00400000,24164.1200
1625248570336000,0,0.01213000,24192.1700
1625248614122000,1,0.08000000,24194.9800
1625248630032000,0,0.00158000,24219.9000
1625248638807000,1,0.00213943,24194.9800
1625248675712000,0,0.00198000,24198.4700
1625248680989000,0,0.00119000,24202.9900
1625248719080000,0,0.09915023,24215.4800
1625248719080000,0,0.06223826,24215.4900
1625248819687000,1,0.08000000,24195.9900
1625248879389000,0,0.08978923,24166.8700
1625248879389000,0,0.05231482,24171.4000
1625248914518000,0,0.00140286,24143.3700
1625248929892000,0,0.01192000,24146.8100
1625248932406000,1,0.02000000,24127.8900
1625248937459000,1,0.01000000,24111.5000
1625248945369000,0,0.03592918,24125.1800
1625248945408000,0,0.00230000,24125.1800
1625248945470000,0,0.05712172,24125.1800
1625248945486000,0,0.55764910,24125.1800
1625248946317000,0,0.01069865,24133.4800
1625248947205000,0,0.02487949,24133.4800
1625248959886000,0,0.00090000,24144.5100
1625248959886000,0,0.00090000,24150.5100
1625248959886000,0,0.00090000,24156.2500
1625248959886000,0,0.05920185,24156.5800
1625248999440000,0,0.00397000,24132.1300
1625249005750000,0,0.00140431,24118.4800
1625249063619000,1,0.08000000,24104.4000
1625249063647000,1,0.01000000,24104.3900
1625249153748000,1,0.08000000,24122.6600
1625249157020000,0,0.00413000,24138.4900
1625249250496000,0,0.03712787,24174.7300
1625249335094000,0,0.00119000,24149.3800
1625249371205000,0,0.00223804,24143.7600
1625249375492000,0,0.01986000,24151.2200
1625249388509000,1,0.25000000,24124.0900
1625249411052000,1,0.00090000,24125.6100
1625249411052000,1,0.00090000,24125.6000
1625249441446000,0,0.02685495,24142.7400
1625249569615000,0,0.02144000,24110.3100
1625249591761000,0,0.00510352,24141.4900
1625249692018000,0,0.00317902,24133.4400
1625249762317000,1,0.00317902,24121.2800
1625249902664000,0,0.01214395,24121.2000
1625249962919000,0,0.04171489,24115.9700
1625250055262000,0,0.00140544,24098.6200
1625250074264000,1,0.00247974,24070.9700
1625250074267000,1,0.00000001,24070.9700
1625250074389000,1,0.09000000,24057.2500
1625250074476000,1,0.10988314,24057.2600
1625250074492000,1,0.04912123,24057.2600
1625250074520000,1,0.00230000,24057.2600
1625250077471000,0,0.00140716,24068.4200
1625250103566000,0,0.00446000,24097.6100
1625250154936000,1,0.01000000,24092.2600
1625250184498000,0,0.00398000,24096.4400
1625250241074000,1,0.08990969,24102.1300
1625250470338000,1,0.01000000,24077.2300
1625250523709000,1,0.00531962,24083.6600
1625250654203000,0,0.02259874,24147.4800
1625250654774000,0,0.08046433,24147.4700
1625250713925000,0,0.00230000,24136.4800
1625250764794000,0,0.00588946,24148.5300
1625250815233000,1,0.00090000,24121.2000
1625250815233000,1,0.00982157,24116.1600
1625250817460000,0,0.01986000,24152.9700
1625251005960000,0,0.00323778,24123.4200
1625251018200000,0,0.00494000,24118.3000
1625251155414000,0,0.05285414,24133.8900
1625251155414000,0,0.25000000,24133.9000
1625251155414000,0,0.08991258,24135.1100
1625251155414000,0,0.08990356,24137.9900
1625251155414000,0,0.00090000,24138.0300
1625251155414000,0,0.04639932,24142.0200
1625251279914000,1,0.09361583,24119.5700
1625251398357000,0,0.00159000,24126.2400
1625251777723000,1,0.00090000,24133.3300
1625251777723000,1,0.00694425,24131.2400
1625252014677000,0,0.00201000,24114.4600
1625252508697000,0,0.00506812,24100.3600
1625252572677000,0,0.00438000,24096.2800
1625252606825000,0,0.01339000,24097.1100
1625252658010000,1,0.00806364,24056.3100
1625252658030000,1,0.00040265,24056.3100
1625252658985000,1,0.02000000,24048.3900
1625252659318000,1,0.00116730,24048.3900
1625252659325000,1,0.00000001,24048.3900
1625252679714000,1,0.05502906,24018.5900
1625252681730000,0,0.00140938,24017.7900
1625252697481000,1,0.03700000,24017.8100
1625252727357000,0,0.00140979,24024.8400
1625252732418000,1,0.00000001,23999.2400
1625252749584000,1,0.00090000,23999.1800
1625252749584000,1,0.00252300,23993.7300
1625252763825000,0,0.00090000,24024.1900
1625252763825000,0,0.03304000,24024.2300
1625252786544000,0,0.01092070,24013.6900
1625252787994000,0,0.01093228,24013.6900
1625252810209000,0,0.03090337,24015.5100
1625252835318000,0,0.00090000,24013.0900
1625252835318000,0,0.03704000,24014.1200
1625253012545000,0,0.02044000,24019.5000
1625253097941000,0,0.00141130,23998.9800
1625253120423000,1,0.04115437,23965.5600
1625253157712000,0,0.00141280,23973.5100
1625253391812000,0,0.17399927,24019.6400
1625253465988000,0,0.00324892,23984.0600
1625253466981000,0,0.00006630,23984.0600
1625253525342000,0,0.00400000,23972.5600
1625253621961000,1,0.05000000,23984.8300
1625253728747000,0,0.00612000,23983.2100
1625253746534000,1,0.09043821,23963.6400
1625253923684000,0,0.06055993,23951.4900
1625253937544000,0,0.00141431,23948.0000
1625254264696000,0,0.04481697,23996.5300
1625254314987000,0,0.07010988,24022.8400
1625254669790000,0,0.00207000,24037.3200
1625254766065000,0,0.00322079,24018.4900
1625254799238000,0,0.00167000,24034.7500
1625254888109000,0,0.00403000,24029.8300
1625254988766000,0,0.00265000,24012.9500
1625255052728000,0,0.00463000,24023.7800
1625255067248000,0,0.19514413,24031.3700
1625255347575000,0,0.03700000,24055.7300
1625255347575000,0,0.05281778,24059.4800
1625255419847000,0,0.11181144,24070.1300
1625255419860000,0,0.00230000,24070.1300
1625255680499000,0,0.00159000,24059.6600
1625255740983000,0,0.01335000,24061.8700
1625256029177000,1,0.02253454,24071.9000
1625256179236000,0,0.01874000,24047.2800
1625256372960000,0,0.01234000,24008.8000
1625256508099000,0,0.00200000,24032.8500
1625256833682000,0,0.00347000,24016.5400
1625256837906000,0,0.00822000,24016.5500
1625256905299000,0,0.01278000,24014.3400
1625256959292000,0,0.00200000,23983.4700
1625256960429000,1,0.00207510,23963.6200
1625256960467000,1,0.00000001,23963.6200
1625256960817000,0,0.11393345,23975.7900
1625257058651000,1,0.06000000,23937.3100
1625257058664000,1,0.02000000,23937.3100
1625257058701000,1,0.22854802,23937.3300
1625257058701000,1,0.17000000,23937.3100
1625257064985000,0,0.10000000,23939.4100
1625257152014000,0,0.00321000,23936.7000
1625257160966000,0,0.00141575,23923.6500
1625257164892000,1,0.03064902,23888.7600
1625257351264000,0,0.03201000,23969.8200
1625257521764000,1,0.21000000,23984.9600
1625257537066000,0,0.00200000,23994.4800
1625257559815000,0,0.00800000,23982.0700
1625257573343000,0,0.00161000,23992.0900
1625257672224000,0,0.06060448,24021.4000
1625258072829000,0,0.03661928,23972.3100
1625258261698000,0,0.02278000,24003.0300
1625258436701000,0,0.00256000,24015.0500
1625258534875000,0,0.00200000,24001.6100
1625258653772000,0,0.00249844,24010.7900
1625258721843000,0,0.01916000,24029.0100
1625258738599000,0,0.00120000,24022.8600
1625258989871000,0,0.01132000,23966.7800
1625259044159000,1,0.03700000,23943.8500
1625259044159000,1,0.02200000,23941.9500
1625259105078000,1,0.09000000,23991.0000
1625259105079000,1,0.00040223,23991.0000
1625259123127000,1,0.01000000,23991.0000
1625259125538000,1,0.09000000,23991.7700
1625259125573000,1,0.00040545,23991.7700
1625259126882000,1,0.09000000,23988.6600
1625259126935000,1,0.00040412,23988.6600
1625259199643000,1,0.03700000,23942.8200
1625259220728000,1,0.14000000,23913.6000
1625259326137000,0,0.00120000,23929.2500
1625259399622000,0,0.01121000,23963.9700
1625259429755000,1,0.09000000,23953.1300
1625259511620000,0,0.13484779,23965.8500
1625259511620000,0,0.00090000,23966.0500
1625259511620000,0,0.00090000,23970.9300
1625259515536000,1,0.09000000,23952.8100
1625259524067000,1,0.25000000,23944.3700
1625259524067000,1,0.09000000,23943.1800
1625259582575000,0,0.04000000,23946.4200
1625259582630000,0,0.07000000,23946.4200
1625259582660000,0,0.09408000,23946.4200
1625259582780000,0,0.04592000,23946.4200
1625259584415000,0,0.09000000,23947.6100
1625259590095000,0,0.01126577,23969.9300
1625259713008000,1,0.09000000,23979.0300
1625259731731000,0,0.00124000,23978.6400
1625259854986000,0,0.04936483,23976.7100
1625259883586000,0,0.00800000,23973.7200
1625259910910000,0,0.00200000,23970.3500
1625260090521000,0,0.00176000,24008.2700
1625260125337000,0,0.00673233,24009.6100
1625260130101000,0,0.00202000,24009.6100
1625260136627000,1,0.08858244,23994.2300
1625260222938000,0,0.00360000,24003.4700
1625260450297000,0,0.00998000,24025.2600
1625260549689000,0,0.02050169,24094.4500
1625260549693000,0,0.00230000,24094.4500
1625260549695000,0,0.03488504,24094.4500
1625260549737000,0,0.00114426,24094.4500
1625260549759000,0,0.03122285,24094.4500
1625260664865000,0,0.00815000,24149.1000
1625260762618000,0,0.00207000,24128.0200
1625260944731000,0,0.02786000,24101.7100
1625260956186000,1,0.00090000,24083.5000
1625260956186000,1,0.00960017,24083.0700
1625261170951000,0,0.00893000,24083.3100
1625261266579000,0,0.00648705,24089.7100
1625261378047000,0,0.00119000,24135.4600
1625261514960000,0,0.00119000,24120.7200
1625261532308000,0,0.00207000,24115.9600
1625261569885000,0,0.08792898,24115.9600
1625261621433000,0,0.00090000,24150.6500
1625261621433000,0,0.01346000,24152.3700
1625261792582000,0,0.01696000,24214.3000
1625261936091000,0,0.00119000,24197.9600
1625261977434000,0,0.04626793,24187.2200
1625261983608000,1,0.08792297,24170.5400
1625262087855000,1,0.00107059,24157.6600
1625262129519000,0,0.00397000,24167.9500
1625262158246000,0,0.00274794,24167.9500
1625262276214000,0,0.00372829,24217.9000
1625262627646000,0,0.00160000,24224.2800
1625262722700000,0,0.00230000,24211.2400
1625262745465000,0,0.00090000,24210.5900
1625262745465000,0,0.00090000,24214.3500
1625262745465000,0,0.00074000,24220.3800
1625262903422000,0,0.00090000,24194.6500
1625262903422000,0,0.00321200,24198.1900
1625263015836000,0,0.00119000,24180.5300
1625263249625000,0,0.00281654,24218.2000
1625263313719000,1,0.00088200,24179.1600
1625263329850000,1,0.00084868,24181.6300
1625263432824000,1,0.05482144,24159.1000
1625263979616000,0,0.00476000,24200.3600
1625264101064000,1,0.08963187,24190.3200
1625264101064000,1,0.04436813,24185.5500
1625264179742000,0,0.01387000,24204.7500
1625264333083000,0,0.00265000,24208.9600
1625265036038000,1,0.00225400,24249.5800
1625265128610000,0,0.00090000,24251.8600
1625265128610000,0,0.00594000,24252.9600
1625265336649000,0,0.00386000,24270.6100
1625265730547000,0,0.00090000,24267.7100
1625265730547000,0,0.00246000,24272.3200
1625265803209000,0,0.00223000,24275.9100
1625265862986000,1,0.00090000,24255.8200
1625265862986000,1,0.00120000,24251.3000
1625265992426000,0,0.04161000,24269.7600
1625266076700000,1,0.00141575,24275.9300
1625266192076000,0,0.00541361,24319.5200
1625266211547000,1,0.00141430,24304.2200
1625266465086000,1,0.00141281,24334.4200
1625266645135000,0,0.00229381,24365.7200
1625266652024000,0,0.00236000,24361.7200
1625266663919000,0,0.02528603,24362.3300
1625266704250000,1,0.00090000,24362.7600
1625266704250000,1,0.00051130,24358.4200
1625266725204000,0,0.00090000,24383.0200
1625266725204000,0,0.00151000,24388.9600
1625267083611000,0,0.00180619,24381.1700
1625267086072000,0,0.01033463,24392.9100
1625267090602000,0,0.31659683,24400.0000
1625267092271000,1,0.00140979,24381.7700
1625267095605000,0,0.00633194,24400.0000
1625267095952000,0,0.00012922,24400.0000
1625267102180000,0,0.02000000,24433.0800
1625267102195000,0,0.01514208,24433.0800
1625267106210000,1,0.00140835,24414.1300
1625267125363000,0,0.00143419,24447.5400
1625267132482000,0,0.00230000,24457.1000
1625267132547000,0,0.03000000,24457.1000
1625267137253000,1,0.00140691,24453.6200
1625267140876000,0,0.00090000,24460.5100
1625267140876000,0,0.00090000,24466.5800
1625267140876000,0,0.00604000,24471.0900
1625267142946000,0,0.00229999,24459.1300
1625267142950000,0,0.00000001,24459.1300
1625267149205000,1,0.00140547,24457.7900
1625267155357000,0,0.00230000,24456.5500
1625267166496000,0,0.00015333,24456.5500
1625267172179000,1,0.08864138,24443.1000
1625267203449000,0,0.00942000,24448.1000
1625267408970000,0,0.00785000,24439.8500
1625267699301000,1,0.03000000,24435.1100
1625267932390000,1,0.00723028,24404.2500
1625267952544000,1,0.00600000,24401.5800
1625267954491000,1,0.00518093,24387.7800
1625267954532000,1,0.00000001,24387.7800
1625267954532000,1,0.00229999,24385.8200
1625268195452000,0,0.01200616,24398.9800
1625268425781000,0,0.03881695,24411.3300
1625268965452000,0,0.00197000,24375.3200
1625269088407000,0,0.00197000,24375.4300
1625269241731000,0,0.00132000,24400.4000
1625269304163000,0,0.00090000,24404.1900
1625269304163000,0,0.00085000,24405.1100
1625269677901000,1,0.01499100,24402.1300
1625269821732000,0,0.08787236,24417.4000
1625269821788000,0,0.00230000,24424.5100
1625269918728000,0,0.01018779,24486.0900
1625270185702000,1,0.00154614,24483.8600
1625270206361000,0,0.00230000,24498.0100
1625270206397000,0,0.00007857,24498.0100
1625270206573000,0,0.00700000,24500.0000
1625270213497000,0,0.00296000,24520.4000
1625270273549000,1,0.01565979,24474.5700
1625270279342000,0,0.00199430,24486.0200
1625270345135000,1,0.03008558,24453.6800
1625270345198000,1,0.00236083,24453.6800
1625270345204000,1,0.00455359,24453.6800
1625270512306000,0,0.00403000,24480.7900
1625270574998000,1,0.00154429,24500.3000
1625270666295000,1,0.05990626,24457.5400
1625270679372000,1,0.08865393,24435.7600
1625270679453000,0,0.00230000,24435.3600
1625270723600000,1,0.03000000,24389.7400
1625270723642000,1,0.00700000,24389.7400
1625270747919000,1,0.00090000,24388.4000
1625270747919000,1,0.07956433,24385.4100
1625270749874000,1,0.00230000,24391.2800
1625271010059000,0,0.04329666,24384.7100
1625271171135000,0,0.04088363,24359.6100
1625271344235000,0,0.00138000,24380.0000
1625272145934000,1,0.00230000,24348.8300
1625272415735000,1,0.03000000,24341.3100
1625272464453000,1,0.00230000,24305.2300
1625272731871000,0,0.00178000,24267.3000
1625272909585000,0,0.00090000,24283.6000
1625272909585000,0,0.00071000,24289.0300
1625273230150000,1,0.09000000,24240.1200
1625273230301000,1,0.00400000,24240.1200
1625273282042000,0,0.00395000,24257.9500
1625273897870000,1,0.18813898,24205.8100
1625273899108000,1,0.25000000,24205.8100
1625273899192000,1,0.00100000,24205.8100
1625273899492000,1,0.00086102,24205.8100
1625274167163000,0,0.00201000,24300.8400
1625274237859000,1,0.68000000,24285.2900
1625274237860000,1,0.00700000,24285.2900
1625274328624000,0,0.00202000,24297.5300
1625275129489000,0,0.00201000,24325.9000
1625275234022000,0,0.02000000,24337.3000
1625276008228000,1,0.08000000,24338.0500
1625276295480000,0,0.00240298,24374.0400
1625276568105000,0,0.08977561,24419.6700
1625277316634000,0,0.00482000,24369.5400
1625277473836000,0,0.00118000,24363.6600
1625277878395000,1,0.01100000,24313.8900
1625277878774000,1,0.00688444,24309.9100
1625277878777000,1,0.00201879,24309.9100
1625277955300000,0,0.00287000,24288.7000
1625278050836000,1,0.03001638,24261.8500
1625278109249000,0,0.01882490,24279.9800
1625278109396000,0,0.01151349,24279.9800
1625278110476000,0,0.01874268,24279.9800
1625278687016000,0,0.00510905,24300.6900
1625278848308000,0,0.00276000,24283.9200
1625279528365000,0,0.00197000,24321.5400
1625280795273000,1,0.08000000,24217.0900
1625280999522000,1,0.01367196,24205.7400
1625281290731000,0,0.00198000,24213.3600
1625281410741000,0,0.00090000,24192.3900
1625281410741000,0,0.00050098,24194.8500
1625281437961000,0,0.00140247,24171.6100
1625281540231000,1,0.06242578,24154.7600
1625281748340000,1,0.08000000,24176.7800
1625281748391000,1,0.00968824,24176.7800
1625281752012000,1,0.00088200,24170.1900
1625281967086000,0,0.00140417,24142.3400
1625282351974000,1,0.07469230,24184.2900
1625282354716000,1,0.01467094,24184.2900
1625282362491000,1,0.03000000,24178.3600
1625282362544000,1,0.03000000,24178.3600
1625282362555000,1,0.02966354,24178.3600
1625283239238000,0,0.00230000,24226.5000
1625283239477000,0,0.02200000,24227.7100
1625283239655000,0,0.00103661,24227.7100
1625283239753000,0,0.01396339,24227.7100
1625283320043000,0,0.00119000,24248.6300
1625283693581000,1,0.00090000,24165.2800
1625283693581000,1,0.00090000,24164.2200
1625283693581000,1,0.00090000,24158.2100
1625283693581000,1,0.06576058,24158.1300
1625283693587000,1,0.02396397,24158.1300
1625283967960000,1,0.00230000,24160.7500
1625283968630000,0,0.00090000,24164.4100
1625283968630000,0,0.00090000,24168.3800
1625283968630000,0,0.00510000,24173.1700
1625284008736000,1,0.00230000,24141.3000
1625284008766000,1,0.08000000,24141.3000
1625284045754000,1,0.08991265,24109.3000
1625284083723000,0,0.00826698,24156.3400
1625284562873000,1,0.00088200,24172.3000
1625284562942000,1,0.00001800,24172.3000
1625284679117000,1,0.00088200,24182.0000
1625284679135000,1,0.00001800,24182.0000
1625284689394000,0,0.00090000,24217.9800
1625284689394000,0,0.00108000,24219.7700
1625284706238000,1,0.00088200,24207.0600
1625285104726000,1,0.00088200,24270.4700
1625285122241000,0,0.00230000,24281.7300
1625285223580000,0,0.01224738,24326.4500
1625285224085000,0,0.00177507,24326.4500
1625285226032000,0,0.07295792,24326.4500
1625285228637000,0,0.01221332,24326.4500
1625285243427000,0,0.03058325,24319.7400
1625285243637000,0,0.01192924,24319.7400
1625285607740000,0,0.08000000,24306.9400
1625285607772000,0,0.00928236,24306.9400
1625285608032000,0,0.08926877,24310.4300
1625285608426000,0,0.03700000,24320.3600
1625285608426000,0,0.06300000,24323.5800
1625286191893000,1,0.02200000,24253.7100
1625286613456000,1,0.02228074,24216.4200
1625286614677000,1,0.01087744,24216.4200
1625286625565000,1,0.00307392,24196.9300
1625286632202000,1,0.02444129,24204.7100
1625286640788000,1,0.02002635,24200.1700
1625286640804000,1,0.00553107,24200.1700
1625286642339000,1,0.04393657,24195.5000
1625286645873000,1,0.02727038,24192.5500
1625288328769000,0,0.00684877,24341.9300
1625288328770000,0,0.00000001,24341.9300
1625288450342000,0,0.05566723,24361.1700
1625289984814000,0,0.08908608,24361.5500
1625289984821000,0,0.00000001,24361.5500
1625289986523000,0,0.06075357,24361.0800
1625291772243000,1,0.08000000,24398.8200
1625291826836000,1,0.08000000,24396.0000
1625291851920000,0,0.00472000,24390.3200
1625292127514000,0,0.00800607,24378.5800
1625292680063000,1,0.08000000,24426.6300
1625292697458000,1,0.08000000,24412.5300
1625292878552000,0,0.15994938,24426.1600
1625292970876000,0,0.00793000,24435.5400
1625293237117000,1,0.08000000,24462.8700
1625293685334000,0,0.00471000,24442.5000
1625293720667000,1,0.01587329,24431.4100
1625294231363000,0,0.01178000,24428.4600
1625294283264000,0,0.01179000,24405.9700
1625294416335000,0,0.00090000,24393.3200
1625294416335000,0,0.00108000,24395.6000
1625294768431000,0,0.00919000,24401.9000
1625294768431000,0,0.00090000,24403.1100
1625294768431000,0,0.00170000,24405.1000
1625294851890000,0,0.00196000,24405.6800
1625295000208000,0,0.00090000,24396.4600
1625295000208000,0,0.00090000,24401.6300
1625295000208000,0,0.00017000,24406.8300
1625295150229000,0,0.00315000,24370.9300
1625295755924000,1,0.09289303,24309.2700
1625295913263000,0,0.00197000,24347.8900
1625296290177000,0,0.00197000,24405.8400
1625296546604000,0,0.00394000,24370.2300
1625296768644000,0,0.00202000,24418.5400
1625296809278000,0,0.01178000,24416.2000
1625296947605000,0,0.09659994,24443.4000
1625296947605000,0,0.08340006,24443.4100
1625296948204000,0,0.03000000,24461.5100
1625296992034000,1,0.00140418,24478.6600
1625297008346000,0,0.04299304,24499.7700
1625297023224000,0,0.00399116,24472.1300
1625297048530000,0,0.03918000,24480.5900
1625297286629000,0,0.08000000,24480.5700
1625297286690000,0,0.00864809,24480.5700
1625297287290000,0,0.66000000,24499.9900
1625297287985000,0,1.61000000,24499.9900
1625297288465000,0,1.47521314,24499.9900
1625297288504000,0,0.00230000,24499.9900
1625297288625000,0,0.75000000,24499.9900
1625297288975000,0,0.50248686,24499.9900
1625297288975000,0,0.00163404,24503.5600
1625297338003000,1,0.00140248,24500.6300
1625297351873000,0,0.03000000,24524.0000
1625297351901000,0,0.17000000,24524.0000
1625297355578000,1,0.00154373,24528.2500
1625297458964000,0,0.10700000,24623.5100
1625297458964000,0,0.14300000,24624.0000
1625297458997000,0,0.00700000,24624.0000
1625297464203000,1,0.00154085,24627.8900
1625297468969000,1,0.26000000,24631.2500
1625297473219000,1,0.00153929,24625.7800
1625297474232000,1,0.25000000,24625.7800
1625297510788000,0,0.08000000,24656.2600
1625297512515000,1,0.00153773,24636.9400
1625297513027000,0,0.00600000,24656.2600
1625297513098000,0,0.00089723,24656.2600
1625297513712000,0,0.22000000,24662.3100
1625297513742000,0,0.00592572,24662.3100
1625297523668000,1,0.00090000,24697.0300
1625297523668000,1,0.00090000,24695.5600
1625297523668000,1,0.00090000,24689.0200
1625297523668000,1,0.00540000,24684.6900
1625297525524000,1,0.00307524,24695.7300
1625297532619000,1,0.00600000,24683.2600
1625297628863000,1,0.01232648,24669.7500
1625297628863000,1,0.08767352,24669.7400
1625297703956000,0,0.26000000,24665.6900
1625297744892000,1,0.00218318,24704.5000
1625297759653000,1,0.00653878,24737.8800
1625297781649000,0,0.00090000,24770.5800
1625297781649000,0,0.00910000,24774.9900
1625297781714000,0,0.03000000,24774.9900
1625297781804000,0,0.15000000,24774.9900
1625297783995000,1,0.00152996,24755.7800
1625297934448000,0,0.00090000,24750.7500
1625297934448000,0,0.03234396,24756.0700
1625298018265000,0,0.26000000,24740.0400
1625298018265000,0,0.08769727,24740.1800
1625298018265000,0,0.00090000,24740.6600
1625298018265000,0,0.08769416,24742.7000
1625298018546000,0,0.00230000,24739.4400
1625298018546000,0,0.08769727,24740.1800
1625298018546000,0,0.00090000,24745.7600
1625298018546000,0,0.08769007,24745.8900
1625298020510000,0,0.08769727,24740.1800
1625298020510000,0,0.08769416,24742.7000
1625298050691000,1,0.00090000,24787.5200
1625298050691000,1,0.00052909,24786.4400
1625298103006000,0,0.00230000,24771.6900
1625298103019000,0,0.25770000,24771.6900
1625298103156000,0,0.08761475,24777.0700
1625298104058000,0,0.26000000,24811.1100
1625298104949000,0,0.00100000,24843.3200
1625298104949000,0,0.04312165,24845.1100
1625298138938000,0,0.00230000,24805.6000
1625298151318000,1,0.00125716,24794.0000
1625298152469000,0,0.26000000,24812.2300
1625298152646000,0,0.00230000,24813.4700
1625298152649000,0,0.08516029,24813.4700
1625298152815000,0,0.08744700,24821.8900
1625298155356000,1,0.00577035,24843.7700
1625298155396000,0,0.26000000,24874.1800
1625298177076000,1,0.00090000,24864.1400
1625298177076000,1,0.00916036,24859.7500
1625298178089000,1,0.00241472,24865.3800
1625298185044000,1,0.00090000,24915.0700
1625298185044000,1,0.00090000,24908.3900
1625298185044000,1,0.00116277,24906.6700
1625298271964000,1,0.01000000,24850.6000
1625298271989000,1,0.03000000,24850.6000
1625298271992000,1,0.01000000,24850.6000
1625298325534000,1,0.00227331,24842.4800
1625298375521000,1,0.00138289,24901.9100
1625298434687000,0,0.00243539,24873.2700
1625298446544000,1,0.00090000,24865.6100
1625298446544000,1,0.00510000,24865.6000
1625298489878000,0,0.00950990,24887.4500
1625298498474000,0,0.03700000,24912.6700
1625298544222000,1,0.00230000,24890.8800
1625298762783000,0,0.00385000,24911.8100
1625298879012000,0,0.01154000,24933.1500
1625298907245000,0,0.01154000,24938.7200
1625298911496000,0,0.20000000,24939.0000
1625298914783000,1,0.00090000,24939.8900
1625298914783000,1,0.00048151,24936.0900
1625298923522000,0,0.00202985,24973.2700
1625298923892000,1,0.00138004,24974.3400
1625298924639000,0,0.04422763,24989.2500
1625298924655000,0,0.02148748,24989.2500
1625298924693000,0,0.00230000,24989.2500
1625298925002000,0,0.08043068,24989.2500
1625298925003000,0,0.11155421,24989.2500
1625298925055000,0,0.10000000,24990.0000
1625298925435000,0,0.13400000,25013.5800
1625298925435000,0,0.19600000,25019.0000
1625298925537000,0,0.00400000,25019.0000
1625298935592000,1,0.00137713,24982.4500
1625298948175000,1,0.00202000,25003.7800
1625298948175000,1,0.00013598,25003.7800
1625299065691000,0,0.00090000,24965.4000
1625299065691000,0,0.00102000,24967.7600
1625299069108000,1,0.08690206,24949.1400
1625299069113000,1,0.00000001,24949.1400
1625299069113000,1,0.09141215,24945.6400
1625299070279000,0,0.00229999,24948.6900
1625299070279000,0,0.00000001,24948.6900
1625299238042000,0,0.01299657,24994.8600
1625299238064000,0,0.00854051,24994.8600
1625299238106000,0,0.01158316,24994.8600
1625299617951000,0,0.09293990,24896.3700
1625299617951000,0,0.08715195,24896.3800
1625299617951000,0,0.00090000,24897.6700
1625299617951000,0,0.01501112,24900.6600
1625299690769000,0,0.00300000,24898.4900
1625299759577000,0,0.00116000,24908.3400
1625299812460000,0,0.08451895,24902.0200
1625299812465000,0,0.00262527,24902.0200
1625299857390000,1,0.05000000,24914.0500
1625299864020000,1,0.08000000,24909.7300
1625299864035000,1,0.00704072,24909.7300
1625299896924000,1,0.00090000,24937.3600
1625299896924000,1,0.00086400,24933.5600
1625299930940000,1,0.53000000,24941.5800
1625299931738000,1,0.00399999,24941.5800
1625299931744000,1,0.00000001,24941.5800
1625299962514000,1,0.08000000,24921.8200
1625299962948000,1,0.00698899,24921.8200
1625299977524000,1,0.08522382,24934.9000
1625299983371000,1,0.08000000,24930.2200
1625300019388000,1,0.03700000,24915.1700
1625300028532000,0,0.00090000,24921.3100
1625300028532000,0,0.00090000,24927.3600
1625300028532000,0,0.03733609,24929.9000
1625300058744000,0,0.00090000,24942.0800
1625300058744000,0,0.00495878,24942.4100
1625300102241000,0,0.00196000,24948.0800
1625300107982000,1,0.00098593,24928.5600
1625300107998000,1,0.00098593,24928.5600
1625300109301000,1,0.08330149,24928.5600
1625300109331000,1,0.00170003,24928.5600
1625300223560000,1,0.08000000,24944.6800
1625300224407000,1,0.03000000,24941.2300
1625300299469000,0,0.00117602,24943.8200
1625300322546000,1,0.08000000,24931.6700
1625300322552000,1,0.00696534,24931.6700
1625300354407000,1,0.08000000,24916.8800
1625300354414000,1,0.00701399,24916.8800
1625300354935000,1,0.04000000,24912.7600
1625300359997000,0,0.02232016,24926.5400
1625300394942000,0,0.00116000,24905.6700
1625300410442000,1,0.00090000,24891.4800
1625300410782000,1,0.01000000,24886.8200
1625300411355000,1,0.20000000,24886.8200
1625300535909000,1,0.08540552,24880.1400
1625300585417000,1,0.02000000,24883.6500
1625300585454000,1,0.06713778,24883.6500
1625300605816000,1,0.00333021,24895.5600
1625300605836000,1,0.00333021,24895.5600
1625300622459000,0,0.00090000,24916.0200
1625300622459000,0,0.00102000,24916.8800
1625300626621000,1,0.07882701,24895.5600
1625300626634000,1,0.00160871,24895.5600
1625300636329000,1,0.03000000,24891.7500
1625300636641000,1,0.08000000,24888.2600
1625300636641000,1,0.00711481,24888.2600
1625300663539000,1,0.05000000,24911.0500
1625300663570000,1,0.00784000,24911.0500
1625300830131000,1,0.03000000,24904.7200
1625300897579000,1,0.08000000,24911.4700
1625300995018000,1,0.08531588,24908.2600
1625301028579000,0,0.00849816,25000.0000
1625301028643000,0,0.00000001,25000.0000
1625301074233000,0,0.02721873,24998.7400
1625301074238000,0,0.00123026,24998.7400
1625301089395000,1,0.00090000,25032.2900
1625301089395000,1,0.00125326,25027.6400
1625301206677000,1,0.00230000,24964.5300
1625301206696000,1,0.00642411,24964.5300
1625301208317000,1,0.36900000,24959.4200
1625301644711000,0,0.00327000,24962.4500
1625301692019000,1,0.01347766,24930.4000
1625301712300000,1,0.00125261,24932.7400
1625301726615000,0,0.00361000,24948.1300
1625301782538000,1,0.00597575,24935.3300
1625302079347000,0,0.00230000,24933.1400
1625302254701000,0,0.02929729,24969.7000
1625302255105000,1,0.08000000,24954.7000
1625302286561000,0,0.00796725,24978.5000
1625302393049000,0,0.00230000,24982.5200
1625302689503000,0,0.00090000,24971.5300
1625302689503000,0,0.00467000,24974.2600
1625302716320000,1,0.00452867,24956.0600
1625302836645000,1,0.00565800,24945.8600
1625302992431000,0,0.20000000,25051.0000
1625303046940000,0,0.00400256,25038.8100
1625303046940000,0,0.02524747,25038.8200
1625303057177000,1,0.03634207,25012.6200
1625303057193000,1,0.01000000,25012.6200
1625303057279000,1,0.00597223,25012.6200
1625303307451000,0,0.00090000,25029.3700
