timestamp ms,type,amount,price
1628121677560000,1,0.01847839,28586.9800
1628121677585000,1,0.06457581,28586.9800
1628121677587000,1,0.43494580,28586.9800
1628121755545000,0,0.07567359,28554.7100
1628121771281000,0,0.04771858,28560.1000
1628121915617000,0,0.00590441,28613.8600
1628121922249000,0,0.00075727,28613.8600
1628121927147000,0,0.03867566,28613.8600
1628121927235000,0,0.00378983,28613.8600
1628121927300000,0,0.00400000,28613.8600
1628121927448000,0,0.04572948,28613.8600
1628122175091000,0,0.07541726,28647.5700
1628122175091000,0,0.09868892,28650.6200
1628122236049000,0,0.00268000,28669.6500
1628122293631000,0,0.04689346,28661.4700
1628122293644000,0,0.02848043,28661.4700
1628122639780000,0,0.00234375,28592.8300
1628123173566000,1,0.00088429,28533.9100
1628123275720000,0,0.02479276,28562.0500
1628123275869000,0,0.00101991,28562.0500
1628123323816000,0,0.00131000,28586.5200
1628124360069000,0,0.01060306,28590.0900
1628124360692000,0,0.02726541,28590.0900
1628124361114000,0,0.06213152,28590.0900
1628124379079000,0,0.00000001,28590.0900
1628125115998000,1,0.00400000,28469.1000
1628125116266000,1,0.00185709,28463.0300
1628125125743000,1,0.00092430,28464.3100
1628125125743000,1,0.00857570,28458.7600
1628125335042000,1,0.05484759,28440.1000
1628125335052000,1,0.07586368,28440.1000
1628125335053000,1,0.11201494,28440.1000
1628125335054000,1,0.04727379,28440.1000
1628125335054000,1,0.07586369,28438.6800
1628125335054000,1,0.02859357,28437.6400
1628125335055000,1,0.04727380,28437.6400
1628125335256000,1,0.00234375,28426.6300
1628125371528000,1,0.00174727,28400.0000
1628125371528000,1,0.07597678,28398.6600
1628125384644000,0,0.00247260,28379.8800
1628125467904000,0,0.00247300,28377.0300
1628125475321000,0,0.00247380,28369.3100
1628125507791000,1,0.00093828,28364.2900
1628125512593000,0,0.00101000,28375.7100
1628125533605000,0,0.00247502,28347.9700
1628125541417000,0,0.00096954,28333.6600
1628125541417000,0,0.00150595,28334.6500
1628125542807000,1,0.00545045,28316.5300
1628125544808000,0,0.00247639,28336.6800
1628125623280000,1,0.00234375,28343.5900
1628125623280000,1,0.00225000,28343.1900
1628125623399000,1,0.00009375,28343.1900
1628125727542000,0,0.00247727,28329.5700
1628126049852000,0,0.07621270,28354.1300
1628126049852000,0,0.07620205,28357.4500
1628126693142000,1,0.07605245,28388.6800
1628126693142000,1,0.07605919,28385.7400
1628126693142000,1,0.04765019,28382.7600
1628126693180000,1,0.00234375,28382.7600
1628126693272000,0,0.00234375,28388.0400
1628126693307000,1,0.07000000,28388.6800
1628126693351000,1,0.00370870,28388.6800
1628126737802000,0,0.00100059,28330.3400
1628126753727000,0,0.00247818,28315.3000
1628126803843000,1,0.00155033,28300.0000
1628126803967000,0,0.00247910,28308.3400
1628126808867000,1,0.00003164,28300.0000
1628126816600000,0,0.00248002,28291.5900
1628126845729000,0,0.00248103,28282.9500
1628126866532000,1,0.07637441,28266.7500
1628126866532000,1,0.02448824,28263.5500
1628126866687000,1,0.05189565,28263.5500
1628126866687000,1,0.07638971,28260.4000
1628126879931000,0,0.00248165,28278.9700
1628126891885000,0,0.00248257,28269.0600
1628126907325000,0,0.00248391,28243.0200
1628126910602000,0,0.00248425,28249.9400
1628126943906000,0,0.00248526,28228.6600
1628127004344000,0,0.07310101,28245.5400
1628127004882000,0,0.00338922,28245.5400
1628127311500000,0,0.00234375,28312.2300
1628127311500000,0,0.00234375,28312.2300
1628127935336000,0,0.12835977,28306.4600
1628127935680000,0,0.10230987,28306.4600
1628127962199000,0,0.09999999,28294.2900
1628127982507000,0,0.00000001,28294.2900
1628127982507000,0,0.07256203,28306.4600
1628127991531000,0,0.00400000,28306.4600
1628127991817000,0,0.02308042,28306.4600
1628127991851000,0,0.15086809,28306.4600
1628128360015000,1,0.00432316,28282.7500
1628128540340000,1,0.00943113,28387.4300
1628128600579000,1,0.05392755,28402.7100
1628128901727000,0,0.07615431,28374.1300
1628128901727000,0,0.00094871,28375.1300
1628128901727000,0,0.00403698,28378.7100
1628128985927000,0,0.07617036,28365.1600
1628129470580000,0,0.00094034,28357.5700
1628130441992000,1,0.00182821,28291.5100
1628130492251000,1,0.00602160,28312.6100
1628131067483000,0,0.00102000,28312.5700
1628131203151000,1,0.02895979,28294.6200
1628131296593000,1,0.00400000,28279.6000
1628131398134000,1,0.07642023,28265.0300
1628131398134000,1,0.12361183,28259.4100
1628131398137000,1,0.08292244,28259.4100
1628131398239000,1,0.00234375,28259.4100
1628131462132000,1,0.00106600,28281.1700
1628131630973000,1,0.00234375,28298.2900
1628132326966000,0,0.00676000,28376.2500
1628132474615000,0,0.00234375,28379.1200
1628132474617000,0,0.00234375,28379.1200
1628132536451000,0,0.02599999,28431.5000
1628132536457000,0,0.00000001,28431.5000
1628132685590000,1,0.01266400,28432.8500
1628132708492000,1,0.06720960,28427.3500
1628132708494000,1,0.00876744,28427.3500
1628132784865000,0,0.07042015,28435.6800
1628132821519000,0,0.02000000,28458.8900
1628132821543000,0,0.00600000,28458.8900
1628132821998000,0,0.05000000,28464.3900
1628132822037000,0,0.02594018,28464.3900
1628132904939000,1,0.01679999,28461.2700
1628134366793000,1,0.02260811,28294.8200
1628134366833000,1,0.05370462,28294.8200
1628134366833000,1,0.07627011,28289.5100
1628134366833000,1,0.07627415,28286.6000
1628134371191000,0,0.00092085,28310.1800
1628134371191000,0,0.07750694,28313.5400
1628134707773000,1,0.00955000,28338.4100
1628135296392000,0,0.00676000,28360.1800
1628135331928000,0,0.00101000,28367.9200
1628136287674000,0,0.00172251,28409.5000
1628136729407000,0,0.00347000,28442.8500
1628137329479000,0,0.01689000,28398.1600
1628138530764000,0,0.00169000,28357.2000
1628138848909000,0,0.00508000,28344.7900
1628140392222000,0,0.00169000,28397.2400
1628141234313000,0,0.00218000,28403.4200
1628141703626000,0,0.00140311,28365.3600
1628142305493000,0,0.01692000,28345.0400
1628143104275000,1,0.00218250,28305.5000
1628143184514000,0,0.00418226,28331.6300
1628143202853000,0,0.00105000,28339.1400
1628143234791000,1,0.00600000,28309.2400
1628143335367000,0,0.00334481,28315.4700
1628143425628000,0,0.00207138,28308.3100
1628143583650000,1,0.00900000,28289.1600
1628143667913000,0,0.00837064,28316.8200
1628143780228000,0,0.00175568,28336.5400
1628144118771000,0,0.00139000,28282.9200
1628144160446000,0,0.07059768,28259.0000
1628144176372000,1,0.07492664,28238.3500
1628144176577000,0,0.00105000,28255.5300
1628144182114000,1,0.29000000,28238.2600
1628144182114000,1,0.06913088,28237.0000
1628144285045000,0,0.00248669,28218.4500
1628144386553000,1,0.00675378,28205.3700
1628144401359000,0,0.00095005,28185.7800
1628144401359000,0,0.00140643,28190.3300
1628144408492000,0,0.00094520,28153.5000
1628144408492000,0,0.00096583,28160.0000
1628144408492000,0,0.00280449,28163.9700
1628144579850000,0,0.00332000,28241.4400
1628144626309000,0,0.03057000,28238.0800
1628144631236000,0,0.07650413,28241.0900
1628144631248000,0,0.00000001,28241.0900
1628145102653000,0,0.00234375,28210.9900
1628145102655000,0,0.00234375,28210.9900
1628145103017000,1,0.00234375,28210.7400
1628145103017000,1,0.00234375,28210.7200
1628145158662000,1,0.00234375,28209.2900
1628145158666000,1,0.00234375,28209.2900
1628145158671000,1,0.00234375,28209.2900
1628145317195000,1,0.04471752,28210.2800
1628145317204000,1,0.03185119,28210.2800
1628145383717000,0,0.00234375,28147.8500
1628145383717000,0,0.00001512,28160.2700
1628145699859000,0,0.00235906,28159.5200
1628145706266000,0,0.00235991,28149.2800
1628145707487000,0,0.00093643,28149.2800
1628145745397000,0,0.00236123,28131.7900
1628145768106000,0,0.00236166,28128.4600
1628145819530000,0,0.00511000,28127.0100
1628145829997000,1,0.29000000,28106.1200
1628145829997000,1,0.07682372,28101.3100
1628145829997000,1,0.07687742,28098.9800
1628145829997000,1,0.02600000,28098.6000
1628145829997000,1,0.00094055,28097.6800
1628145829997000,1,0.00088588,28091.3900
1628145829997000,1,0.01847243,28090.9600
1628145836571000,0,0.00236238,28119.8900
1628145858187000,0,0.00236359,28105.5500
1628145904712000,0,0.00092556,28082.2700
1628145904712000,0,0.00095444,28089.3100
1628145904712000,0,0.00048442,28094.9900
1628145909235000,1,0.00147202,28076.6800
1628145918068000,0,0.00234375,28105.3000
1628145947045000,0,0.01415154,28122.2700
1628145947242000,0,0.00400000,28122.2700
1628145948332000,0,0.01361485,28122.2700
1628145948518000,1,0.00088222,28119.6200
1628145948587000,0,0.07679295,28122.2700
1628145948612000,0,0.10901849,28122.2700
1628145948615000,0,0.11437605,28122.2700
1628145948689000,0,0.04467225,28122.2700
1628145951425000,0,0.06824108,28122.2700
1628145951434000,0,0.05758928,28122.2700
1628145952256000,0,0.07679109,28122.2700
1628145952712000,0,0.02075242,28122.2700
1628146301029000,0,0.00351000,28129.6500
1628146453821000,0,0.00773000,28112.7100
1628146517867000,0,0.00341000,28112.7500
1628146530509000,1,0.10922719,28089.3600
1628146587714000,0,0.01774088,28115.8500
1628146814298000,1,0.06000000,28071.5600
1628146814375000,1,0.23000000,28071.5600
1628146816042000,1,0.18000000,28073.4700
1628146816347000,1,0.03000000,28073.4700
1628146817161000,1,0.08000000,28073.4700
1628146817651000,1,0.10000000,28074.4000
1628146819108000,1,0.10000000,28074.4000
1628146819670000,1,0.09000000,28074.4000
1628146820361000,1,0.28000000,28074.4000
1628146821038000,1,0.01000000,28074.4000
1628146821722000,1,0.08000000,28074.4000
1628146822325000,1,0.20000000,28074.4000
1628146824529000,1,0.02000000,28070.4000
1628146824589000,0,0.00236493,28083.0600
1628146825795000,1,0.05000000,28070.4000
1628146828122000,1,0.06000000,28069.7900
1628146828243000,1,0.01000000,28069.7900
1628146828320000,1,0.22000000,28069.7900
1628146828320000,1,0.03791778,28069.0000
1628146828320000,1,0.00926189,28069.0000
1628146828320000,1,0.06009963,28069.0000
1628146828320000,1,0.00122652,28069.0000
1628146840699000,0,0.00236581,28079.1700
1628146870068000,1,0.01631146,28051.4900
1628146870085000,1,0.06057182,28051.4900
1628146874729000,0,0.00236687,28066.5700
1628146881407000,1,0.02349489,28049.6700
1628146951249000,0,0.00106000,28059.8400
1628146965697000,0,0.00236753,28058.7300
1628146975375000,1,0.07138090,28031.0000
1628146975375000,1,0.00400000,28031.0000
1628146975375000,1,0.07461910,28031.0000
1628146975428000,1,0.00538090,28031.0000
1628146975428000,1,0.00351550,28031.0000
1628146977711000,0,0.00236860,28045.9300
1628146983055000,0,0.00236918,28039.1900
1628146993910000,0,0.00104000,28074.4600
1628147000623000,1,0.28420000,28061.0500
1628147011081000,0,0.07687299,28072.9400
1628147011081000,0,0.01760731,28077.3500
1628147026707000,1,0.28420000,28052.2500
1628147076320000,1,0.01781516,28000.0000
1628147076342000,1,0.00000001,28000.0000
1628147077811000,1,0.00094506,27998.5100
1628147078750000,0,0.00474219,28016.5900
1628147088952000,1,0.06801497,27985.0000
1628147088952000,1,0.02198503,27985.0000
1628147089049000,1,0.00145060,27985.0000
1628147191381000,0,0.01323211,28066.1100
1628147655031000,0,0.00237221,28003.3200
1628147691973000,0,0.00237252,27998.0500
1628147915916000,0,0.07540582,28040.5400
1628148071137000,0,0.00090133,28015.0900
1628148071137000,0,0.00090798,28021.3000
1628148071137000,0,0.01531069,28021.4900
1628148156571000,0,0.00237336,27989.8400
1628148179385000,0,0.00237426,27974.2100
1628148205423000,0,0.00237512,27969.1100
1628148222703000,1,0.07709853,27950.4400
1628148222703000,1,0.07400974,27947.3800
1628148228678000,0,0.00237598,27958.9700
1628148249332000,0,0.00848000,27966.2400
1628148268146000,1,0.02600000,27932.3500
1628148335738000,0,0.00237727,27943.7900
1628148357458000,0,0.00237763,27939.4800
1628148363292000,1,0.00690220,27921.0000
1628148363292000,1,0.00309780,27921.0000
1628148432585000,0,0.00237893,27924.2900
1628148467350000,0,0.00237972,27914.9900
1628148468320000,0,0.00171888,27914.9900
1628148507863000,1,0.00823878,27895.0000
1628148507863000,1,0.20009791,27895.0000
1628148507863000,1,0.00867495,27895.0000
1628148513084000,0,0.00238019,27906.3900
1628148527391000,1,0.01046875,27892.0000
1628148527391000,1,0.00128327,27892.0000
1628148527391000,1,0.12824798,27892.0000
1628148527449000,1,0.00467443,27892.0000
1628148546521000,0,0.00238165,27892.3600
1628148547879000,0,0.00094506,27892.3600
1628148654448000,1,0.07573694,27874.1000
1628148656431000,1,0.00095153,27878.8800
1628148656431000,1,0.00149571,27874.1000
1628148671792000,1,0.00234375,27890.8300
1628148671792000,1,0.00234375,27890.7000
1628148697108000,0,0.00238188,27889.5600
1628148753433000,0,0.00238288,27878.0100
1628148853382000,0,0.00860000,27878.2300
1628148937567000,0,0.00238375,27867.7800
1628148990254000,0,0.00430000,27892.8500
1628149011187000,0,0.02829000,27931.0500
1628149100945000,1,0.07713771,27923.5200
1628149439729000,0,0.00756000,27898.3500
1628149445040000,0,0.00699000,27895.0900
1628149456866000,0,0.00097271,27900.5300
1628149456866000,0,0.00040729,27905.8900
1628149575932000,1,0.02509786,27852.2200
1628149575951000,1,0.02799721,27852.2200
1628149587052000,1,0.02421065,27852.2200
1628149587052000,1,0.07734902,27852.1900
1628149587073000,1,0.00000001,27852.1900
1628149610431000,0,0.00238455,27858.5000
1628149616796000,0,0.00336000,27845.8100
1628149618758000,0,0.00238563,27843.0200
1628149620379000,1,0.00217065,27818.7600
1628149632052000,1,0.07744086,27820.1400
1628149632060000,1,0.00000001,27820.1400
1628149632061000,1,0.00000001,27818.7600
1628149636321000,0,0.00092791,27826.3800
1628149636321000,0,0.00145890,27830.2800
1628149718224000,1,0.07728922,27872.3900
1628149718239000,1,0.00000001,27872.3900
1628149828401000,1,0.01262313,27837.0200
1628149828418000,1,0.06476119,27837.0200
1628149970457000,0,0.00344000,27865.3000
1628150045463000,1,0.04635897,27865.4600
1628150115942000,0,0.10510704,27884.7300
1628150367597000,0,0.00885000,27910.6100
1628150536640000,1,0.00185908,27920.9400
1628150558587000,1,0.07110782,27928.4400
1628150558597000,1,0.00601107,27928.4400
1628150558726000,1,0.07711889,27925.3400
1628150558758000,1,0.00234375,27918.0200
1628150586871000,1,0.00100000,27848.8800
1628150837679000,0,0.00095541,27878.8500
1628150837679000,0,0.07094833,27879.5700
1628151033550000,0,0.01374000,27917.1600
1628151171376000,0,0.00557000,27969.4100
1628151290090000,0,0.00539000,27985.8000
1628151303927000,0,0.26744144,27987.5100
1628151344060000,0,0.01954000,27983.7400
1628151397797000,1,0.01000000,27961.5700
1628151397832000,1,0.04119355,27961.5700
1628151398383000,1,0.00330154,27961.5700
1628151398472000,1,0.00000001,27961.5700
1628151476275000,0,0.00141000,27960.5200
1628151490920000,0,0.00171000,27966.3300
1628151536869000,1,0.01035574,27943.1000
1628151536886000,1,0.00000001,27943.1000
1628151642303000,0,0.00487160,27957.7100
1628151730066000,0,0.00124000,27926.0000
1628151761087000,0,0.00464000,27920.0300
1628151899861000,1,0.02526302,27884.8300
1628152026616000,0,0.18000000,27955.0000
1628152026657000,0,0.11000000,27955.0000
1628152026661000,0,0.12000000,27955.0000
1628152026834000,0,0.01000000,27955.0000
1628152026840000,0,0.12000000,27955.0000
1628152027218000,0,0.12000000,27955.0000
1628152027288000,0,0.11000000,27955.0000
1628152028032000,0,0.10000000,27955.0000
1628152028668000,0,0.20000000,27955.0000
1628152029292000,0,0.16000000,27955.0000
1628152030880000,0,0.05000000,27955.0000
1628152031187000,0,0.07000000,27955.0000
1628152031841000,0,0.16000000,27955.0000
1628152031957000,0,0.17000000,27955.0000
1628152032622000,0,0.14000000,27955.0000
1628152033294000,0,0.19456458,27955.0000
1628152033960000,0,0.32000000,27955.0000
1628152034635000,0,0.47000000,27955.0000
1628152035406000,0,0.20000000,27955.0000
1628152035972000,0,0.15000000,27955.0000
1628152036650000,0,1.24000000,27955.0000
1628152037453000,0,0.13000000,27955.0000
1628152038152000,0,0.21000000,27955.0000
1628152040310000,0,0.01000000,27955.0000
1628152040317000,0,0.06000000,27955.0000
1628152040657000,0,0.04000000,27955.0000
1628152041699000,0,0.01000000,27955.0000
1628152050390000,0,0.10000000,27955.0000
1628152050404000,0,1.24000000,27955.0000
1628152050418000,0,0.11000000,27955.0000
1628152050520000,0,0.05681856,27955.0000
1628152050711000,0,0.10000000,27955.0000
1628152051841000,0,0.32000000,27955.0000
1628152052019000,0,0.32000000,27955.0000
1628152052188000,0,0.04579006,27955.0000
1628152052189000,0,0.20012282,27955.0000
1628152053317000,0,0.01919612,27955.0000
1628152053319000,0,0.00000001,27955.0000
1628152055956000,0,0.00234375,27957.9200
1628152056003000,0,0.13917562,27957.9200
1628152056017000,0,0.00234375,27957.9200
1628152056221000,0,0.05131644,27957.9200
1628152057009000,0,0.04858436,27957.9200
1628152110247000,0,0.00154000,27975.8000
1628152258796000,0,0.01064000,27938.0700
1628152448573000,0,0.00206000,27925.4200
1628152570774000,0,0.00191000,27897.3000
1628152631381000,1,0.01800393,27875.0100
1628152706402000,0,0.00591000,27909.0400
1628152731885000,1,0.00400000,27890.6600
1628152852631000,0,0.00542891,27894.3100
1628152872850000,1,0.00703360,27867.9600
1628152963340000,0,0.00175127,27880.9500
1628153105302000,0,0.00172000,27868.1800
1628153106205000,0,0.01772000,27868.1800
1628153204849000,1,0.05862518,27839.4500
1628153204850000,1,0.01875751,27839.4500
1628153217434000,0,0.04138000,27862.0500
1628153316752000,0,0.08091000,27859.1200
1628153378812000,1,0.02600000,27812.7900
1628153378924000,1,0.00234375,27806.3500
1628153379657000,0,0.00229687,27804.1500
1628153379785000,0,0.00004688,27804.1500
1628153379962000,0,0.00234375,27812.3300
1628153379962000,0,0.00004398,27818.1000
1628153432288000,0,0.00238790,27819.1700
1628153443148000,0,0.00477959,27783.1900
1628153485321000,0,0.00239077,27785.9600
1628153491787000,0,0.00239155,27776.9000
1628153517345000,0,0.00358247,27774.1100
1628153534952000,1,0.02354186,27760.3100
1628153535484000,1,0.07768853,27751.1400
1628153535484000,1,0.29000000,27749.5000
1628153535484000,1,0.07768933,27748.1200
1628153535484000,1,0.00092414,27747.8400
1628153535484000,1,0.07766138,27745.5800
1628153535484000,1,0.18840559,27740.8300
1628153538024000,1,0.07765974,27757.2200
1628153553655000,0,0.00104000,27767.4900
1628153554702000,0,0.00239236,27767.4900
1628153573000000,1,0.07766390,27737.2500
1628153573027000,1,0.00000001,27737.2500
1628153573136000,1,0.02442151,27734.0900
1628153573168000,1,0.05325268,27734.0900
1628153576851000,0,0.00239372,27751.7600
1628153604817000,0,0.00478991,27731.9300
1628153607994000,0,0.00239629,27720.6200
1628153612143000,0,0.00239684,27705.9000
1628153613027000,0,0.00234375,27707.2700
1628153613031000,0,0.00234375,27707.2700
1628153613096000,0,0.00234375,27707.2700
1628153615218000,0,0.00239756,27707.2700
1628153662179000,0,0.00078971,27719.0300
1628153676336000,1,0.00078971,27693.5300
1628153694109000,0,0.00239870,27694.0900
1628153702670000,0,0.00239934,27680.3400
1628153745282000,0,0.00095788,27705.1200
1628153745282000,0,0.00276328,27706.8100
1628153765507000,0,0.18930266,27715.7100
1628153774898000,0,0.00329000,27719.1800
1628153825592000,0,0.00239995,27679.4300
1628153847263000,0,0.00240137,27658.2400
1628153952986000,0,0.00240166,27658.6000
1628153954437000,1,0.00277609,27633.7100
1628153954447000,1,0.00000001,27633.7100
1628153956316000,0,0.00240307,27641.1900
1628153957539000,0,0.00095356,27632.9600
1628153979188000,0,0.00240401,27631.5800
1628153982793000,0,0.00092603,27625.6900
1628153982793000,0,0.00147861,27625.7500
1628153998347000,0,0.00000048,27632.9600
1628154037158000,0,0.00243000,27644.4200
1628154049340000,1,0.00358247,27621.1400
1628154049760000,1,0.00400000,27644.4200
1628154049823000,1,0.01000000,27644.4200
1628154049964000,1,0.00507654,27644.4200
1628154126034000,0,0.00353653,27699.4200
1628154126337000,0,0.02116093,27699.4200
1628154184796000,0,0.00079069,27684.5500
1628154196576000,0,0.00104000,27664.5400
1628154199067000,1,0.00079069,27637.5700
1628154228605000,0,0.01171132,27689.4400
1628154287514000,0,0.07787918,27697.7900
1628154287613000,0,0.07791689,27703.6800
1628154367460000,0,0.03281000,27743.3200
1628154367582000,0,0.04494026,27743.3200
1628154367582000,0,0.00090288,27744.4200
1628154367582000,0,0.11020179,27744.4500
1628154426945000,0,0.00104000,27744.1900
1628154463093000,0,0.01064000,27733.0300
1628154744891000,0,0.00093439,27697.6000
1628154744891000,0,0.00261561,27703.1800
1628154832561000,0,0.06841000,27718.8000
1628154908135000,1,0.01019642,27674.1800
1628154948351000,1,0.00224432,27646.7000
1628155086918000,0,0.00240538,27614.6500
1628155121087000,0,0.00240627,27604.8500
1628155128635000,0,0.00240742,27593.8000
1628155137177000,0,0.00240779,27568.0300
1628155139400000,0,0.00133045,27565.2700
1628155141194000,0,0.00481983,27556.8500
1628155155926000,0,0.00241100,27544.7200
1628155159635000,0,0.00096299,27528.0600
1628155159635000,0,0.00144912,27532.6000
1628155168629000,1,0.07823727,27497.7100
1628155169920000,0,0.00241240,27523.7200
1628155173546000,0,0.00482904,27485.0000
1628155207414000,0,0.00093020,27475.5700
1628155207414000,0,0.00097261,27481.8000
1628155207414000,0,0.00534688,27488.0600
1628155273984000,0,0.00241788,27474.4400
1628155280198000,0,0.00483845,27453.1900
1628155298034000,0,0.00242010,27445.1900
1628155306791000,0,0.00242167,27431.3900
1628155323955000,0,0.00242198,27418.1500
1628155324682000,0,0.02361000,27417.0900
1628155327186000,0,0.00242284,27418.1500
1628155341219000,0,0.00175105,27409.1800
1628155343739000,0,0.00242364,27409.1800
1628155435055000,0,0.02193686,27441.9300
1628155457835000,0,0.00495000,27423.4500
1628155580429000,0,0.00094532,27401.1400
1628155580429000,0,0.00033289,27401.9000
1628155586285000,1,0.07866081,27375.6500
1628155590984000,0,0.00485169,27379.6700
1628155592423000,0,0.00096259,27379.6700
1628155595586000,0,0.00242700,27346.9200
1628155598759000,0,0.00728747,27340.1100
1628155640388000,0,0.04098893,27431.0600
1628155642778000,0,0.00350000,27422.7800
1628155811357000,0,0.00241297,27483.2100
1628155820426000,0,0.00349000,27488.5400
1628155841589000,1,0.01803950,27500.2600
1628155904766000,0,0.01193000,27482.5600
1628155929197000,0,0.00105000,27467.2400
1628155951938000,1,0.00377104,27439.2300
1628156002627000,1,0.08927761,27424.6900
1628156028023000,0,0.00234375,27412.8700
1628156028048000,1,0.00234375,27412.2500
1628156028049000,0,0.00234375,27409.3800
1628156028053000,0,0.08799986,27409.3800
1628156147057000,0,0.02341000,27420.4200
1628156197138000,0,0.00105000,27425.5000
1628156257213000,0,0.00722000,27375.4400
1628156263801000,1,0.00234375,27346.5800
1628156263889000,1,0.00234375,27346.5800
1628156263986000,1,0.07873839,27336.9600
1628156263986000,1,0.07874335,27335.2900
1628156264828000,0,0.00234375,27328.8600
1628156265933000,1,0.00234375,27365.0000
1628156265933000,1,0.00234375,27364.9800
1628156265933000,1,0.00234375,27362.8900
1628156265933000,1,0.00234375,27361.0200
1628156265933000,1,0.00210937,27360.8300
1628156280737000,0,0.07874521,27380.8900
1628156366489000,0,0.00242982,27332.9700
1628156374469000,0,0.00179000,27347.0800
1628156393746000,0,0.00243096,27324.6100
1628156397185000,1,0.00234375,27303.7200
1628156397295000,0,0.00234375,27300.1400
1628156400998000,0,0.00243166,27312.1500
1628156406766000,0,0.00243313,27276.0800
1628156408680000,0,0.03116351,27286.7100
1628156408680000,0,0.07903327,27286.7200
1628156412042000,1,0.07898700,27261.6400
1628156412042000,1,0.07705793,27253.8600
1628156533238000,0,0.00789124,27371.9600
1628156588126000,0,0.01369000,27383.0800
1628156589213000,1,0.15424362,27362.8400
1628156649526000,0,0.02523000,27391.8500
1628156850257000,0,0.15000000,27359.9400
1628156851002000,0,0.00400000,27359.9600
1628156851008000,0,0.02000000,27359.9600
1628156851020000,0,0.18000000,27359.9600
1628156851021000,0,0.63504472,27359.9600
1628156852378000,0,0.00245000,27375.5500
1628156898222000,1,0.07869772,27369.1300
1628156898222000,1,0.07869772,27366.2700
1628156898222000,1,0.04265815,27361.3800
1628156898303000,1,0.03606892,27361.3800
1628156898303000,1,0.07872210,27357.4100
1628156898303000,1,0.07872962,27357.4000
1628156898516000,1,0.00288822,27345.1100
1628156898516000,1,0.00111178,27345.1100
1628156898542000,0,0.07867345,27356.5000
1628156898619000,0,0.00234375,27356.5200
1628156898848000,0,0.00234375,27357.2700
1628156898848000,0,0.00234375,27358.5300
1628156949238000,0,0.00182065,27330.8600
1628156955580000,0,0.00234375,27339.5600
1628156955587000,0,0.00234375,27339.5600
1628156997084000,0,0.00171415,27272.1700
1628157009103000,0,0.00343092,27250.1000
1628157016063000,0,0.01719000,27250.2500
1628157066258000,1,0.07904353,27249.4700
1628157066258000,1,0.07904638,27246.1900
1628157066258000,1,0.00097334,27242.8500
1628157066258000,1,0.20654070,27242.3800
1628157066258000,1,0.35354836,27242.3700
1628157074129000,0,0.02795068,27260.0100
1628157075578000,1,0.07906071,27237.7400
1628157075578000,1,0.07905897,27235.6200
1628157075578000,1,0.00094915,27234.6900
1628157075578000,1,0.07907454,27233.2500
1628157075578000,1,0.02600000,27233.0100
1628157075578000,1,0.27891713,27231.7200
1628157085209000,0,0.00171594,27244.4500
1628157092887000,0,0.00171675,27229.4200
1628157110919000,0,0.00106000,27280.6800
1628157133330000,1,0.00091814,27292.6600
1628157133330000,1,0.00488186,27291.8700
1628157154644000,1,0.00144535,27291.8700
1628157167926000,1,0.07887559,27309.7600
1628157167926000,1,0.07887559,27309.7500
1628157167926000,1,0.07414305,27304.4300
1628157241470000,1,0.01556550,27294.3500
1628157245018000,0,0.00346881,27306.9300
1628157254532000,1,0.07895665,27263.4500
1628157254532000,1,0.02600000,27258.4500
1628157254532000,1,0.07898048,27254.8700
1628157254532000,1,0.01613004,27253.3500
1628157267034000,0,0.08000000,27275.3800
1628157305256000,0,0.00277607,27283.5100
1628157369508000,0,0.07911534,27257.5200
1628157369508000,0,0.06164466,27260.5400
1628157470800000,0,0.01100000,27319.6200
1628157502057000,0,0.10000000,27300.0000
1628157555847000,1,0.07735386,27301.9900
1628157563207000,1,0.00123000,27301.9900
1628157666178000,0,0.00173301,27318.8000
1628157686508000,1,0.00134645,27264.2400
1628157750405000,0,0.05000000,27310.4000
1628157750437000,0,0.02783961,27310.4000
1628157751766000,0,0.04000000,27315.4500
1628157753106000,0,0.20027829,27315.4600
1628157753108000,0,0.00209198,27315.4600
1628157753112000,0,0.00000001,27315.4600
1628157837074000,0,0.03571197,27367.2700
1628157843837000,0,0.00838000,27372.0100
1628157958269000,0,0.02065310,27368.2300
1628157964060000,0,0.00389000,27396.7100
1628157975621000,0,0.00701000,27379.0500
1628158001798000,0,0.00123000,27375.3800
1628158061460000,0,0.01574000,27409.5200
1628158137317000,1,0.07850193,27431.2000
1628158137325000,1,0.00000001,27431.2000
1628158137325000,1,0.07850194,27428.1500
1628158179543000,0,0.00747575,27423.6600
1628158189742000,0,0.02357849,27427.9200
1628158210443000,0,0.00227000,27427.8300
1628158219863000,0,0.02634071,27421.3000
1628158347008000,0,0.00936000,27423.1700
1628158792259000,0,0.00178374,27414.5000
1628158812950000,0,0.00161000,27410.1500
1628158931172000,0,0.00840000,27386.8300
1628158931179000,0,0.00147000,27386.8300
1628158972908000,1,0.00205453,27369.5400
1628159013187000,1,0.00667822,27362.1700
1628159013280000,0,0.00093641,27382.0600
1628159013280000,0,0.00321396,27386.9400
1628159023541000,0,0.01605026,27385.3200
1628159044020000,0,0.00466916,27373.5900
1628159089322000,0,0.00299000,27379.1600
1628159255507000,1,0.07871271,27356.2000
1628159255507000,1,0.07871271,27353.3200
1628159255507000,1,0.13762232,27347.3800
1628159377604000,0,0.01369000,27385.1600
1628159529772000,0,0.03624000,27269.4800
1628159529791000,0,0.00217000,27269.4800
1628159544962000,0,0.00710000,27267.1500
1628159606165000,0,0.00879000,27273.8200
1628159735844000,0,0.00343000,27280.1400
1628159736453000,0,0.07873744,27280.0500
1628159744289000,1,0.01000000,27275.5200
1628159744316000,1,0.00980000,27275.5200
1628159744353000,1,0.02000000,27275.5200
1628159744650000,1,0.04220000,27275.5200
1628159766702000,0,0.00590522,27256.5700
1628159783436000,1,0.00227839,27187.9600
1628159783455000,1,0.00000001,27187.9600
1628159786273000,0,0.00091927,27209.7800
1628159786273000,0,0.00251714,27211.4900
1628159794122000,0,0.00096178,27217.7300
1628159794122000,0,0.00784822,27218.6500
1628159802659000,0,0.00515895,27188.2300
1628159823101000,0,0.00096424,27227.0200
1628159823101000,0,0.02600000,27233.1700
1628159823101000,0,0.00022576,27233.1900
1628159916681000,0,0.07685000,27271.1400
1628159957997000,1,0.00096822,27274.2000
1628159957997000,1,0.03750212,27269.3900
1628159968244000,0,0.00521385,27289.2800
1628159981177000,0,0.07029000,27288.8700
1628160010524000,0,0.00843000,27314.5100
1628160257310000,0,0.00351000,27288.6800
1628160280366000,0,0.00176000,27293.9700
1628160318640000,0,0.00715452,27296.4700
1628160338876000,0,0.01062447,27291.1200
1628160397674000,0,0.00480000,27287.0900
1628160419145000,0,0.00179029,27291.6100
1628160429379000,0,0.00272027,27298.3200
1628160549887000,0,0.00277427,27323.8600
1628160581529000,0,0.00175000,27350.5300
1628160800723000,0,0.00318927,27330.0300
1628160935149000,1,0.02832061,27243.5300
1628161015451000,0,0.00106000,27265.7700
1628161202697000,0,0.00096464,27317.4500
1628161202697000,0,0.02500536,27320.6100
1628161210550000,0,0.00351000,27290.0400
1628161210921000,0,0.00214000,27290.0400
1628161233966000,0,0.16000000,27287.5500
1628161234329000,0,0.13000000,27287.5500
1628161236747000,0,0.22000000,27296.0800
1628161244600000,0,0.07000000,27296.0800
1628161276760000,1,0.00094475,27267.5800
1628161276825000,0,0.00234375,27263.5800
1628161276891000,1,0.02000000,27262.3000
1628161276903000,1,0.00600000,27262.3000
1628161302108000,0,0.01000000,27275.9800
1628161432246000,0,0.01909861,27301.8600
1628161442189000,1,0.05000000,27285.3400
1628161442198000,1,0.05000000,27285.3400
1628161450320000,1,0.13000000,27276.9800
1628161450561000,1,0.11000000,27276.9800
1628161451775000,0,0.03099230,27289.6800
1628161513548000,1,0.03000000,27275.7200
1628161515067000,1,0.04000000,27275.7200
1628161515344000,1,0.04000000,27275.7200
1628161515425000,1,0.02000000,27275.7200
1628161515689000,1,0.16000000,27275.7200
1628161523249000,1,0.01990728,27267.2600
1628161558267000,0,0.02600000,27306.9300
1628161601309000,0,0.03111629,27303.4700
1628161601315000,0,0.00000001,27303.4700
1628161605488000,0,0.00199000,27323.0100
1628161676349000,0,0.06000000,27331.5500
1628161677047000,0,0.19000000,27331.5500
1628161677703000,0,0.29000000,27331.7100
1628161678421000,0,0.29000000,27331.5500
1628161679065000,0,0.27000000,27331.5500
1628161682880000,0,0.07153549,27337.4600
1628161745394000,0,0.02105000,27342.0900
1628161752090000,0,0.01492095,27342.0900
1628161809497000,0,0.00105000,27389.0200
1628161816463000,0,0.16798654,27396.4800
1628161819552000,1,0.07867845,27368.3100
1628161819563000,1,0.00000001,27368.3100
1628161863222000,1,0.01779694,27405.8600
1628161870012000,0,0.00094698,27421.1400
1628161870012000,0,0.01905302,27423.0700
1628161871085000,0,0.09000000,27423.0700
1628161871131000,0,0.12000000,27423.0700
1628161871408000,0,0.06000000,27423.0700
1628161872570000,0,0.00092804,27423.0700
1628161875087000,0,0.01399000,27426.1900
1628161901106000,1,0.07855375,27429.8700
1628161901111000,1,0.00000001,27429.8700
1628161907919000,0,0.00091908,27431.4200
1628161908333000,0,0.00001876,27431.4200
1628161912087000,0,0.04000000,27436.1800
1628161912151000,0,0.04000000,27436.1800
1628161912814000,0,0.04000000,27436.1800
1628161912821000,0,0.10000000,27436.1800
1628161912861000,0,0.07000000,27436.1800
1628161913103000,0,0.03038000,27436.1800
1628161913549000,0,0.25962000,27436.1800
1628161913549000,0,0.00038000,27437.5500
1628161914086000,0,0.28420000,27436.1800
1628161916742000,0,0.29000000,27447.3400
1628161933878000,1,0.07855012,27442.7000
1628161933883000,1,0.00000001,27442.7000
1628162140354000,0,0.07854893,27471.3200
1628162140354000,0,0.07854382,27474.1800
1628162140354000,0,0.00091239,27475.1100
1628162140354000,0,0.30000000,27477.0000
1628162140354000,0,0.07853185,27477.3800
1628162140354000,0,0.07852186,27480.3500
1628162140354000,0,0.00095495,27481.3500
1628162140354000,0,0.07851402,27483.1200
1628162140354000,0,0.00090406,27487.0200
1628162140354000,0,0.02600000,27489.6400
1628162140354000,0,0.00091821,27493.3900
1628162140354000,0,0.00521897,27503.1500
1628162140354000,0,0.22970850,27508.2000
1628162165188000,1,0.02599999,27439.6400
1628162213063000,0,0.00556000,27453.1800
1628162256616000,0,0.00106000,27448.4100
1628162311104000,0,0.00234375,27444.6800
1628162311131000,0,0.00234375,27444.6800
1628162311173000,0,0.00234375,27444.6800
1628162362775000,0,0.00175000,27439.9200
1628162414666000,0,0.00090047,27405.7600
1628162414666000,0,0.00469953,27409.1300
1628162444472000,0,0.07651628,27409.1200
1628162504750000,1,0.02379879,27369.0300
1628162579650000,0,0.00331924,27433.9900
1628162584991000,0,0.00207671,27430.0600
1628162714188000,0,0.00318000,27433.0700
1628162765991000,0,0.07123871,27424.3600
1628162802989000,0,0.00700000,27427.1000
1628162970594000,0,0.00400000,27424.6900
1628163068449000,0,0.00453558,27419.9700
1628163071491000,0,0.00360000,27418.6000
1628163085250000,0,0.01196000,27418.8100
1628163197197000,0,0.04810493,27409.3000
1628163217439000,0,0.00414641,27409.3900
1628163337761000,0,0.05435104,27387.4100
1628163357992000,0,0.00338000,27390.4900
1628163371164000,0,0.00960000,27381.8700
1628163609203000,0,0.01103000,27381.4100
1628163702339000,0,0.00704000,27355.3800
1628163748755000,0,0.00903000,27344.0600
1628163755311000,0,0.02616672,27327.9800
1628163755367000,0,0.05270665,27327.9800
1628163777264000,0,0.00728279,27324.6600
1628163810377000,0,0.00105000,27322.9900
1628163866151000,0,0.00092691,27282.7700
1628163866151000,0,0.02078309,27285.7200
1628163868859000,0,0.00093722,27277.4400
1628163868859000,0,0.00148682,27279.0300
1628163949113000,1,0.00096441,27281.4600
1628163949113000,1,0.02103559,27275.6400
1628163972305000,0,0.00246000,27299.9100
1628163981153000,0,0.02599999,27301.4200
1628164079376000,0,0.00364391,27348.9100
1628164096231000,0,0.00354000,27344.0600
1628164360776000,1,0.00520445,27276.4200
1628164401081000,0,0.00357634,27307.2800
1628164430522000,0,0.09999999,27323.4200
1628164430547000,0,0.00000001,27323.4200
1628164569159000,0,0.00759000,27278.3400
1628164615096000,0,0.00362000,27304.3600
1628164632634000,0,0.00267000,27312.7000
1628164659685000,0,0.00492000,27307.2800
1628164782091000,0,0.00138662,27293.4500
1628164915515000,0,0.00091966,27235.2000
1628164915515000,0,0.00815034,27240.6600
1628164958547000,1,0.07898746,27273.2500
1628164958548000,1,0.07899353,27269.0600
1628164958632000,1,0.00234375,27263.6100
1628164958636000,1,0.00234375,27263.6100
1628164958674000,1,0.06044939,27263.6100
1628164958690000,1,0.01386087,27263.6100
1628164987038000,0,0.00183000,27256.8700
1628165122741000,0,0.00713975,27361.8700
1628165170221000,0,0.00399000,27378.1500
1628165193542000,0,0.00105000,27358.0900
1628165442042000,0,0.07875553,27363.6000
1628165442042000,0,0.03033355,27363.6000
1628165528032000,0,0.01051000,27371.8300
1628165543183000,0,0.02634484,27365.8100
1628165578338000,0,0.00547000,27363.1200
1628165593489000,0,0.02856229,27360.3700
1628165770075000,0,0.00257000,27273.1900
1628165870518000,0,0.02599999,27253.4400
1628165870585000,0,0.00000001,27253.4400
1628165894242000,0,0.06146194,27252.1700
1628165959191000,0,0.00106000,27267.7700
1628166001822000,1,0.00234375,27276.5400
1628166001822000,1,0.00234374,27276.5300
1628166001919000,1,0.00000001,27276.5300
1628166162908000,0,0.01821803,27308.6600
1628166250397000,0,0.00702000,27334.8600
1628166251180000,0,0.01105000,27334.8600
1628166301314000,0,0.00361000,27355.1100
1628166330468000,0,0.00263000,27303.9000
1628166467484000,0,0.02898000,27269.7600
1628166476832000,1,0.04297474,27250.0000
1628166476842000,1,0.08163732,27250.0000
1628166476842000,1,0.00400000,27250.0000
1628166476924000,1,0.12138794,27250.0000
1628166517367000,0,0.04229000,27221.3000
1628166560295000,1,0.00234375,27152.5100
1628166560295000,1,0.00600957,27152.5100
1628166560295000,1,0.02088331,27152.5100
1628166560295000,1,0.03310712,27152.5000
1628166581072000,0,0.00172016,27177.6700
1628166593648000,0,0.00172083,27164.1600
1628166614719000,0,0.00172139,27158.2300
1628166626025000,0,0.00194000,27195.5900
1628166651540000,0,0.00353000,27182.9900
1628166681053000,0,0.00234375,27231.2900
1628166681056000,0,0.00234375,27231.2900
1628166703280000,0,0.03625000,27246.2500
1628166745030000,0,0.00107000,27264.3100
1628166765080000,0,0.07910374,27267.0000
1628166765080000,0,0.07915244,27269.8100
1628166765080000,0,0.07914943,27272.4300
1628166765080000,0,0.02600000,27273.1800
1628166765080000,0,0.07914158,27275.1900
1628166765080000,0,0.00087068,27281.1700
1628166765080000,0,0.07912134,27282.9500
1628166765080000,0,0.00100649,27290.7000
1628166765080000,0,0.06916893,27294.1800
1628166875878000,0,0.00095483,27275.0700
1628166883555000,0,0.01759000,27271.5300
1628166917002000,0,0.00106000,27233.3600
1628166946430000,0,0.00173607,27233.4700
1628167106743000,0,0.00104155,27271.0700
1628167189144000,0,0.00362000,27237.6800
1628167199811000,0,0.10000000,27235.7100
1628167220300000,1,0.05253422,27238.8800
1628167427383000,0,0.22067503,27178.2700
1628167446090000,0,0.00530000,27141.2000
1628167448761000,0,0.00172243,27141.8400
1628167477666000,0,0.00381276,27155.2900
1628167486270000,0,0.00097112,27130.7300
1628167486957000,1,0.24000000,27110.0000
1628167487176000,1,0.62623533,27110.0000
1628167495704000,0,0.00344682,27129.2800
1628167501281000,0,0.00172401,27093.9900
1628167505195000,0,0.00517914,27074.7000
1628167508302000,0,0.00172670,27074.7000
1628167511421000,1,0.00089495,27033.5100
1628167513726000,0,0.00172745,27060.1500
1628167526566000,0,0.00095297,27036.5100
1628167526566000,0,0.00250464,27036.5100
1628167528745000,0,0.07980690,27054.2900
1628167528756000,0,0.00000001,27054.2900
1628167532159000,0,0.07980726,27044.3500
1628167545967000,1,0.00400037,27020.0000
1628167546075000,0,0.00172955,27024.7100
1628167549279000,0,0.00172999,27019.1100
1628167550732000,1,0.00234375,27000.0000
1628167550735000,1,0.00234375,27000.0000
1628167551389000,1,0.00031250,27000.0000
1628167551389000,1,0.01669055,27000.0000
1628167551651000,1,0.10447505,27000.0000
1628167551717000,1,0.07112631,27000.0000
1628167551747000,1,0.05899476,27000.0000
1628167551937000,1,0.12631747,27000.0000
1628167551989000,1,0.00234375,27000.0000
1628167552089000,1,0.12005211,27000.0000
1628167553483000,0,0.00346290,26993.3800
1628167556635000,0,0.00173190,26973.6100
1628167558059000,1,0.13678000,26912.4100
1628167559140000,1,0.00093428,26905.6800
1628167559140000,1,0.00091869,26899.0300
1628167559140000,1,0.00814703,26898.4700
1628167559190000,1,0.28185297,26898.4700
1628167559190000,1,0.00093606,26897.1300
1628167569910000,0,0.00400000,26948.6300
1628167571056000,0,0.00091190,26943.7700
1628167571056000,0,0.00776349,26947.2900
1628167571935000,0,0.00142000,26948.6300
1628167572703000,0,0.00982035,26948.6300
1628167573577000,0,0.04033510,26948.6300
1628167573662000,0,0.08059455,26948.6300
1628167579421000,1,0.21547182,26927.0200
1628167579830000,1,0.00861145,26906.3800
1628167579830000,1,0.02138855,26906.3800
1628167580064000,1,0.00014232,26906.3800
1628167580064000,1,0.00220143,26906.3500
1628167580083000,1,0.05000000,26906.3500
1628167580125000,1,0.00377926,26906.3500
1628167581434000,1,0.13000000,26872.5100
1628167584142000,1,0.00685020,26872.5100
1628167584591000,1,0.00013980,26872.5100
1628167584780000,1,0.00685020,26875.1400
1628167584820000,1,0.12966034,26875.1400
1628167584822000,1,0.00045946,26875.1400
1628167585659000,1,0.00399400,26844.4800
1628167586212000,1,0.28600600,26844.4800
1628167586212000,1,0.07399400,26843.1400
1628167586254000,1,0.00399400,26843.1400
1628167587208000,1,0.00093766,26856.5600
1628167587208000,1,0.00091902,26850.4000
1628167587208000,1,0.00095502,26844.6200
1628167587208000,1,0.00067530,26839.2600
1628167597060000,1,0.00807582,26875.7800
1628167597060000,1,0.00369058,26875.7700
1628167597071000,1,0.19989119,26875.7700
1628167598031000,0,0.00092005,26906.6800
1628167598031000,0,0.00576995,26918.8000
1628167602135000,0,0.00315929,26900.9000
1628167602158000,0,0.00284873,26900.9000
1628167602186000,0,0.13016198,26900.9000
1628167602228000,1,0.00090031,26889.7400
1628167602228000,1,0.00092443,26888.4000
1628167607207000,0,0.09296669,26929.6000
1628167607655000,0,0.04380330,26929.6000
1628167607714000,0,0.00000001,26929.6000
1628167617472000,0,0.04307175,26932.3300
1628167618470000,0,0.08133769,26932.3300
1628167618485000,0,0.01236056,26932.3300
1628167656329000,1,0.00856390,26936.8200
1628167659038000,0,0.00173557,26924.7400
1628167663877000,0,0.00347383,26909.8800
1628167670142000,1,0.00174726,26922.1400
1628167694194000,1,0.00003566,26922.1400
1628167698803000,1,0.00097463,26922.4200
1628167698803000,1,0.29000000,26921.9100
1628167698803000,1,0.08009001,26920.5700
1628167698803000,1,0.29000000,26917.8500
1628167698803000,1,0.06612540,26916.5100
1628167730097000,0,0.08009747,26938.6900
1628167730131000,0,0.08008791,26942.6300
1628167731655000,0,0.00300000,26945.2300
1628167749033000,1,0.00234374,26944.3500
1628167750933000,1,0.00000001,26944.3500
1628167758496000,0,0.18132261,26922.5300
1628167804037000,0,0.00347000,26961.7700
1628167804478000,1,0.00091111,26932.5700
1628167805212000,0,0.08482423,26961.7600
1628167816941000,1,0.04000000,26957.8800
1628167820671000,1,0.01000000,26957.4500
1628167839010000,1,0.07000000,26955.1000
1628167861189000,0,0.00246310,27000.9500
1628167861287000,0,0.00000001,27000.9500
1628167866941000,1,0.07992526,26974.9700
1628167866941000,1,0.07992235,26974.2000
1628167870590000,1,0.06000000,26978.5500
1628167876193000,1,0.04000000,26992.8900
1628167878498000,1,0.03000000,26997.0500
1628167879418000,1,0.07000000,26995.7000
1628167879465000,1,0.00987140,26995.7000
1628167881140000,1,0.07986409,27000.3100
1628167881140000,1,0.28013591,27000.3100
1628167888420000,1,0.07000000,26999.7000
1628167888427000,1,0.00985754,26999.7000
1628167889013000,1,0.00874597,26999.7300
1628167890183000,1,0.02000000,27004.6900
1628167890241000,1,0.18000000,27004.6900
1628167891349000,1,0.07984546,27003.3400
1628167976701000,0,0.00105792,27060.1900
1628167976713000,0,0.00000001,27060.1900
1628167977437000,0,0.03490155,27083.8900
1628167978190000,1,0.00103676,27063.1700
1628167986703000,1,0.07000000,27057.9700
1628167999280000,0,0.00108363,27075.9300
1628168004388000,1,0.07971334,27058.8400
1628168004388000,1,0.29000000,27053.2800
1628168004388000,1,0.07973053,27053.2500
1628168004388000,1,0.07973775,27049.7400
1628168004388000,1,0.00793883,27041.8800
1628168004388000,1,0.07970383,27041.8700
1628168004388000,1,0.01984589,27036.8500
1628168004388000,1,0.02600000,27035.2100
1628168004388000,1,0.05159703,27018.6600
1628168004388000,1,0.23480073,27018.6500
1628168004388000,1,0.00820963,27017.0500
1628168009518000,0,0.00158932,27079.7400
1628168081778000,0,0.01062000,27088.4200
1628168109978000,0,0.00162077,27098.0700
1628168170264000,1,0.00110398,27077.6400
1628168256951000,0,0.07735849,27292.3100
1628168256951000,0,0.21264151,27292.3200
1628168260515000,1,0.01849615,27252.2000
1628168281281000,1,0.00347383,27278.2300
1628168287752000,1,0.01041096,27334.8200
1628168292185000,1,0.00234375,27366.3800
1628168292190000,1,0.00234375,27366.3800
1628168292209000,1,0.00234375,27366.3800
1628168401123000,1,0.00563889,27344.7700
1628168422347000,0,0.15457004,27386.2900
1628168431384000,0,0.00096143,27389.2500
1628168431384000,0,0.06696352,27393.8500
1628168431751000,1,0.00173190,27361.7100
1628168441526000,0,0.00178291,27398.8700
1628168441565000,0,0.00000001,27398.8700
1628168441669000,1,0.00095882,27394.1600
1628168441669000,1,0.00077308,27388.8700
1628168448091000,1,0.00092167,27380.9700
1628168448091000,1,0.00254123,27377.7900
1628168478976000,0,0.00096333,27391.2700
1628168478976000,0,0.02354667,27395.8000
1628168504358000,1,0.00345954,27406.6100
1628168510589000,1,0.00345761,27417.4800
1628168516915000,1,0.00172745,27431.2600
1628168517306000,1,0.07862668,27429.9300
1628168517331000,0,0.00234375,27428.3000
1628168521891000,0,0.02889614,27444.4400
1628168532099000,1,0.00093869,27434.8800
1628168532099000,1,0.00088570,27432.1000
1628168538196000,1,0.01000000,27417.4800
1628168538303000,1,0.08142251,27417.4800
1628168564445000,0,0.10484000,27444.1300
1628168622355000,0,0.07221903,27430.7500
1628168662591000,0,0.05310652,27424.8900
1628168672096000,0,0.01224000,27424.8900
1628168675997000,0,0.00262000,27418.3300
1628168726236000,1,0.07871958,27383.5400
1628168726236000,1,0.07872877,27380.3500
1628168726236000,1,0.04252751,27376.6000
1628168726414000,1,0.00400000,27376.6000
1628168726430000,1,0.00234375,27376.6000
1628168748598000,0,0.00876000,27343.7700
1628168772867000,0,0.00190505,27338.7200
1628168791315000,0,0.00652349,27312.0500
1628168830228000,1,0.00093995,27240.5700
1628168830228000,1,0.46381105,27237.9800
1628168830228000,1,0.07913775,27237.9700
1628168830228000,1,0.00105074,27235.0800
1628168830228000,1,0.07915359,27232.1400
1628168835249000,1,0.28420000,27229.1900
1628168869403000,1,0.28420000,27250.5500
1628168873305000,1,0.00096608,27249.1900
1628168873305000,1,0.07603392,27240.7400
1628168874251000,1,0.00093330,27243.5100
1628168916254000,1,0.00097180,27259.2100
1628168930290000,1,0.04834611,27241.8500
1628168945819000,1,0.00096361,27256.5600
1628168945895000,1,0.00234375,27255.8400
1628168977781000,1,0.07915340,27255.7400
1628168977781000,1,0.07916171,27252.6000
1628168977781000,1,0.07917119,27249.2300
1628168977781000,1,0.07917989,27246.0300
1628168977781000,1,0.07918999,27242.7600
1628168977781000,1,0.48528133,27236.0700
1628168977781000,1,0.00093865,27234.3600
1628168977781000,1,0.00732005,27227.3400
1628168977781000,1,0.01829877,27227.3400
1628168977781000,1,0.02600000,27227.3300
1628168977781000,1,0.00095419,27226.8300
1628168977781000,1,0.04758205,27220.4500
1628168977781000,1,0.00090841,27220.4400
1628168977781000,1,0.06100000,27216.6700
1628168977781000,1,0.00093333,27213.8600
1628168977781000,1,0.07800000,27208.8900
1628169016123000,0,0.00406400,27249.3700
1628169020330000,0,0.00749000,27266.1200
1628169036682000,0,0.00123200,27241.1200
1628169037099000,0,0.03666000,27232.4500
1628169043726000,1,0.06526762,27208.9000
1628169043726000,1,0.01488970,27208.9000
1628169043775000,1,0.03263389,27208.8900
1628169043775000,1,0.03263373,27208.8900
1628169043782000,1,0.00000001,27208.8900
1628169076438000,1,0.07931601,27180.1500
1628169076448000,1,0.00000001,27180.1500
1628169121868000,1,0.07934468,27191.7300
1628169121877000,1,0.00000001,27191.7300
1628169140427000,1,0.03728023,27179.9500
1628169174276000,0,0.01076870,27200.0100
1628169202735000,0,0.00096746,27157.9500
1628169202735000,0,0.00079254,27161.4800
1628169228207000,1,0.01014947,27145.0500
1628169306288000,0,0.06768025,27233.9800
1628169306298000,0,0.01341037,27233.9800
1628169306298000,0,0.12111377,27237.9400
1628169306313000,0,0.19357335,27237.9400
1628169332768000,0,0.00091561,27217.4700
1628169332768000,0,0.00091215,27220.5000
1628169693115000,1,0.00234375,27077.6700
1628169693117000,1,0.00234375,27077.6700
1628169696122000,0,0.00850000,27093.5800
1628169699512000,0,0.01365000,27100.0800
1628169728638000,0,0.00333000,27098.5000
1628169791310000,1,0.07961492,27087.7900
1628169798022000,0,0.00584000,27096.8700
1628169934055000,0,0.00212000,27126.4000
1628169955654000,1,0.00078915,27114.1300
1628169985068000,0,0.00091033,27177.8800
1628169985068000,0,0.00744967,27180.1200
1628170012823000,1,0.07000000,27156.9000
1628170046055000,0,0.00799000,27179.9800
1628170067863000,1,0.00167286,27223.7500
1628170080197000,1,0.01000000,27211.6200
1628170080855000,1,0.06000000,27211.6200
1628170082209000,1,0.02000000,27212.8700
1628170084618000,1,0.07000000,27207.8600
1628170084656000,1,0.00924204,27207.8600
1628170084992000,1,0.07000000,27201.8900
1628170087673000,1,0.04000000,27197.4200
1628170091576000,1,0.07000000,27178.8700
1628170162664000,0,0.00876000,27155.0900
1628170194955000,1,0.03000000,27165.3200
1628170194986000,1,0.04000000,27165.3200
1628170210787000,0,0.00705000,27193.2400
1628170221553000,1,0.01000000,27181.2500
1628170221655000,1,0.07000000,27181.2500
1628170221815000,1,0.15000000,27181.2500
1628170222354000,1,0.06000000,27181.2500
1628170222354000,1,0.07000000,27181.1600
1628170226139000,0,0.02600000,27200.7500
1628170226139000,0,0.04373612,27202.0900
1628170230588000,1,0.27000000,27188.4400
1628170230589000,1,0.02000000,27188.4400
1628170230990000,1,0.06000000,27188.4400
1628170231402000,1,0.15000000,27188.4400
1628170231943000,1,0.08000000,27188.4400
1628170235197000,1,0.22000000,27191.5900
1628170235214000,1,0.07000000,27191.5900
1628170237335000,1,0.05000000,27196.1700
1628170237392000,1,0.03000000,27196.1700
1628170256341000,1,0.00515450,27178.7100
1628170430080000,0,0.07921165,27222.4900
1628170436614000,0,0.01438404,27273.2600
1628170528781000,1,0.07909210,27237.0400
1628170528781000,1,0.00093235,27233.9600
1628170528781000,1,0.00094897,27233.1700
1628170528781000,1,0.07910797,27232.2400
1628170528781000,1,0.07911689,27227.6000
1628170528926000,1,0.00234375,27223.2700
1628170667614000,1,0.03657778,27221.1000
1628170802075000,0,0.00731219,27214.8100
1628170884168000,0,0.00247000,27218.2500
1628171063778000,0,0.00234375,27226.5700
1628171065674000,0,0.00400000,27226.5700
1628171069074000,0,0.00364206,27226.5700
1628171069305000,0,0.03573993,27226.5700
1628171069510000,0,0.09007348,27226.5700
1628171070205000,0,0.06483668,27226.5700
1628171071997000,0,0.07922982,27226.5700
1628171072591000,0,0.01013428,27226.5700
1628171202773000,0,0.00732633,27163.4300
1628171237328000,1,0.07945660,27138.5300
1628171237445000,1,0.00000001,27138.5300
1628171280907000,1,0.07948172,27144.1100
1628171288790000,0,0.09892000,27148.0400
1628171299741000,1,0.29000000,27106.4100
1628171299741000,1,0.07217625,27105.0600
1628171302767000,1,0.29000000,27105.1400
1628171302767000,1,0.00144352,27105.0600
1628171315397000,1,0.29000000,27108.0000
1628171315397000,1,0.07956818,27107.9300
1628171315397000,1,0.29000000,27105.0000
1628171315397000,1,0.06478512,27104.9800
1628171323760000,0,0.01697000,27135.1200
1628171452267000,1,0.00305615,27143.2000
1628171452316000,1,0.07640271,27143.2000
1628171472093000,0,0.00177000,27160.4600
1628171522512000,1,0.03549193,27149.7200
1628171522513000,1,0.19992800,27149.7200
1628171522570000,1,0.11642310,27149.7200
1628171522942000,1,0.07000000,27149.7200
1628171523315000,1,0.00215696,27149.7200
1628171523334000,1,0.00000001,27149.7200
1628171557728000,0,0.00228233,27138.9200
1628171559210000,1,0.01107915,27117.1200
1628171748733000,1,0.07000000,27204.1300
1628171748760000,1,0.00300000,27204.1300
1628171807332000,0,0.00141000,27214.8900
1628171860002000,0,0.05205125,27279.6100
1628171960318000,0,0.01790943,27278.4800
1628171990521000,0,0.00243134,27324.6300
1628172044473000,0,0.00095642,27284.3100
1628172061074000,0,0.00092397,27317.1200
1628172061074000,0,0.00140417,27319.9100
1628172091289000,0,0.01341510,27263.8800
1628172141496000,0,0.17919976,27252.7300
1628172186708000,0,0.00093920,27255.3200
1628172186708000,0,0.00064080,27260.2300
1628172250224000,0,0.00845000,27270.6900
1628172250336000,0,0.00282000,27270.6900
1628172342670000,0,0.00234375,27383.6900
1628172342688000,0,0.00234375,27383.6900
1628172352978000,0,0.00234375,27388.1000
1628172356868000,1,0.00234375,27404.6700
1628172356870000,1,0.00234375,27404.6700
1628172360162000,1,0.00234375,27420.7900
1628172369034000,1,0.00091891,27409.6700
1628172371401000,0,0.00210000,27425.9100
1628172392770000,1,0.00093039,27452.9200
1628172392770000,1,0.00079631,27451.6600
1628172417297000,1,0.00517914,27463.8600
1628172418970000,1,0.00234375,27517.1100
1628172423731000,1,0.00095000,27504.4400
1628172423731000,1,0.00092980,27495.6500
1628172423731000,1,0.00329103,27494.7000
1628172424345000,0,0.00091693,27563.8100
1628172424443000,1,0.00400000,27569.7700
1628172424788000,0,0.00234374,27556.0500
1628172424810000,0,0.00000001,27556.0500
1628172432459000,1,0.00091080,27567.7600
1628172432459000,1,0.00090465,27561.4600
1628172432459000,1,0.00095217,27555.5100
1628172432459000,1,0.00411719,27551.7200
1628172442243000,1,0.00090380,27604.3300
1628172442243000,1,0.00090374,27596.1000
1628172442243000,1,0.00678782,27590.5400
1628172456799000,0,0.00234375,27600.4500
1628172460304000,0,0.00234375,27593.4600
1628172460308000,0,0.00234375,27593.4600
1628172484349000,0,0.00091755,27593.9900
1628172484458000,0,0.00001873,27593.9900
1628172488230000,0,0.00091655,27604.5800
1628172488230000,0,0.01340345,27607.7900
1628172508759000,1,0.07813631,27571.2000
1628172508777000,1,0.07814687,27567.4900
1628172508837000,1,0.00234375,27563.7000
1628172508983000,1,0.00234375,27559.9600
1628172510070000,1,0.01657848,27559.9600
1628172510084000,1,0.00000001,27559.9600
1628172531912000,1,0.00234375,27557.6100
1628172568593000,0,0.00436000,27517.4700
1628172592288000,0,0.00349000,27549.1500
1628172599860000,0,0.00801000,27541.9400
1628172609961000,0,0.00093463,27526.0800
1628172609961000,0,0.00090093,27535.2300
1628172609961000,0,0.01466444,27536.7500
1628172614673000,1,0.00729246,27497.0200
1628172614678000,1,0.00000001,27497.0200
1628172615157000,1,0.00728955,27490.4000
1628172615159000,1,0.00000001,27490.4000
1628172633908000,1,0.02323412,27444.0300
1628172662800000,0,0.00464000,27468.9700
1628172697226000,1,0.00839306,27422.8700
1628172722262000,1,0.00090868,27406.9500
1628172722383000,1,0.00001854,27406.9500
1628172726074000,1,0.00090335,27401.7500
1628172738432000,0,0.00400000,27428.0400
1628172739418000,0,0.02612088,27428.0400
1628172739437000,0,0.06987912,27428.0400
1628172809132000,1,0.00200000,27563.0600
1628172816742000,0,0.00234375,27560.9300
1628172816742000,0,0.00234375,27560.9300
1628172822970000,0,0.00696000,27578.2500
1628172828238000,0,0.00095159,27570.5400
1628172828238000,0,0.00036841,27572.3300
1628172884685000,1,0.00777568,27511.3300
1628172888006000,1,0.00234375,27540.1600
1628172888009000,1,0.00234375,27540.1600
1628172927033000,0,0.00200000,27574.4500
1628172927540000,0,0.00200000,27573.6600
1628172959356000,0,0.00167000,27609.4400
1628173081276000,1,0.00094958,27559.0100
1628173081276000,1,0.00074016,27557.7900
1628173170797000,1,0.00094768,27595.8300
1628173183657000,0,0.00234375,27613.4700
1628173183660000,0,0.00234375,27613.4700
1628173183667000,0,0.00234375,27613.4700
1628173183718000,0,0.00234375,27613.4700
1628173291250000,0,0.29000000,27564.8200
1628173291250000,0,0.10000000,27565.0300
1628173291250000,0,0.07805250,27581.1800
1628173291250000,0,0.07804579,27581.4400
1628173291250000,0,0.00095165,27584.6200
1628173291250000,0,0.38915486,27589.2300
1628173328746000,0,0.00540000,27540.2300
1628173418733000,0,0.00162000,27539.0500
1628173562779000,0,0.00091425,27515.9000
1628173562779000,0,0.00252074,27517.0700
1628173766332000,1,0.07000000,27516.5500
1628173815608000,0,0.01914000,27550.8700
1628173822224000,0,0.00348000,27527.5500
1628173826193000,0,0.00093858,27513.7900
1628173826193000,0,0.00095236,27519.5500
1628173826193000,0,0.00096870,27526.1800
1628173826193000,0,0.06683036,27527.5500
1628173858743000,0,0.00160000,27520.5900
1628173878059000,1,0.00234375,27507.7400
1628173886640000,0,0.00137833,27512.1700
1628173942431000,0,0.00174000,27513.5200
1628173950131000,1,0.07300000,27501.8800
1628173997722000,1,0.00234375,27518.6400
1628173997724000,1,0.00234375,27518.6400
1628173997735000,1,0.00400000,27518.6400
1628174015182000,0,0.03987733,27533.2300
1628174037120000,0,0.01455339,27574.6800
1628174057330000,1,0.01872329,27543.0400
1628174073964000,0,0.00357000,27562.8100
1628174127882000,0,0.00179875,27588.4300
1628174156393000,0,0.02545851,27591.9500
1628174165675000,0,0.00348000,27590.3500
1628174189949000,0,0.00313000,27568.5800
1628174194955000,0,0.07812602,27565.8500
1628174194957000,0,0.07811438,27569.9500
1628174194957000,0,0.07810277,27573.8100
1628174194957000,0,0.00093600,27576.4000
1628174194957000,0,0.04281360,27577.4700
1628174194958000,0,0.03527772,27577.4700
1628174195000000,0,0.07812601,27561.9700
1628174195014000,0,0.00001083,27561.9700
1628174203717000,0,0.00104000,27595.4100
1628174233706000,0,0.00174000,27590.2200
1628174321986000,0,0.00541018,27586.8500
1628174324540000,0,0.00400000,27598.1000
1628174384478000,0,0.00808604,27606.1700
1628174384480000,0,0.17485276,27606.1700
1628174384596000,0,0.05777768,27606.1700
1628174385388000,0,0.00444161,27606.1700
1628174385536000,0,0.07498191,27606.1700
1628174391881000,0,0.00869737,27606.1700
1628174391980000,0,0.04884887,27606.1700
1628174392046000,0,0.12231376,27606.1700
1628174396409000,1,0.00171676,27604.0700
1628174409147000,1,0.00092225,27620.0900
1628174409147000,1,0.00079370,27617.8300
1628174416064000,1,0.00343093,27631.1600
1628174442197000,1,0.00097115,27625.9600
1628174455264000,0,0.39000000,27664.1700
1628174455276000,0,0.00800000,27664.1700
1628174458667000,1,0.00414730,27650.7200
1628174467458000,1,0.00243167,27688.3500
1628174474401000,1,0.00243097,27695.3300
1628174489747000,1,0.00242983,27711.0400
1628174501894000,1,0.07763357,27721.1300
1628174501909000,1,0.07763939,27717.5900
1628174501909000,1,0.07764065,27713.9600
1628174505874000,1,0.00728748,27726.8300
1628174520510000,0,0.00195142,27766.2200
1628174520534000,0,0.00000001,27766.2200
1628174522383000,1,0.00242700,27752.2600
1628174528969000,1,0.00485169,27775.5900
1628174535238000,1,0.00242364,27781.1000
1628174543270000,1,0.00242284,27781.6200
1628174548660000,0,0.00291208,27804.0100
1628174624133000,1,0.00242199,27791.4500
1628174633431000,0,0.00104000,27804.6400
1628174770020000,0,0.00169000,27752.8900
1628174800822000,0,0.01433975,27755.0000
1628174849115000,0,0.00902632,27818.2500
1628174869571000,1,0.00242167,27812.0400
1628174881014000,1,0.00725857,27822.7200
1628174889176000,0,0.07736665,27836.3700
1628174889176000,0,0.07735260,27840.5400
1628174889176000,0,0.00090281,27841.1100
1628174889176000,0,0.02600000,27842.5300
1628174889176000,0,0.01881525,27844.7300
1628174889179000,0,0.05853023,27844.7300
1628174889179000,0,0.00095315,27846.7500
1628174889181000,0,0.07733564,27848.9800
1628174889181000,0,0.03052045,27853.3200
1628174889181000,0,0.00097135,27853.3300
1628174889181000,0,0.07631959,27855.7000
1628174889181000,0,0.01529028,27855.7100
1628174889353000,0,0.07736723,27859.0700
1628174889353000,0,0.07631099,27863.3900
1628174905940000,0,0.00532000,27849.2700
1628174914126000,1,0.00241788,27843.9400
1628174926282000,1,0.00724970,27855.0900
1628174926384000,0,0.05171455,27863.5800
1628174929836000,0,0.04828544,27863.5800
1628174929851000,0,0.00000001,27863.5800
1628174936458000,1,0.00094387,27889.5600
1628174936458000,1,0.00388517,27880.8000
1628174940746000,1,0.00096261,27885.5300
1628174942682000,0,0.00175104,27897.5500
1628174942694000,0,0.00000001,27897.5500
1628174948929000,1,0.00093444,27905.4000
1628174948929000,1,0.00147796,27902.9000
1628174999660000,0,0.07280131,27876.1500
1628175009805000,0,0.00533000,27909.0100
1628175164095000,0,0.07424000,27876.3000
1628175164841000,1,0.07722369,27851.8300
1628175164841000,1,0.07719415,27847.4700
1628175164841000,1,0.02600000,27846.5800
1628175164841000,1,0.05157448,27843.1300
1628175249402000,1,0.05878719,27865.4400
1628175249411000,1,0.01841313,27865.4400
1628175249425000,1,0.07719502,27862.3800
1628175249425000,1,0.00096934,27861.3300
1628175249487000,0,0.02149000,27889.8400
1628175292836000,1,0.07721560,27861.6300
1628175292837000,1,0.00091953,27858.2400
1628175292837000,1,0.07722974,27856.4000
1628175292837000,1,0.00094473,27852.0300
1628175292837000,1,0.07724542,27850.8600
1628175469305000,1,0.00083060,27890.4000
1628175518208000,1,0.00241211,27919.5900
1628175519009000,0,0.01442000,27940.2800
1628175527725000,1,0.00241101,27932.5700
1628175550357000,0,0.00312376,27966.5300
1628175573008000,1,0.00091195,27967.3100
1628175573008000,1,0.00149548,27966.4600
1628175573558000,1,0.00100000,27973.9400
1628175573987000,1,0.00049548,27973.9400
1628175575298000,1,0.00354300,27968.8300
1628175579573000,1,0.00091439,27987.1700
1628175579573000,1,0.00149188,27981.4300
1628175590525000,1,0.00240539,27985.6100
1628175599704000,1,0.00722691,27990.8300
1628175640076000,0,0.00641000,27962.6300
1628175868849000,0,0.04250590,27949.0600
1628175961773000,0,0.01782541,27952.1300
1628175982184000,0,0.00677852,27921.8900
1628176088890000,0,0.00147000,27924.9400
1628176227962000,1,0.00480845,28018.2200
1628176234388000,0,0.22000000,28076.0200
1628176234637000,0,0.20000000,28076.0200
1628176235871000,1,0.00720613,28049.0500
1628176242445000,1,0.00719792,28078.4500
1628176257155000,1,0.00479441,28103.1300
1628176264074000,1,0.00239630,28111.7500
1628176270973000,1,0.00478991,28125.8400
1628176290482000,1,0.00095360,28132.6200
1628176291918000,0,0.07650715,28170.0400
1628176292080000,0,0.07649230,28176.4000
1628176299178000,1,0.00090202,28157.1600
1628176299178000,1,0.00388408,28153.2200
1628176306722000,1,0.00956194,28185.7600
1628176329078000,0,0.00094973,28208.1100
1628176329078000,0,0.00290027,28210.6700
1628176355331000,1,0.00300000,28184.0200
1628176380272000,1,0.00238791,28190.5400
1628176419209000,1,0.00238774,28208.5100
1628176444819000,0,0.00340000,28205.5500
1628176453644000,0,0.00188215,28191.7200
1628176502060000,0,0.07648410,28170.0500
1628176513862000,1,0.07241703,28168.7300
1628176513946000,0,0.03292989,28196.7800
1628176522938000,0,0.07825733,28189.7200
1628176522969000,0,0.15472220,28189.7200
1628176523003000,0,0.01099587,28189.7200
1628176523024000,0,0.06597274,28189.7200
1628176523030000,0,0.05037161,28189.7200
1628176523044000,0,0.00400000,28189.7200
1628176532780000,1,0.00238682,28219.2100
1628176575062000,1,0.00092116,28171.0700
1628176575062000,1,0.07640304,28170.2900
1628176575068000,1,0.00000001,28170.2900
1628176689347000,1,0.04776415,28126.8800
1628176690894000,0,0.00129000,28144.9900
1628176691531000,0,0.01465000,28141.6700
1628176810008000,0,0.01021000,28180.2800
1628176855219000,0,0.00102000,28211.2900
1628176945192000,1,0.07647464,28128.7300
1628176971991000,1,0.07655675,28119.8700
1628176990598000,1,0.07660950,28101.9500
1628176990598000,1,0.07661231,28098.4700
1628177049800000,0,0.00136000,28174.7300
1628177125259000,1,0.00090470,28118.1600
1628177305970000,0,0.10000000,28196.4700
1628177306737000,0,0.48075819,28201.5800
1628177315963000,0,0.01000000,28215.7400
1628177316065000,0,0.02000000,28215.7400
1628177328084000,0,0.01000000,28223.9100
1628177328104000,0,0.02000000,28223.9100
1628177328493000,0,0.04000000,28223.9100
1628177328536000,0,0.05000000,28223.9100
1628177328787000,0,0.03000000,28223.9100
1628177330746000,0,0.29000000,28226.9600
1628177330810000,0,0.02600000,28228.3700
1628177330810000,0,0.07631978,28229.1900
1628177367648000,1,0.00238564,28222.9400
1628177382829000,1,0.00238456,28236.6600
1628177395102000,1,0.05947894,28233.4300
1628177395189000,1,0.00234375,28227.7900
1628177395190000,1,0.00234375,28227.7900
1628177440698000,0,0.00234375,28268.1700
1628177440701000,0,0.00234375,28268.1700
1628177442998000,1,0.00180578,28238.7900
1628177448418000,1,0.00234375,28236.7000
1628177448442000,1,0.00400000,28236.7000
1628177576592000,0,0.03567394,28226.5100
1628177584641000,0,0.00680000,28213.0900
1628177616833000,1,0.00112300,28190.4700
1628177622237000,0,0.00963000,28207.4400
1628177626859000,1,0.01543824,28187.3500
1628177694803000,0,0.00158000,28178.0100
1628177756382000,0,0.00710000,28190.3700
1628178018010000,0,0.02029000,28232.8900
1628178044564000,0,0.00400000,28270.1900
1628178047053000,1,0.00238376,28257.4300
1628178057089000,0,0.00339000,28282.1100
1628178072067000,1,0.00093774,28268.6800
1628178072067000,1,0.00144515,28259.0800
1628178122768000,0,0.08815286,28218.7100
1628178161829000,0,0.00091102,28150.9500
1628178161829000,0,0.00093844,28162.3600
1628178161829000,0,0.01518054,28162.6000
1628178162713000,1,0.00093719,28132.0500
1628178162991000,0,0.00530021,28161.1000
1628178181999000,0,0.15730313,28148.5800
1628178218644000,0,0.01945196,28133.9200
1628178336838000,1,0.00091060,28148.9900
1628178336838000,1,0.02626146,28144.4100
1628178340618000,1,0.05024371,28144.4100
1628178340618000,1,0.07501197,28141.1600
1628178479000000,1,0.01777339,28092.5700
1628178482395000,0,0.00102000,28105.7400
1628178491638000,1,0.00234375,28046.4700
1628178491652000,1,0.00234375,28046.4700
1628178525776000,1,0.21547182,27992.7200
1628178575725000,1,0.00562408,27890.7000
1628178575725000,1,0.07712276,27890.6800
1628178638156000,0,0.09142250,27912.0800
1628178660598000,0,0.00428065,27854.3400
1628178661109000,1,0.19979915,27820.8300
1628178661111000,1,0.02237424,27820.8300
1628178661111000,1,0.06782661,27820.8300
1628178663951000,0,0.00642794,27838.4500
1628178666628000,0,0.00090518,27825.5300
1628178666628000,0,0.00150482,27827.2200
1628178670886000,0,0.00428879,27796.5400
1628178670940000,1,0.00088347,27751.0000
1628178671178000,1,0.00001803,27751.0000
1628178671349000,0,0.00234375,27762.2300
1628178671357000,1,0.00090341,27761.6400
1628178671374000,0,0.00234375,27761.4500
1628178671376000,0,0.00234375,27761.4500
1628178671379000,0,0.00234375,27761.4500
1628178671387000,0,0.00234375,27762.2300
1628178674293000,0,0.01289377,27762.2200
1628178684509000,0,0.00358840,27766.6800
1628178684821000,0,0.07278101,27766.6700
1628178690633000,0,0.00214922,27757.7300
1628178709250000,0,0.07801217,27764.7800
1628178709257000,0,0.04176660,27764.7800
1628178724539000,0,0.07758031,27778.0200
1628178725497000,0,0.00234375,27777.0300
1628178737771000,0,0.07760433,27793.5500
1628178737777000,0,0.02239567,27793.5500
1628178737777000,0,0.05520866,27795.5600
1628178737801000,0,0.02239568,27795.5600
1628178773529000,0,0.00169730,27844.1000
1628178783113000,0,0.10343000,27828.2100
1628178812070000,0,0.00095455,27728.7400
1628178812070000,0,0.00091406,27734.8300
1628178812070000,0,0.00028191,27740.6500
1628178835969000,0,0.00093850,27746.8800
1628178835969000,0,0.00095289,27748.2600
1628178836800000,0,0.00234374,27745.1800
1628178836884000,0,0.00000001,27745.1800
1628178860239000,0,0.00091690,27793.9700
1628178860239000,0,0.02470175,27798.5100
1628178860707000,0,0.00234375,27788.1100
1628178961172000,0,0.00255341,27835.6500
1628178969139000,0,0.07746516,27832.0700
1628178969139000,0,0.06726484,27834.8400
1628179004882000,1,0.00631380,27833.0200
1628179005027000,1,0.01000000,27827.9500
1628179101731000,0,0.00094757,27873.5000
1628179101731000,0,0.01656532,27875.1900
1628179232039000,1,0.00073658,27850.3400
1628179239070000,0,0.03387813,27902.0700
1628179266458000,0,0.00482000,27898.6900
1628179321638000,0,0.01693365,27910.6900
1628179341073000,0,0.00000001,27912.0800
1628179412480000,1,0.02451420,27934.5300
1628179438268000,0,0.00138000,27953.1400
1628179489737000,0,0.34000000,28036.1800
1628179489762000,0,0.00700000,28036.1800
1628179502730000,1,0.00090337,28064.7100
1628179502730000,1,0.00355881,28057.4700
1628179503170000,1,0.00200000,28070.6600
1628179503586000,1,0.00034375,28070.6600
1628179513404000,0,0.00200000,28113.2300
1628179513416000,0,0.00234375,28113.2300
1628179513419000,0,0.00234375,28113.2300
1628179513671000,0,0.04650713,28113.2300
1628179513867000,0,0.03114302,28113.2300
1628179516466000,0,0.12397165,28141.1400
1628179516818000,0,0.37202835,28141.1400
1628179520712000,1,0.00215052,28143.4100
1628179527988000,1,0.01103337,28153.9900
1628179531964000,0,0.01027324,28196.7200
1628179532003000,0,0.03365505,28196.7200
1628179532228000,0,0.03482370,28196.7200
1628179532229000,0,0.20012055,28196.7200
1628179532447000,0,0.82112746,28196.7200
1628179534046000,1,0.29000000,28198.8500
1628179534046000,1,0.07633709,28197.4400
1628179534712000,1,0.00400962,28191.1600
1628179538012000,0,0.00094988,28240.5800
1628179538012000,0,0.00143012,28247.1100
1628179542822000,1,0.00428879,28209.9300
1628179552947000,0,0.02277940,28273.0300
1628179553033000,1,0.00308594,28233.6900
1628179554371000,1,0.00642794,28233.6900
1628179560572000,1,0.00904448,28275.0900
1628179569252000,0,0.01017000,28263.4600
1628179723578000,1,0.07631945,28219.0700
1628179723578000,1,0.03818215,28215.7100
1628179801076000,0,0.00249000,28235.4500
1628179805783000,0,0.00171000,28235.4500
1628179946858000,1,0.02600000,28189.7600
1628179946858000,1,0.00521734,28183.5500
1628179947825000,1,0.07634694,28175.4800
1628179947825000,1,0.00735323,28170.8100
1628179947825000,1,0.07635933,28170.8000
1628179947825000,1,0.01838307,28166.0200
1628179947833000,1,0.07637151,28166.0100
1628179948071000,1,0.01838307,28155.3200
1628179948071000,1,0.00735323,28155.3200
1628179948071000,1,0.07639288,28155.3100
1628179948071000,1,0.04778581,28150.9300
1628179948238000,1,0.00234375,28149.3500
1628179975100000,0,0.00272000,28184.7800
1628179976019000,0,0.00089658,28198.2600
1628179976019000,0,0.00096124,28205.8600
1628179976019000,0,0.03015184,28208.3700
1628179976019000,0,0.03895691,28208.3700
1628179984560000,0,0.07000000,28157.8100
1628179984739000,0,0.00651287,28157.8100
1628180007847000,0,0.00094298,28153.3200
1628180007847000,0,0.00092785,28161.3300
1628180007847000,0,0.00513917,28166.6700
1628180214592000,0,0.00086654,28259.9400
1628180395162000,0,0.02820000,28216.4000
1628180395239000,0,0.00280000,28216.4000
1628180485816000,0,0.00197000,28252.7700
1628180545908000,0,0.29000000,28214.1900
1628180545908000,0,0.07638890,28215.6000
1628180545908000,0,0.04536402,28218.4700
1628180566931000,0,0.00094741,28236.3400
1628180566931000,0,0.00245259,28238.5200
1628180619516000,0,0.00272000,28201.4700
1628180740246000,1,0.02599999,28156.0100
1628180740266000,1,0.00000001,28156.0100
1628180771478000,0,0.00530041,28160.0500
1628180856421000,0,0.00173335,28187.6200
1628180866640000,1,0.00665376,28156.4700
1628180886967000,0,0.01051000,28184.8900
1628180915610000,0,0.00851000,28192.3400
1628180946887000,1,0.00089789,28191.7600
1628181041612000,0,0.00170000,28241.2100
1628181046821000,0,0.00332000,28240.5000
1628181109911000,1,0.07643049,28177.5000
1628181109915000,1,0.07642803,28174.4300
1628181109917000,1,0.07643353,28170.7500
1628181149410000,0,0.00716000,28149.0200
1628181258465000,0,0.01026000,28064.3800
1628181306370000,0,0.00974017,28132.1500
1628181366736000,0,0.00700000,28218.3300
1628181371130000,0,0.00238000,28212.5100
1628181371192000,0,0.00119000,28212.5100
1628181492378000,0,0.00443000,28156.6700
1628181718696000,0,0.00146000,28203.9800
1628181968979000,0,0.00469364,28289.4900
1628181987180000,0,0.01747000,28267.0400
1628182088842000,0,0.07620865,28273.8600
1628182088842000,0,0.00521135,28275.9500
1628182108395000,1,0.00238019,28285.9300
1628182195228000,1,0.00237973,28297.0300
1628182210215000,0,0.00105000,28313.5700
1628182216205000,1,0.00237894,28307.1000
1628182223004000,1,0.00093561,28325.4000
1628182223004000,1,0.00144203,28321.8900
1628182230499000,1,0.00090347,28345.4500
1628182230499000,1,0.00384979,28341.5400
1628182251507000,1,0.00237513,28359.4000
1628182255505000,0,0.00502352,28400.0000
1628182255861000,0,0.00234375,28400.0000
1628182256020000,0,0.04353333,28400.0000
1628182256106000,0,0.09090465,28400.0000
1628182256253000,0,0.02835702,28400.0000
1628182256308000,0,0.19998477,28400.0000
1628182256311000,0,0.19998478,28400.0000
1628182256316000,0,0.01432320,28400.0000
1628182258726000,1,0.00474764,28391.4300
1628182265548000,1,0.00090639,28397.7500
1628182265548000,1,0.00858056,28393.1200
1628182269425000,0,0.00171887,28419.6700
1628182269465000,0,0.00000001,28419.6700
1628182269793000,1,0.00094508,28407.1100
1628182274527000,0,0.00217809,28430.4000
1628182274529000,0,0.00000001,28430.4000
1628182276135000,1,0.00236919,28421.7600
1628182286829000,0,0.00095531,28443.3300
1628182286829000,0,0.00005469,28443.5200
1628182295740000,1,0.00236861,28426.2800
1628182302265000,1,0.00473442,28454.3800
1628182327319000,1,0.00236581,28457.4800
1628182385408000,1,0.00236493,28468.3700
1628182394518000,1,0.00236442,28474.3400
1628182403371000,1,0.00236360,28494.9500
1628182442831000,1,0.00236238,28493.5800
1628182454544000,1,0.00236167,28519.9400
1628182499792000,0,0.00095449,28500.3200
1628182499792000,0,0.00093898,28506.0200
1628182499792000,0,0.00096280,28511.7700
1628182499792000,0,0.02982094,28513.7800
1628182499792000,0,0.04964020,28513.7900
1628182542813000,1,0.07412793,28463.7700
1628182553283000,1,0.00105689,28454.5300
1628182595873000,1,0.00090783,28534.5000
1628182595873000,1,0.00381333,28529.4700
1628182629537000,1,0.00235907,28532.3600
1628182676857000,1,0.00235887,28544.6800
1628182689937000,0,0.00218000,28560.8400
1628182705619000,1,0.00471553,28552.7100
1628182803520000,0,0.02406904,28552.5000
1628182803673000,0,0.07593095,28552.5000
1628182803946000,0,0.00000001,28552.5000
1628182843026000,1,0.00235649,28572.0500
1628182887611000,1,0.00248670,28610.1700
1628182893960000,1,0.00496952,28620.1500
1628182906441000,1,0.00093633,28625.3900
1628182914011000,1,0.00248392,28634.6000
1628182925786000,1,0.00234375,28605.0500
1628182925797000,1,0.06744115,28605.0500
1628182925934000,1,0.19977773,28605.0500
1628182925934000,1,0.07248945,28605.0500
1628182925994000,1,0.22894792,28605.0500
1628183049758000,0,0.00134000,28584.4500
1628183080336000,0,0.07557903,28524.4400
1628183080337000,0,0.00000001,28524.4400
1628183106996000,1,0.06000000,28534.3700
1628183107051000,1,0.01546424,28534.3700
1628183169050000,1,0.00090276,28513.6200
1628183169050000,1,0.07006381,28512.9300
1628183271313000,0,0.00122756,28530.5900
1628183321572000,0,0.00097244,28527.0100
1628183321572000,0,0.00096645,28530.8500
1628183321572000,0,0.00092471,28537.1400
1628183321572000,0,0.00021754,28541.2700
1628183409403000,0,0.00755246,28529.3700
1628183409403000,0,0.00208754,28529.3800
1628183422219000,0,0.00571553,28546.4000
1628183529262000,0,0.01305000,28598.2500
1628183602849000,0,0.01366510,28649.6100
1628183611990000,0,0.01004000,28651.0600
1628183613743000,0,0.02080825,28651.0600
1628183613770000,0,0.06915175,28651.0600
1628183616606000,1,0.00094389,28659.5800
1628183616606000,1,0.00097321,28656.2200
1628183616606000,1,0.00056548,28650.2700
1628183622835000,1,0.00248166,28651.7000
1628183644738000,1,0.00096770,28670.4600
1628183644738000,1,0.00151334,28665.7800
1628183689988000,0,0.02000000,28691.0900
1628183690031000,0,0.02000000,28691.0900
1628183690134000,0,0.07000000,28691.0900
1628183690207000,0,0.01000000,28691.0900
1628183690311000,0,0.02000000,28691.0900
1628183690579000,0,0.00967795,28691.0900
1628183690585000,0,0.00000001,28691.0900
1628183695717000,0,0.00090431,28706.1100
1628183727085000,0,0.06900667,28852.5700
1628183727127000,0,0.00874154,28852.5700
1628183728348000,0,0.00096482,28858.3100
1628183728348000,0,0.00097453,28859.9600
1628183728349000,0,0.00000001,28859.9600
1628183729960000,0,0.00095504,28843.8900
1628183730175000,0,0.00001949,28843.8900
1628183769305000,1,0.04321358,28841.7400
1628183778271000,1,0.00269492,28871.1300
1628183784711000,1,0.00538704,28884.4400
1628183826870000,0,0.00996000,28873.6200
1628183839601000,0,0.07468482,28845.5200
1628183839604000,0,0.00000001,28845.5200
1628183883563000,1,0.00807373,28913.1200
1628183913957000,0,0.07303642,28906.7500
1628183938421000,1,0.00400000,28882.1400
1628183940397000,1,0.02599999,28869.5600
1628183940405000,1,0.00000001,28869.5600
1628183985240000,0,0.00172000,28913.3800
1628184022582000,0,0.00355909,28915.8400
1628184022610000,0,0.00007263,28915.8400
1628184027779000,1,0.00269026,28904.4900
1628184063884000,1,0.00268900,28917.2000
1628184070784000,1,0.00864453,28920.0300
1628184078199000,1,0.00479554,28953.0300
1628184092947000,1,0.02599999,28928.0000
1628184092962000,1,0.00000001,28928.0000
1628184184001000,0,0.00327718,28833.4600
1628184187862000,1,0.04145379,28817.3200
1628184188327000,1,0.03040424,28817.3200
1628184188518000,1,0.17199323,28817.3200
1628184188519000,1,0.19979648,28817.3200
1628184189679000,1,0.01757300,28817.3200
1628184189931000,1,0.03774708,28817.3200
1628184189948000,1,0.10141483,28817.3200
1628184189949000,1,0.04204007,28817.3200
1628184189996000,1,0.11901200,28817.3200
1628184223097000,1,0.00182776,28849.0200
1628184294443000,1,0.00350448,28850.4600
1628184300226000,1,0.00090939,28864.6500
1628184300226000,1,0.00909061,28864.4100
1628184386730000,1,0.00331924,28922.9400
1628184455228000,0,0.01266932,28873.8800
1628184479562000,1,0.00349365,28824.5100
1628184515774000,0,0.00131282,28865.3300
1628184606965000,0,0.00375690,28890.7900
1628184754721000,1,0.01057389,28951.6800
1628184763177000,1,0.07430702,28965.8000
1628184763177000,1,0.00000918,28962.4800
1628184763178000,1,0.07430703,28962.4800
1628184796044000,0,0.01538000,28906.3900
1628184831909000,1,0.02138932,28896.1400
1628184831979000,1,0.14000000,28896.1500
1628184867024000,0,0.02234912,28918.1700
1628184867024000,0,0.01008757,28920.0900
1628184895412000,0,0.00497000,28935.1500
1628184983038000,1,0.00805004,28975.6100
1628184992224000,0,0.00094660,29023.4000
1628184992224000,0,0.01619248,29028.0700
1628185071175000,0,0.00993000,28952.1500
1628185106214000,0,0.01664000,28954.9800
1628185167863000,0,0.02056692,28980.4000
1628185261827000,1,0.00267987,29016.4000
1628185388443000,1,0.00796990,29003.9700
1628185428670000,0,0.07969517,29030.0000
1628185436264000,0,0.00472000,29006.6700
1628185468918000,1,0.01985196,28972.8000
1628185510660000,1,0.00163738,28978.0600
1628185519150000,1,0.01425954,28975.5900
1628185530164000,0,0.10478308,29031.5100
1628185530164000,0,0.08731161,29031.5200
1628185530166000,0,0.19988631,29031.5200
1628185530172000,0,0.10107070,29031.5200
1628185530178000,0,0.09873138,29031.5200
1628185546274000,1,0.00803714,29048.9400
1628185568149000,0,0.00140330,29081.4500
1628185568478000,1,0.00810116,29063.7700
1628185579582000,1,0.01485600,29040.4700
1628185681898000,1,0.02500000,28914.3400
1628185758105000,0,0.00662000,28990.1100
1628185792007000,0,0.00132000,28998.6300
1628185828465000,1,0.02000000,28959.4600
1628185828481000,1,0.00600000,28959.4600
1628185909243000,1,0.02000000,28998.8600
1628185909270000,1,0.00600000,28998.8600
1628185951410000,1,0.01956926,29026.5000
1628185987586000,0,0.00165000,29074.5700
1628186027936000,1,0.00742274,29062.5000
1628186030458000,0,0.00396000,29091.0100
1628186045253000,1,0.00267449,29070.7800
1628186067068000,1,0.00859697,29081.9700
1628186071891000,0,0.00212848,29103.8800
1628186071891000,0,0.00015194,29107.6400
1628186138461000,1,0.00520580,29102.1100
1628186143418000,0,0.00329000,29146.7300
1628186173486000,0,0.07391799,29148.0500
1628186173649000,0,0.00612000,29152.0400
1628186202759000,0,0.05097186,29178.1700
1628186297775000,0,0.07390949,29147.8400
1628186311237000,0,0.00657000,29190.5900
1628186313915000,0,0.07383283,29203.8300
1628186313917000,0,0.00000001,29203.8300
1628186313920000,0,0.07382006,29208.9100
1628186313920000,0,0.02909641,29210.6400
1628186314120000,0,0.00234375,29216.5300
1628186316563000,1,0.00102650,29198.8500
1628186374574000,1,0.00275601,29217.3600
1628186389926000,0,0.00161638,29238.0400
1628186404939000,1,0.00275479,29229.1300
1628186418277000,1,0.00234375,29225.8600
1628186423824000,1,0.02599999,29220.9600
1628186423825000,1,0.00000001,29220.9600
1628186424729000,1,0.19971995,29214.0700
1628186424732000,1,0.04783906,29214.0700
1628186424744000,1,0.01072440,29214.0700
1628186424763000,1,0.03068016,29214.0700
1628186424792000,1,0.04919427,29214.0700
1628186424800000,1,0.04254247,29214.0700
1628186424804000,1,0.04129969,29214.0700
1628186424870000,1,0.01548887,29211.1900
1628186424903000,1,0.01051113,29211.1900
1628186426476000,1,0.02599999,29193.4600
1628186426483000,1,0.00000001,29193.4600
1628186534666000,0,0.07388496,29161.7800
1628186694328000,0,0.00099000,29206.8300
1628186748593000,1,0.02599999,29166.0000
1628186748642000,1,0.00000001,29166.0000
1628186803077000,1,0.00177321,29179.0800
1628186805963000,1,0.01756903,29180.5800
1628186805977000,1,0.00843097,29180.5800
1628186818804000,1,0.02599999,29160.7600
1628186818806000,1,0.00000001,29160.7600
1628186847315000,1,0.02599999,29144.8100
1628186847319000,1,0.00000001,29144.8100
1628186892638000,1,0.02600000,29129.1900
1628186892638000,1,0.05991231,29125.8700
1628186892638000,1,0.01399997,29125.8700
1628186892638000,1,0.07391956,29122.5100
1628186892638000,1,0.00091074,29119.8700
1628186892638000,1,0.07392739,29119.3900
1628186929914000,0,0.00166525,29130.7600
1628186943983000,0,0.00167514,29108.1400
1628186947270000,1,0.02311283,29093.7500
1628186947295000,1,0.00288717,29093.7500
1628186964217000,1,0.00280000,29058.6900
1628186985253000,0,0.05039104,29060.0300
1628187009117000,0,0.01649000,29082.9300
1628187014432000,0,0.00715194,29110.2000
1628187031767000,0,0.01909594,29094.7100
1628187086453000,0,0.03609421,29131.5900
1628187086464000,0,0.03786484,29131.5900
1628187121198000,0,0.00329000,29153.1400
1628187175113000,1,0.00069374,29143.0700
1628187263054000,0,0.00373000,29153.5500
1628187312159000,0,0.00365000,29150.1500
1628187421143000,0,0.00874000,29086.7800
1628187494414000,1,0.21024686,28973.8700
1628187495805000,0,0.00094102,28996.6900
1628187495805000,0,0.00326905,29004.4100
1628187531011000,1,0.07625474,29007.7400
1628187536297000,1,0.00357091,29005.2900
1628187566507000,1,0.03528303,29012.6000
1628187707285000,0,0.01680039,29084.3500
1628187806246000,0,0.05945435,29099.9900
1628187806246000,0,0.14045290,29100.0000
1628187806248000,0,0.01630397,29100.0000
1628187806249000,0,0.07000000,29100.0000
1628187806266000,0,0.21696690,29100.0000
1628187806301000,0,0.07000000,29100.0000
1628187806321000,0,0.00400000,29100.0000
1628187806434000,0,0.02000000,29100.0000
1628187806459000,0,0.02000000,29100.0000
1628187807005000,0,0.02000000,29100.0000
1628187807623000,0,0.04000000,29100.0000
1628187808252000,0,0.08000000,29100.0000
1628187808985000,0,0.09000000,29100.0000
1628187809256000,0,0.02453657,29100.0000
1628187809262000,0,0.13141418,29100.0000
1628187809588000,0,0.05000000,29100.0000
1628187811122000,0,0.00632548,29100.0000
1628187811122000,0,0.00094409,29127.6400
1628187811122000,0,0.00090529,29134.3500
1628187811122000,0,0.00310241,29139.9900
1628187917804000,0,0.00318451,29141.1000
1628187946789000,1,0.16298797,29123.1400
1628187946790000,1,0.11817373,29123.1400
1628188000510000,0,0.02000000,29193.2400
1628188000558000,0,0.00600000,29193.2400
1628188020635000,1,0.00275401,29234.0400
1628188031567000,1,0.00095586,29254.6400
1628188031567000,1,0.00092045,29247.4500
1628188031567000,1,0.00087642,29242.9400
1628188038499000,1,0.00334971,29260.4900
1628188068705000,1,0.00669689,29307.9400
1628188080891000,1,0.00097460,29336.2700
1628188080891000,1,0.00095683,29330.0000
1628188080891000,1,0.00659517,29325.5200
1628188082507000,1,0.00234374,29337.1800
1628188090707000,0,0.00091991,29333.8500
1628188090707000,0,0.00091436,29333.8600
1628188090707000,0,0.00090573,29335.3200
1628188186546000,0,0.00095171,29271.7400
1628188194615000,0,0.00092625,29280.7500
1628188194615000,0,0.00096412,29288.1400
1628188194615000,0,0.00138963,29295.0500
1628188198411000,1,0.00435297,29247.5300
1628188291001000,0,0.02896040,29373.9500
1628188291001000,0,0.00368960,29373.9600
1628188297854000,0,0.00698630,29373.9600
1628188306449000,0,0.00232893,29373.9600
1628188353840000,1,0.00151389,29332.3900
1628188387093000,0,0.00604000,29379.3700
1628188577784000,0,0.00980000,29354.2300
1628188661594000,0,0.00734398,29351.9400
1628188661600000,0,0.00000001,29351.9400
1628188671554000,0,0.00719414,29349.3700
1628188675284000,0,0.00734095,29352.8700
1628188675293000,0,0.00000001,29352.8700
1628188689917000,0,0.00387175,29356.0100
1628188692207000,0,0.00734177,29357.4700
1628188692218000,0,0.00000001,29357.4700
1628188704556000,0,0.00147000,29345.9700
1628188721366000,1,0.00400000,29334.3200
1628188780750000,0,0.02014390,29350.2400
1628188800999000,0,0.00097480,29354.1300
1628188801093000,0,0.02800760,29354.1300
1628188801093000,0,0.01069445,29354.1500
1628188811836000,1,0.00093837,29333.9800
1628188811836000,1,0.00559858,29329.3600
1628188840854000,1,0.00334303,29364.7200
1628188850776000,1,0.00334133,29364.7200
1628188922920000,0,0.02537130,29371.4200
1628188922967000,0,0.00062870,29371.4200
1628188941670000,0,0.00139706,29382.2200
1628188961886000,0,0.03689273,29379.3300
1628188992187000,1,0.00334113,29371.9900
1628189005914000,1,0.00667888,29387.0600
1628189006337000,0,0.08896433,29402.7000
1628189006352000,0,0.04858395,29402.7000
1628189006393000,0,0.00234375,29402.7000
1628189006405000,0,0.00234375,29402.7000
1628189006414000,0,0.00234375,29402.7000
1628189012360000,1,0.00352522,29330.7500
1628189030161000,0,0.01146318,29419.8700
1628189038180000,1,0.00850340,29401.0400
1628189070345000,1,0.00090460,29406.2100
1628189077754000,0,0.00234375,29414.5600
1628189077754000,0,0.00234375,29414.6600
1628189080215000,1,0.00850050,29424.6000
1628189082784000,0,0.00092809,29437.5800
1628189082784000,0,0.01518484,29445.5600
1628189169380000,0,0.00588000,29389.5800
1628189174237000,1,0.03426459,29361.1500
1628189263267000,0,0.02452812,29339.9300
1628189297946000,0,0.07348546,29321.1600
1628189297946000,0,0.18902489,29322.8100
1628189303492000,0,0.00230913,29327.2400
1628189325515000,0,0.00677000,29322.7700
1628189411982000,0,0.00096201,29310.0100
1628189411982000,0,0.00139799,29310.9000
1628189476543000,0,0.00400000,29287.3400
1628189503788000,0,0.04904700,29312.2500
1628189571586000,0,0.07000000,29288.2000
1628189575273000,0,0.00947718,29288.2000
1628189575303000,0,0.00000001,29288.2000
1628189580912000,1,0.29000000,29284.5700
1628189580912000,1,0.07353152,29284.5500
1628189580912000,1,0.29000000,29282.3100
1628189580912000,1,0.07354100,29280.8500
1628189580912000,1,0.07355324,29275.9900
1628189580912000,1,0.00095692,29273.5100
1628189580912000,1,0.07356448,29272.4400
1628189580912000,1,0.00093853,29267.3500
1628189580912000,1,0.19599210,29267.1800
1628189693175000,1,0.19971634,29317.3200
1628189693177000,1,0.09028365,29317.3200
1628189812498000,1,0.00234375,29384.2400
1628189812927000,0,0.00093156,29404.6400
1628189812927000,0,0.00232844,29404.7300
1628189817793000,0,0.00845944,29406.1900
1628189824160000,1,0.03964000,29381.1400
1628189918760000,0,0.00162000,29366.3100
1628190040899000,0,0.02897456,29363.6500
1628190040899000,0,0.03879765,29363.6600
1628190047032000,0,0.00482901,29362.0800
1628190135980000,0,0.00098000,29429.5900
1628190251572000,0,0.00163000,29398.7300
1628190314251000,0,0.00732837,29404.5600
1628190370217000,0,0.07171699,29437.4000
1628190382189000,0,0.00210000,29438.6500
1628190403508000,1,0.00635799,29421.3900
1628190471157000,1,0.00665960,29479.3800
1628190479474000,1,0.00096224,29508.5600
1628190479474000,1,0.00094711,29502.2200
1628190479474000,1,0.00656809,29494.1200
1628190483647000,0,0.03679610,29541.2300
1628190509527000,1,0.01812353,29545.3100
1628190590117000,1,0.00331735,29576.7200
1628190607690000,0,0.00234375,29600.0000
1628190607691000,0,0.00234375,29600.0000
1628190609384000,1,0.00099389,29584.1700
1628190610001000,1,0.00331609,29584.1700
1628190662630000,0,0.00129063,29600.0000
1628190662639000,0,0.04177082,29600.0000
1628190662641000,0,0.10142352,29600.0000
1628190662655000,0,0.02210812,29600.0000
1628190662764000,0,0.19996241,29600.0000
1628190662767000,0,0.12708508,29600.0000
1628190663852000,0,0.00167191,29600.0000
1628190665726000,0,0.00000001,29600.0000
1628190666395000,1,0.00663049,29593.4600
1628190675166000,0,0.00093430,29648.9900
1628190675166000,0,0.02384209,29652.0200
1628190679556000,1,0.00993640,29633.6700
1628190685369000,1,0.00790476,29633.6700
1628190715321000,1,0.00330953,29641.7500
1628190731367000,1,0.00330861,29653.8700
1628190743665000,1,0.00093495,29658.4800
1628190749335000,0,0.01000000,29695.5500
1628190749375000,0,0.47036224,29695.5500
1628190749512000,0,0.45300000,29696.2700
1628190750057000,1,0.01685487,29676.2700
1628190755669000,1,0.00400000,29695.9700
1628190755838000,1,0.09652643,29695.9700
1628190902278000,0,0.37000000,29680.5500
1628190902491000,0,0.00092687,29681.3800
1628190913912000,1,0.00629671,29682.0000
1628190915971000,0,0.00137362,29709.8200
1628190995166000,0,0.00234375,29660.3000
1628190995168000,0,0.00234375,29660.3000
1628191005270000,0,0.00092227,29641.8100
1628191005270000,0,0.00094123,29644.7300
1628191005270000,0,0.00137650,29656.6300
1628191032863000,0,0.00092652,29654.6400
1628191032863000,0,0.00004348,29660.5800
1628191044201000,1,0.00234375,29620.8800
1628191044207000,1,0.00234375,29620.1800
1628191207569000,0,0.15106924,29639.5200
1628191266159000,0,0.07000000,29600.0000
1628191266232000,0,0.08000000,29600.0000
1628191266348000,0,0.07000000,29600.0000
1628191266431000,0,0.03000000,29600.0000
1628191278112000,1,0.00340474,29588.0000
1628191279405000,0,0.11000000,29600.0000
1628191279696000,0,0.02000000,29600.0000
1628191280837000,0,0.03000000,29600.0000
1628191281019000,0,0.07000000,29600.0000
1628191281431000,0,0.02000000,29600.0000
1628191286536000,1,0.08196042,29588.0600
1628191289840000,0,0.25000000,29600.0000
1628191319993000,0,0.00167000,29620.0000
1628191424911000,0,0.00574353,29600.0000
1628191430719000,0,0.01598939,29600.0000
1628191433891000,0,0.09514553,29600.0000
1628191433920000,0,0.05543410,29600.0000
1628191433988000,1,0.02599999,29596.0800
1628191434012000,1,0.00000001,29596.0800
1628191449606000,0,0.03240000,29598.5300
1628191461003000,0,0.06188611,29600.0000
1628191461032000,0,0.01580134,29600.0000
1628191504256000,0,0.19879349,29590.0000
1628191504470000,0,0.00448182,29590.0000
1628191504551000,0,0.04672469,29590.0000
1628191507746000,0,0.03865681,29600.0000
1628191513282000,0,0.06146324,29600.0000
1628191513297000,0,0.14987995,29600.0000
1628191588864000,1,0.03856839,29574.4700
1628191608284000,1,0.07290517,29531.8300
1628191608308000,1,0.00000001,29531.8300
1628191608308000,1,0.07286831,29527.7100
1628191647232000,1,0.00170237,29550.2500
1628191671754000,0,0.01669000,29585.2800
1628191678932000,0,0.00160000,29600.0000
1628191702735000,0,0.06363972,29600.0000
1628191702753000,0,0.06363972,29600.0000
1628191702796000,0,0.12112056,29600.0000
1628191708593000,0,0.00400000,29610.0000
1628191708753000,0,0.24600000,29610.0000
1628191709591000,0,0.03000000,29620.0000
1628191709960000,0,0.04266661,29620.0000
1628191709972000,0,0.14942539,29620.0000
1628191710106000,0,0.02623800,29620.0000
1628191710807000,0,0.51000000,29629.6100
1628191817577000,0,0.00191857,29658.3800
1628191888041000,1,0.01757433,29580.6600
1628191919671000,0,0.00167000,29611.8700
1628191991713000,1,0.00400000,29580.1900
1628192001199000,1,0.01699488,29566.6600
1628192090616000,0,0.00729038,29552.0800
1628192090616000,0,0.00221962,29555.0300
1628192171633000,0,0.00730141,29511.8300
1628192171641000,0,0.00000001,29511.8300
1628192171647000,0,0.00729993,29516.1300
1628192172792000,0,0.02000000,29525.0000
1628192173117000,1,0.07294255,29513.1600
1628192199525000,0,0.01127000,29492.3300
1628192219220000,1,0.07307628,29459.7200
1628192219220000,1,0.00000001,29459.7200
1628192223472000,1,0.19447694,29383.7000
1628192223472000,1,0.24095104,29383.6900
1628192244854000,0,0.00092117,29304.2400
1628192244854000,0,0.00861929,29309.9400
1628192249449000,0,0.00092543,29317.8300
1628192249449000,0,0.03220592,29324.5800
1628192260098000,0,0.05253884,29368.6000
1628192263326000,0,0.00733918,29389.7900
1628192263328000,0,0.00000001,29389.7900
1628192370379000,0,0.00665022,29334.8700
1628192381790000,0,0.00636377,29304.9500
1628192399465000,0,0.00241000,29317.4700
1628192403345000,0,0.02599999,29329.0400
1628192403346000,0,0.00000001,29329.0400
1628192452059000,1,0.29000000,29286.7700
1628192452059000,1,0.10000000,29285.4100
1628192452059000,1,0.01000000,29285.3100
1628192471011000,1,0.00105121,29305.0400
1628192539127000,0,0.02599999,29357.6800
1628192541271000,1,0.00195280,29338.4500
1628192550351000,0,0.07335486,29370.4100
1628192590864000,0,0.08716812,29417.9600
1628192590864000,0,0.19703188,29417.9700
1628192650321000,0,0.00179000,29392.5200
1628192708947000,1,0.12148357,29358.8800
1628192709112000,1,0.12667466,29358.8800
1628192709265000,1,0.05329036,29358.8800
1628192709272000,1,0.09373397,29358.8800
1628192709329000,1,0.10481744,29358.8800
1628192744953000,0,0.00318225,29300.0000
1628192755674000,0,0.03829277,29304.1400
1628192800729000,0,0.02599999,29324.5300
1628192800747000,0,0.00000001,29324.5300
1628192800903000,0,0.07355364,29326.9800
1628192801333000,0,0.00000001,29326.9800
1628192805025000,0,0.06045893,29328.0400
1628192805204000,0,0.01299484,29328.0400
1628192807240000,0,0.02599999,29333.2900
1628192807278000,0,0.00000001,29333.2900
1628192882771000,0,0.00318395,29280.7000
1628192888343000,0,0.00637187,29267.6800
1628192893281000,0,0.02759513,29282.2800
1628192902468000,0,0.00416832,29289.6200
1628192919982000,0,0.00637629,29239.1000
1628192923436000,0,0.00318904,29229.6800
1628192932387000,0,0.00638435,29210.4600
1628192940835000,1,0.06284123,29187.7900
1628192940836000,1,0.19967230,29187.7900
1628192945148000,0,0.00638831,29192.3600
1628192948759000,0,0.00639216,29174.7900
1628192964640000,0,0.04000000,29214.2400
1628192964643000,0,0.05000000,29214.2400
1628192965435000,0,0.02000000,29214.2400
1628192965436000,0,0.01083890,29214.2400
1628192965437000,0,0.11000000,29214.2400
1628192965445000,0,0.01000000,29214.2400
1628192965457000,0,0.04998607,29214.2400
1628192965495000,0,0.10217503,29214.2400
1628193085824000,0,0.00400000,29259.9400
1628193183137000,0,0.01620619,29219.7300
1628193198840000,0,0.00164000,29190.4600
1628193333439000,1,0.03770079,29180.0100
1628193338865000,0,0.02599999,29210.6800
1628193338865000,0,0.00000001,29210.6800
1628193368541000,0,0.00525000,29254.4800
1628193449721000,1,0.01602570,29234.3800
1628193449962000,1,0.09999999,29232.7800
1628193473926000,0,0.01617290,29237.4600
1628193534949000,0,0.00309000,29219.7100
1628193557563000,0,0.02002000,29229.9900
1628193594250000,1,0.01070816,29210.0500
1628193752456000,0,0.16986429,29376.4500
1628193757603000,0,0.02600000,29395.5400
1628193757945000,0,0.02893908,29405.7400
1628193778284000,0,0.00097000,29457.4100
1628193816187000,0,0.05023807,29525.0000
1628193816237000,0,0.07976193,29525.0000
1628193819696000,0,0.04999999,29550.6100
1628193819698000,0,0.00000001,29550.6100
1628193839008000,0,0.00482000,29529.6100
1628194089384000,0,0.00815000,29433.1100
1628194239733000,0,0.00161000,29410.3700
1628194314555000,0,0.00342000,29423.3000
1628194318772000,1,0.07323120,29403.5800
1628194318780000,1,0.00000001,29403.5800
1628194318869000,1,0.00400000,29400.4900
1628194325321000,1,0.00658102,29388.6100
1628194330037000,0,0.02674000,29413.5600
1628194331175000,0,0.00424000,29423.3600
1628194425327000,1,0.04116182,29384.4100
1628194540780000,1,0.00095532,29334.2300
1628194540780000,1,0.00911586,29329.2400
1628194586534000,1,0.01419534,29391.9500
1628194606847000,1,0.00704072,29421.8600
1628194660203000,0,0.00277000,29457.3900
1628194667175000,1,0.03965295,29405.2100
1628194807907000,0,0.00337790,29456.1500
1628194848215000,1,0.39000000,29403.6600
1628194848247000,1,0.08799881,29403.6600
1628194848254000,1,0.06200119,29403.6600
1628194944179000,0,0.00098000,29362.5600
1628194987136000,1,0.15457004,29370.3400
1628194988667000,0,0.32000000,29402.0700
1628194988678000,0,0.23500000,29402.0700
1628195107812000,1,0.00217008,29416.8400
1628195231486000,0,0.00104000,29457.7500
1628195260648000,0,0.00715152,29421.6900
1628195298603000,1,0.00096141,29380.7300
1628195298603000,1,0.01999877,29378.6600
1628195362435000,0,0.07327358,29412.4300
1628195362435000,0,0.29000000,29414.4100
1628195362435000,0,0.07328023,29415.8800
1628195373597000,0,0.29000000,29419.6000
1628195373597000,0,0.07325996,29421.0700
1628195373597000,0,0.27693480,29423.6000
1628195406011000,0,0.38000000,29444.6500
1628195406098000,0,0.00800000,29444.6500
1628195479202000,1,0.01211770,29454.4000
1628195484920000,0,0.02000000,29486.5400
1628195547282000,0,0.15000000,29449.3600
1628195547282000,0,0.01000000,29449.3600
1628195547284000,0,0.05000000,29449.3600
1628195547459000,0,0.03000000,29449.3600
1628195547482000,0,0.02000000,29449.3600
1628195588622000,0,0.00684527,29449.4200
1628195588635000,0,0.00000001,29449.4200
1628195588675000,0,0.07314899,29460.8800
1628195588887000,0,0.07316661,29475.5900
1628195590006000,0,0.05000000,29480.4200
1628195590557000,0,0.00400000,29480.4200
1628195590743000,0,0.31000000,29480.4200
1628195719542000,1,0.00432300,29387.1000
1628195734310000,0,0.07333271,29386.3100
1628195734310000,0,0.07332315,29390.0800
1628195734310000,0,0.19273693,29392.9600
1628195769773000,1,0.00554452,29362.9600
1628195860036000,0,0.00145087,29419.6300
1628195941569000,1,0.03729685,29403.5900
1628196019819000,0,0.00485000,29406.5100
1628196070893000,0,0.00096599,29408.4600
1628196080286000,0,0.03729685,29402.2800
1628196352695000,1,0.00545975,29274.0400
1628196361343000,0,0.07344301,29302.6200
1628196374675000,0,0.02000000,29316.2900
1628196374731000,0,0.00600000,29316.2900
1628196395629000,0,0.00268000,29330.1900
1628196511821000,0,0.00106569,29357.5200
1628196574862000,0,0.00196000,29369.5900
1628196667580000,0,0.07327974,29406.6000
1628196667580000,0,0.29000000,29408.1000
1628196667580000,0,0.07332154,29409.5600
1628196667580000,0,0.02600000,29410.0600
1628196812963000,0,0.03566961,29452.4200
1628196857027000,0,0.00102000,29450.3800
1628196858634000,1,0.07316536,29433.0300
1628196858634000,1,0.07317274,29429.8700
1628196858634000,1,0.07318092,29426.7100
1628196858634000,1,0.07318871,29423.6100
1628196858634000,1,0.04070669,29420.5100
1628196859076000,1,0.07316536,29433.0300
1628196859076000,1,0.49065945,29426.7200
1628196859076000,1,0.29000000,29421.9800
1628196859076000,1,0.03248029,29420.5100
1628196859076000,1,0.00092810,29417.3500
1628196859076000,1,0.00091311,29407.5400
1628196859076000,1,0.00681288,29401.2100
1628196859076000,1,0.00096850,29401.2000
1628196859076000,1,0.02600000,29401.1000
1628196859076000,1,0.01427711,29395.2600
1628196873393000,1,0.10507860,29423.6500
1628196877442000,1,0.00234375,29427.6100
1628196949739000,1,0.02735040,29426.2800
1628196953815000,1,0.07316973,29428.7300
1628196953815000,1,0.00927377,29426.3300
