timestamp ms,type,amount,price
1628208139156000,0,0.00229000,29308.7000
1628208156376000,0,0.02600000,29385.9800
1628208195780000,0,0.00985000,29417.5900
1628208287243000,0,0.08763477,29412.3100
1628208460414000,0,0.00328000,29227.7100
1628208615580000,0,0.06922145,29240.7200
1628208615583000,0,0.16061574,29240.7200
1628208615734000,0,0.17016281,29240.7200
1628208729421000,0,0.00098000,29258.9500
1628209381874000,0,0.00098000,29301.7500
1628209438698000,0,0.07366632,29256.7500
1628209438698000,0,0.07366133,29257.9900
1628209472596000,0,0.45000000,29200.9800
1628209472641000,0,0.00400000,29200.9800
1628209518517000,1,0.00128096,29150.0000
1628209520223000,0,0.00125534,29148.5300
1628209572719000,1,0.00164852,29117.0700
1628209872737000,0,0.07260899,29088.6300
1628209936248000,0,0.00366000,29138.6800
1628210165991000,0,3.50000000,29174.0000
1628210265857000,1,0.00910000,29183.7400
1628210285580000,1,0.00093155,29181.7800
1628210285580000,1,0.00095075,29175.6300
1628210285580000,1,0.00426226,29172.5100
1628210304633000,1,0.00814300,29181.7600
1628210310775000,0,0.01182432,29199.9800
1628210313925000,1,0.00800000,29164.8900
1628210335043000,1,0.01089900,29150.4300
1628210359272000,1,0.01362600,29176.6000
1628210369334000,1,0.01268060,29176.2600
1628210382793000,1,0.01200000,29174.0800
1628210390567000,1,0.02000000,29169.7500
1628210399971000,1,0.00089092,29150.9700
1628210399971000,1,0.01177808,29150.0100
1628210405222000,1,0.02300000,29134.5100
1628210410004000,1,0.02300000,29129.0500
1628210419797000,1,0.02200000,29140.0100
1628210433662000,1,0.01015260,29145.8200
1628210445429000,1,0.03000000,29131.8600
1628210450167000,1,0.00090122,29113.8200
1628210450167000,1,0.03909878,29110.5600
1628210458921000,1,0.01848601,29119.0900
1628210466515000,1,0.05000000,29119.0900
1628210478010000,1,0.06436451,29136.6400
1628210479898000,1,0.06436451,29132.9300
1628210484896000,1,0.03218225,29133.4500
1628210486742000,1,0.03218225,29135.5800
1628210488367000,1,0.02413669,29130.5400
1628210490118000,1,0.01609113,29130.5400
1628210498496000,1,0.00603417,29130.8100
1628210500333000,1,0.00096599,29128.4400
1628210500333000,1,0.01110236,29127.0800
1628210509474000,1,0.00603418,29123.2900
1628210644217000,0,0.07395202,29148.7400
1628210644217000,0,0.07099833,29151.8000
1628210649913000,0,0.07395311,29148.6300
1628210649913000,0,0.00237061,29151.8000
1628210700951000,1,0.02600000,29108.0000
1628210733831000,0,0.07000000,29071.6500
1628210792734000,1,0.00109744,29062.2400
1628210828470000,0,0.00089554,29046.1200
1628210832324000,0,0.00094449,29041.6700
1628210843557000,1,0.07420294,29031.2800
1628210851532000,1,0.00127018,29000.0000
1628210976494000,1,0.05912473,28923.6200
1628211133633000,0,0.00123986,28921.8000
1628211199818000,0,0.00337722,28915.9900
1628211224017000,1,0.00259340,28800.0000
1628211254353000,0,0.34000000,28770.8800
1628211255955000,0,0.00400000,28770.8800
1628211258593000,1,0.00234375,28745.0200
1628211300158000,1,0.00090468,28785.0300
1628211300158000,1,0.00083509,28780.5400
1628211448483000,1,0.02600000,28790.9500
1628211448491000,1,0.07480102,28784.0400
1628211448491000,1,0.02869486,28779.0500
1628211462668000,1,0.00249948,28768.8100
1628211462689000,1,0.00000001,28768.8100
1628211505400000,1,0.00271178,28743.5400
1628211505405000,1,0.00000001,28743.5400
1628211564375000,0,0.07339490,28794.8000
1628211575524000,0,0.07488947,28798.2600
1628211599223000,0,0.07487601,28799.7500
1628211599223000,0,0.07187741,28800.2700
1628211600698000,0,0.07485909,28806.4700
1628211600698000,0,0.07187874,28806.9300
1628211602637000,0,0.02720218,28816.5500
1628211615522000,0,0.07334834,28827.0800
1628211646844000,1,0.07483696,28780.6300
1628211650731000,0,0.00108562,28793.3800
1628211663472000,0,0.27000000,28819.5800
1628211663472000,0,0.06792267,28821.0200
1628211667991000,0,0.07000000,28817.1400
1628211668067000,0,0.00481959,28817.1400
1628211670294000,0,0.03000000,28821.6300
1628211670304000,0,0.02000000,28821.6300
1628211670517000,0,0.01000000,28821.6300
1628211670534000,0,0.01000000,28821.6300
1628211672700000,0,0.07331438,28826.5800
1628211681433000,0,0.00765000,28847.1800
1628211712465000,0,0.07472669,28873.9300
1628211801810000,1,0.01820770,28888.3900
1628211810232000,1,0.01820777,28865.8600
1628211815535000,1,0.02000000,28854.3100
1628211819151000,1,0.02000000,28847.8600
1628211824515000,1,0.02000000,28867.4700
1628211825013000,0,0.07314885,28890.1400
1628211827896000,0,0.07313312,28897.9300
1628211836228000,1,0.03000000,28876.4600
1628211838620000,0,0.07313787,28890.1100
1628211840244000,1,0.05047330,28870.6400
1628211849068000,1,0.02000000,28867.0600
1628211857491000,1,0.02378549,28873.7100
1628211862882000,1,0.02000000,28878.9100
1628211871097000,1,0.02000000,28879.9400
1628211875179000,1,0.01690860,28879.1400
1628211877475000,1,0.01690860,28878.1200
1628211880978000,1,0.00845430,28876.3600
1628211882590000,1,0.01690861,28876.3600
1628211885517000,1,0.00845431,28864.9700
1628211913429000,0,0.27000000,28865.4800
1628211913429000,0,0.06779727,28866.9200
1628211916428000,0,0.00675594,28866.9200
1628211918799000,0,0.26460000,28869.0200
1628211922540000,0,0.26460000,28865.2300
1628211950024000,0,0.01360154,28896.7200
1628211988878000,0,0.07456305,28912.8500
1628211988878000,0,0.27000000,28917.1200
1628211988878000,0,0.07455064,28917.4300
1628212196519000,0,0.49718511,28894.7200
1628212197037000,0,0.07081489,28894.7200
1628212329797000,0,0.10000000,28837.4000
1628212347644000,0,0.07476011,28849.9200
1628212412493000,1,0.00400000,28799.9100
1628212690665000,0,0.00333000,28822.7100
1628212765719000,0,0.07326400,28850.2600
1628212850652000,0,0.00698000,28862.9600
1628213592991000,0,0.01521638,28912.8900
1628213701631000,1,0.00229687,29022.4900
1628213723258000,1,0.00229687,29063.7700
1628213723298000,1,0.00004688,29063.7700
1628213901604000,0,0.00096608,29046.0200
1628213901604000,0,0.01715601,29046.8900
1628214243636000,0,0.00196000,29006.0900
1628214261550000,0,0.00152000,28999.6900
1628214676509000,0,0.07390709,29181.7900
1628214676509000,0,0.06149968,29182.5300
1628214676554000,0,0.20004412,29182.5300
1628214676554000,0,0.20004413,29182.5300
1628214676653000,0,0.07391675,29177.8500
1628214676653000,0,0.00374417,29182.5300
1628214685491000,0,0.04842603,29228.1200
1628214685503000,0,0.02539289,29228.1200
1628214734752000,0,0.01518621,29222.5600
1628214831799000,1,0.07373973,29221.5000
1628214832057000,1,0.07371683,29207.1000
1628214899114000,0,0.00338000,29208.2900
1628214981872000,0,0.00164000,29205.3500
1628215024748000,1,0.00093984,29205.6200
1628215056692000,0,0.00085196,29191.3900
1628215351071000,0,0.00099000,29155.4600
1628216222204000,0,0.07449285,28952.5400
1628216222204000,0,0.18324372,28955.5500
1628216445715000,0,0.00130905,28944.0200
1628216577960000,0,0.00340000,29016.9200
1628216671757000,0,0.00627997,28957.0100
1628216671764000,0,0.06819585,28957.0100
1628216686071000,0,0.00834415,28967.7100
1628216706274000,1,0.17846495,28944.1600
1628216796532000,1,0.00195200,28965.2600
1628217038693000,0,0.00088319,29183.0700
1628217042432000,0,0.00094422,29189.6200
1628217061003000,0,0.27000000,29205.1100
1628217061003000,0,0.07387282,29206.5600
1628217061003000,0,0.25772254,29209.4700
1628217358000000,0,0.00099000,29010.6000
1628217407044000,0,0.01346506,29017.1600
1628217877715000,0,0.07443206,28972.8300
1628217877715000,0,0.07442305,28976.3700
1628217877715000,0,0.08176080,28979.5400
1628218501193000,1,0.00290462,28963.4600
1628218505522000,1,0.07000000,28965.4000
1628218506044000,1,0.01000000,28966.8400
1628218523483000,1,0.01000000,28984.9400
1628218523499000,1,0.05000000,28984.9400
1628218523513000,1,0.04606000,28984.9400
1628218523696000,1,0.01000000,28984.9400
1628218523734000,1,0.01000000,28984.9400
1628218523766000,1,0.00882000,28984.9400
1628218524195000,1,0.02000000,28984.9400
1628218525215000,1,0.01000000,28984.1000
1628218525518000,1,0.01000000,28984.1000
1628218527337000,1,0.05000000,28983.5000
1628218528280000,1,0.07436444,28983.1600
1628218528280000,1,0.07437296,28980.2500
1628218528280000,1,0.07438577,28976.1800
1628218528280000,1,0.05991427,28972.7100
1628218530060000,1,0.00882000,28983.1600
1628218556685000,1,0.01000000,28982.7900
1628218556709000,1,0.06664000,28982.7900
1628218568552000,1,0.00983667,28986.5700
1628218570738000,1,0.03963122,28985.9300
1628218570764000,1,0.03963122,28985.9300
1628218579489000,1,0.00324086,29008.1800
1628218638892000,1,0.07509331,29025.6700
1628218827029000,1,0.00000001,28963.4600
1628218829209000,1,0.12363120,28934.5600
1628218882647000,0,0.02599999,29032.6100
1628218882648000,0,0.00000001,29032.6100
1628218889488000,1,0.10532361,29029.8000
1628219059799000,1,0.01507388,29070.1800
1628219190060000,1,0.00094768,29112.4400
1628219190060000,1,0.00260912,29109.7700
1628219552612000,0,0.00329000,29116.6800
1628219951257000,1,0.01684155,29153.7500
1628220010625000,0,0.00169000,29169.3300
1628220551977000,0,0.03029869,29026.0500
1628220730913000,0,0.07429818,29036.3500
1628220730913000,0,0.02599999,29037.7200
1628220756466000,0,0.04866357,29014.8900
1628220756470000,0,0.02563092,29014.8900
1628220805411000,0,0.00563999,29033.3900
1628220805516000,0,0.02036001,29033.3900
1628221321283000,1,0.07403192,28968.6900
1628221321531000,1,0.00508814,28968.6900
1628221321533000,1,0.11847811,28968.6900
1628221321593000,1,0.08289977,28968.6900
1628221322802000,1,0.03731333,28968.6900
1628221323154000,1,0.03492698,28968.6900
1628221323289000,1,0.04368311,28968.6900
1628221325509000,1,0.00960704,28968.6900
1628221345605000,1,0.07442309,28968.6900
1628221346026000,1,0.11954851,28968.6900
1628222330673000,0,0.26483435,28904.5000
1628222410181000,0,0.04183532,28893.0600
1628222760644000,0,0.00331000,28950.6300
1628223369023000,0,0.00342000,28854.1400
1628223510772000,0,0.07482225,28810.8100
1628223510787000,0,0.00000924,28810.8100
1628223525480000,0,0.07484687,28806.6100
1628223787892000,0,0.07487097,28794.2100
1628223800805000,0,0.01936138,28789.9300
1628224071413000,0,0.05546031,28774.4800
1628224125536000,0,0.03275072,28765.9000
1628224329619000,0,0.01669000,28742.9300
1628224577692000,0,0.00400000,28716.9200
1628224698509000,1,0.00508710,28681.5900
1628224698565000,1,0.00010382,28681.5900
1628225115669000,1,0.01684125,28799.7300
1628225135892000,0,0.07485800,28802.5900
1628225135892000,0,0.01884117,28804.9700
1628225161826000,1,0.07484997,28784.7600
1628225161826000,1,0.07485192,28781.6700
1628225163820000,1,0.00091897,28753.0300
1628225163826000,1,0.07488041,28748.8200
1628225230694000,1,0.10306624,28738.9500
1628225281061000,0,0.07502455,28736.8000
1628225281076000,0,0.00000001,28736.8000
1628225381598000,1,0.07495119,28746.0500
1628225381598000,1,0.02504881,28746.0500
1628225644107000,0,0.02599999,28832.7700
1628225644117000,0,0.00000001,28832.7700
1628225706382000,0,0.00558602,28806.1200
1628226340815000,0,0.07452498,28923.5000
1628226340815000,0,0.02547502,28926.7000
1628226815073000,1,0.07445076,28933.7500
1628226815077000,1,0.00000001,28933.7500
1628227048451000,1,0.07451544,28909.4300
1628227105767000,1,0.04675710,28891.7600
1628227105781000,1,0.02780363,28891.7600
1628227188642000,1,0.00349808,28871.5200
1628227959564000,0,0.07438649,28983.4300
1628227959564000,0,0.07438698,28986.3600
1628227959564000,0,0.00093459,28988.5900
1628228061969000,0,0.00478000,29069.9200
1628228125552000,0,0.00136882,29083.4100
1628228230990000,0,0.02599999,29112.2300
1628228730719000,0,0.00999000,29076.8400
1628228925419000,0,0.00495000,29044.4500
1628229137898000,1,0.03900000,29111.1900
1628229199908000,1,0.00633011,29133.3100
1628229227819000,0,0.00724000,29140.2500
1628229368901000,0,0.00679000,29102.8900
1628229375667000,0,0.01713919,29102.8900
1628229953681000,0,0.04322143,29095.4900
1628229961027000,0,0.00520597,29095.2700
1628229971425000,0,0.00308865,29080.6100
1628229971710000,0,0.04633224,29080.6100
1628230188524000,0,0.07395510,29150.3100
1628230400298000,0,0.07380242,29222.4700
1628230419247000,0,0.07368726,29262.7200
1628230419263000,0,0.00000001,29262.7200
1628230419403000,0,0.00226670,29268.3000
1628230434151000,0,0.01000000,29253.1900
1628230435176000,0,0.09501824,29253.1900
1628230435176000,0,0.13498176,29253.2000
1628230510589000,0,0.00996428,29326.0000
1628230510618000,0,0.05805416,29326.0000
1628230510619000,0,0.17119102,29326.0000
1628230510664000,0,0.04771184,29326.0000
1628230510698000,0,0.06812070,29326.0000
1628230510700000,0,0.00495800,29326.0000
1628230516861000,1,0.00400000,29373.3400
1628230519636000,0,0.12000000,29397.6300
1628230520385000,0,0.00481325,29397.6300
1628230520423000,0,0.00000001,29397.6300
1628230559660000,0,0.07317614,29469.5600
1628230569897000,0,0.00675772,29447.8000
1628230574708000,1,0.00095961,29429.1500
1628230574708000,1,0.00096109,29428.4700
1628230574739000,1,0.00000001,29428.4700
1628230593294000,1,0.67271612,29428.0000
1628230621836000,1,0.00096525,29474.7500
1628230621836000,1,0.00751795,29474.5000
1628230628261000,1,0.02543233,29506.9100
1628230637737000,1,0.00093855,29528.8900
1628230637737000,1,0.01600198,29524.5700
1628230638421000,0,0.00093866,29574.6400
1628230638421000,0,0.07021544,29576.3900
1628230645208000,1,0.00846596,29540.1700
1628230654875000,1,0.01692333,29560.9400
1628230679416000,1,0.01639690,29572.8000
1628230689122000,0,0.00094671,29571.8100
1628230689122000,0,0.10859329,29579.4900
1628230818648000,1,0.02051019,29526.0000
1628230818652000,1,0.19981324,29526.0000
1628230818653000,1,0.01944849,29526.0000
1628230905950000,0,0.00547000,29538.2800
1628230915061000,0,0.00812000,29543.1700
1628230942169000,0,0.02360893,29603.8600
1628230984150000,1,0.00090792,29567.2500
1628230984150000,1,0.00093143,29559.9300
1628230984150000,1,0.07115914,29558.4500
1628230984153000,1,0.07306219,29558.4500
1628230984163000,1,0.07301679,29558.4500
1628230984172000,1,0.05276188,29558.4500
1628230984172000,1,0.00095125,29553.8100
1628230984172000,1,0.01931831,29553.4800
1628230986257000,1,0.05827742,29577.5400
1628230989545000,1,0.01455859,29577.5400
1628230989642000,1,0.00000001,29577.5400
1628230992435000,1,0.05861392,29571.2200
1628230992442000,1,0.01422210,29571.2200
1628231062608000,1,0.01495226,29561.7200
1628231230909000,1,0.07299801,29512.7400
1628231336681000,1,0.07323714,29416.8500
1628231359864000,0,0.07600000,29439.8400
1628231429644000,0,0.00095161,29388.3400
1628231429644000,0,0.00005839,29393.8000
1628231513328000,0,0.00097067,29318.6600
1628231513328000,0,0.01898290,29326.7500
1628231541336000,1,0.07354830,29264.2600
1628231541336000,1,0.00000001,29264.2600
1628231563591000,0,0.00666436,29303.2900
1628231714268000,0,0.00096725,29334.2600
1628231714268000,0,0.00242391,29343.5800
1628231729880000,1,0.00361538,29286.9400
1628231753362000,1,0.00152126,29288.6400
1628231767167000,0,0.00219000,29329.4900
1628231810618000,0,0.00655000,29304.3200
1628232194342000,1,0.00095131,29363.4300
1628232289850000,0,0.02549080,29339.9800
1628232289875000,0,0.00050920,29339.9800
1628232306451000,0,0.00091591,29333.4900
1628232363284000,1,0.00000001,29288.6400
1628232495158000,1,0.01777545,29202.3400
1628232515287000,0,0.00134000,29249.9600
1628232637977000,0,0.00108000,29293.4600
1628232835567000,1,0.00709699,29338.5000
1628232950499000,0,0.00092026,29442.8500
1628232985904000,0,0.00001878,29442.8500
1628232986282000,0,0.00652000,29480.8700
1628233009862000,0,0.01292000,29479.5900
1628233145918000,0,0.00096226,29541.5900
1628233210316000,1,0.00423710,29416.0700
1628233210316000,1,0.20576290,29416.0600
1628233210418000,1,0.06423710,29416.0600
1628233256220000,1,0.07000000,29443.0900
1628233256685000,1,0.00310133,29443.0900
1628233256967000,1,0.00006329,29443.0900
1628233257836000,1,0.07000000,29443.0900
1628233257840000,1,0.00316462,29443.0900
1628233366487000,1,0.00600000,29398.2800
1628233396699000,0,0.07314798,29466.7000
1628233396699000,0,0.02600000,29467.0700
1628233396699000,0,0.01133466,29472.1200
1628233405078000,0,0.02957000,29472.1200
1628233619470000,0,0.00657000,29474.9900
1628233758078000,0,0.00320800,29463.7700
1628233776969000,1,0.07320174,29441.8600
1628233776972000,1,0.00000001,29441.8600
1628233808421000,1,0.05772969,29459.3200
1628233808423000,1,0.01546869,29459.3200
1628233959898000,0,0.00326000,29419.1500
1628234038472000,0,0.00329000,29419.8500
1628234157738000,1,0.00558945,29343.9400
1628234210577000,1,0.01362573,29370.9400
1628234367127000,1,1.00000000,29300.0000
1628234418407000,0,0.00449663,29343.1100
1628234428706000,0,0.00324000,29354.9300
1628234688939000,0,0.00147000,29309.2200
1628234860286000,1,0.02000000,29324.3100
1628234860292000,1,0.04000000,29324.3100
1628234918864000,0,0.00332827,29335.2700
1628234949134000,1,0.00800000,29296.4900
1628235109454000,1,0.00070564,29349.7200
1628235117379000,0,0.00165000,29373.5000
1628235299742000,0,0.00316057,29444.5000
1628235511715000,0,0.00326000,29385.1300
1628235520258000,0,0.08617538,29403.0400
1628235588083000,0,0.00989000,29390.9100
1628235608752000,0,0.00638000,29389.7700
1628235686282000,0,0.02446000,29402.9400
1628235782875000,0,0.00424000,29415.6400
1628235850834000,0,0.00269000,29423.6200
1628235975098000,1,0.01000000,29337.9600
1628235982138000,1,0.02000000,29337.9000
1628235988700000,1,0.02000000,29317.7000
1628235992539000,1,0.03000000,29326.1500
1628235996333000,1,0.00093136,29336.3000
1628235996333000,1,0.00092960,29330.2100
1628235996333000,1,0.02813904,29329.4200
1628236003583000,1,0.03000000,29339.7500
1628236011219000,1,0.03400000,29334.3300
1628236014697000,1,0.27000000,29334.5900
1628236014697000,1,0.48212813,29330.1900
1628236014697000,1,0.05693020,29330.1800
1628236014735000,1,0.01651139,29330.1800
1628236020176000,1,0.03000000,29335.2700
1628236023890000,1,0.03000000,29334.7700
1628236028011000,1,0.04000000,29336.8100
1628236030716000,0,0.04086008,29340.6700
1628236046133000,1,0.01149601,29319.4100
1628236046133000,1,0.02850399,29313.6600
1628236050311000,1,0.03000000,29318.3700
1628236057659000,1,0.03000000,29316.9100
1628236062704000,1,0.03000000,29308.3400
1628236090532000,1,0.03000000,29307.1100
1628236094168000,1,0.07348867,29310.6100
1628236109811000,1,0.01471873,29289.5800
1628236126215000,1,0.01471873,29273.6300
1628236127850000,0,0.00842933,29294.1200
1628236140973000,0,0.00425640,29316.8200
1628236164563000,0,0.00170000,29310.0200
1628236336704000,0,0.08548874,29291.0700
1628236340411000,0,0.00229000,29315.0100
1628236494953000,1,0.27000000,29251.9100
1628236494953000,1,0.00090685,29250.1800
1628236494953000,1,0.06672007,29247.9800
1628236507875000,1,0.07209754,29269.0700
1628236522016000,0,0.00083471,29278.9400
1628236602667000,1,0.00295282,29263.1000
1628236620721000,0,0.00400000,29284.9600
1628236674724000,0,0.00093533,29303.4100
1628236674724000,0,0.00567467,29303.5300
1628236683655000,0,0.00229000,29315.3600
1628236751235000,0,0.00969000,29310.4600
1628236772131000,1,0.07352523,29301.8800
1628236787036000,0,0.00371000,29283.6300
1628236793687000,0,0.00557000,29281.1000
1628236803134000,1,0.07363405,29257.6000
1628236803134000,1,0.04967211,29254.4400
1628236848267000,1,0.07366854,29230.1500
1628236848598000,1,0.03002769,29231.6100
1628236889839000,0,0.00278000,29284.2700
1628236922364000,0,0.07359734,29325.5200
1628236943223000,0,0.00438000,29336.4900
1628236943678000,0,0.00647411,29334.6800
1628236983178000,0,0.00093313,29253.8000
1628236983178000,0,0.00068687,29257.6200
1628236985318000,1,0.00578759,29205.9100
1628236985336000,1,0.00000001,29205.9100
1628236990394000,0,0.00615354,29205.0100
1628237006812000,0,0.00307730,29197.9800
1628237008269000,1,0.05789225,29171.9900
1628237011316000,0,0.00615941,29184.5800
1628237048483000,1,0.07387158,29177.0800
1628237064159000,1,0.07374344,29221.9900
1628237064159000,1,0.07376161,29214.4200
1628237064159000,1,0.02235924,29214.3900
1628237066079000,1,0.07375956,29186.2800
1628237075555000,0,0.00308041,29177.8700
1628237093970000,1,0.00094890,29158.7400
1628237093970000,1,0.00097413,29152.8400
1628237093970000,1,0.00814830,29151.8900
1628237111719000,0,0.07394904,29213.0800
1628237112839000,0,0.01000000,29229.0600
1628237112847000,0,0.41100000,29229.0600
1628237143936000,1,0.07376075,29215.4400
1628237143936000,1,0.07377203,29208.9500
1628237143936000,1,0.00092579,29206.7800
1628237143936000,1,0.07378478,29202.5400
1628237143936000,1,0.00095103,29197.7800
1628237143936000,1,0.07680562,29196.1700
1628237149277000,0,0.00096566,29238.0400
1628237149277000,0,0.00926849,29240.5500
1628237254556000,0,0.00095812,29312.3700
1628237254556000,0,0.00075762,29315.0600
1628237304639000,0,0.00327000,29314.6300
1628237421449000,1,0.00096485,29355.2200
1628237421449000,1,0.00096279,29348.9900
1628237455145000,0,0.00349849,29369.0300
1628237455145000,0,0.00310151,29372.8400
1628237538855000,0,0.01302000,29460.6300
1628237539547000,0,0.00168903,29454.7100
1628237555010000,0,0.00114000,29424.5800
1628237622276000,0,0.00912000,29397.2300
1628237626323000,1,0.07000000,29377.2500
1628237626346000,1,0.00334872,29377.2500
1628237645483000,0,0.00163000,29389.8600
1628237887626000,0,0.00303000,29431.7800
1628237889637000,1,0.05625160,29409.7800
1628237923847000,0,0.00653000,29393.9900
1628238299519000,0,0.00323000,29380.1700
1628238316372000,0,0.00099860,29356.0600
1628238473530000,0,0.00093105,29357.8900
1628238473530000,0,0.00151895,29359.5600
1628238489795000,0,0.07185000,29358.0900
1628238533940000,0,0.00091913,29358.3800
1628238533940000,0,0.00070087,29359.2200
1628238610917000,0,0.00094322,29381.4600
1628238610917000,0,0.16227678,29382.1300
1628238723328000,0,0.00096815,29332.6300
1628238723328000,0,0.01047185,29333.0800
1628238849590000,0,0.01635000,29333.2300
1628238857512000,0,0.00533126,29333.2300
1628239088893000,0,0.14719000,29326.2900
1628239187893000,0,0.00096608,29362.5000
1628239238380000,1,0.00176248,29377.8700
1628239335847000,0,0.01453000,29429.2300
1628239418912000,0,0.00093112,29422.7200
1628239418912000,0,0.00090783,29429.1500
1628239418912000,0,0.00463579,29429.5000
1628239459156000,1,0.00171574,29387.7700
1628239511750000,0,0.07322010,29442.6200
1628239511751000,0,0.00000001,29442.6200
1628239519529000,1,0.02373818,29473.2900
1628239527850000,0,0.16908625,29526.4100
1628239623090000,1,0.00400000,29521.7400
1628239840330000,0,0.24340457,29507.2100
1628239885011000,1,0.03000000,29474.9700
1628239885051000,1,0.02000000,29474.9700
1628239885700000,1,0.02000000,29474.9700
1628239903438000,0,0.00729000,29487.4500
1628239970852000,1,0.01001310,29486.6600
1628240021134000,1,0.00333108,29468.5200
1628240040806000,0,0.00670000,29481.6000
1628240168229000,1,0.07308455,29480.2900
1628240281695000,1,0.00710550,29409.5800
1628240281722000,1,0.00000001,29409.5800
1628240292486000,1,0.00373220,29402.4400
1628240292486000,1,0.00000001,29402.4400
1628240298639000,1,0.07329779,29377.3000
1628240381973000,1,0.01981700,29425.7500
1628240391552000,0,0.00168000,29447.8500
1628240445576000,0,0.07331321,29419.3500
1628240469690000,1,0.07332542,29383.5400
1628240469927000,1,0.00000001,29383.5400
1628240500579000,0,0.00588000,29382.7600
1628240525776000,0,0.00326000,29379.7700
1628240544048000,0,0.00326000,29379.4000
1628240692417000,1,0.00585639,29329.9900
1628240699225000,1,0.27000000,29342.4800
1628240738213000,0,0.02889000,29353.0500
1628240759087000,1,0.07346132,29326.2400
1628240759125000,1,0.07346562,29322.7600
1628240759249000,1,0.07348542,29314.9800
1628240759249000,1,0.07349412,29311.2200
1628240769474000,0,0.00720000,29306.3300
1628240890517000,0,0.02207000,29334.3400
1628240932951000,0,0.27000000,29336.4300
1628240932951000,0,0.07348344,29337.8900
1628240932951000,0,0.07347566,29340.9000
1628240932951000,0,0.07273311,29344.1000
1628241063242000,1,0.04783104,29349.3700
1628241073463000,1,0.01191028,29344.7400
1628241075514000,1,0.07340415,29336.5700
1628241233974000,0,0.00177314,29414.6400
1628241333968000,0,0.01099000,29394.4700
1628241395844000,1,0.46000000,29369.5600
1628241421649000,0,0.00809000,29354.5300
1628241443843000,0,0.00490000,29346.6500
1628241615760000,0,0.00161581,29314.2800
1628241629255000,0,0.02713000,29299.3700
1628241665122000,0,0.00637000,29318.9100
1628241712116000,0,0.00101000,29329.9300
1628241730667000,0,0.00588000,29336.9700
1628241758697000,0,0.00162000,29349.3900
1628241779452000,1,0.07000000,29349.0600
1628241779483000,1,0.00343763,29349.0600
1628241781284000,1,0.07343763,29349.0600
1628241782401000,1,0.01000000,29349.0600
1628241782436000,1,0.02000000,29349.0600
1628241782594000,1,0.02000000,29349.0600
1628241782627000,1,0.02343763,29349.0600
1628241784217000,1,0.07000000,29349.0600
1628241784343000,1,0.00343763,29349.0600
1628241786045000,1,0.07000000,29352.9400
1628241786123000,1,0.00342115,29352.9400
1628241996782000,1,0.07057723,29252.3200
1628241996870000,1,0.01692114,29252.3200
1628242002789000,1,0.03687549,29250.9500
1628242008255000,0,0.06748000,29271.7500
1628242049049000,0,0.00393000,29299.2600
1628242101146000,0,0.04754754,29297.6200
1628242247475000,1,0.00701367,29307.7200
1628242337842000,1,0.00640000,29326.1200
1628242398114000,0,0.08075226,29367.9900
1628242528392000,0,0.04994993,29319.3700
1628242592190000,0,0.01972000,29282.6600
1628242670119000,1,0.06943000,29241.2900
1628242680598000,0,0.06804087,29247.8600
1628242694560000,0,0.00262000,29236.7700
1628242698691000,0,0.00420154,29240.2200
1628242728927000,0,0.01168791,29245.9200
1628242745275000,1,0.01197998,29208.2100
1628242769247000,1,0.00091661,29216.3500
1628242769247000,1,0.00165863,29213.0200
1628242787849000,0,0.02067570,29239.6400
1628242788367000,0,0.00836072,29239.6400
1628242791022000,0,0.00000001,29239.6400
1628242791022000,0,0.00740074,29245.7000
1628242791044000,0,0.04592674,29245.7000
1628242791050000,0,0.00400000,29245.7000
1628242801103000,0,0.01000000,29245.7000
1628242801134000,0,0.00526358,29245.7000
1628242801901000,0,0.00820000,29253.9200
1628242803299000,0,0.18000000,29253.9200
1628242803339000,0,0.00053078,29253.9200
1628242809492000,1,0.00088575,29245.9500
1628242985951000,1,0.00269626,29177.9700
1628243025280000,0,0.00164000,29243.1200
1628243050627000,0,0.01642000,29212.9700
1628243061558000,0,0.00170286,29215.5500
1628243063728000,1,0.00090689,29202.9100
1628243063728000,1,0.00560466,29194.4300
1628243181079000,1,0.07382325,29198.5300
1628243259933000,0,0.00292121,29264.0100
1628243305772000,1,0.02000000,29190.5500
1628243350253000,1,0.00679814,29187.8800
1628243374223000,0,0.00325000,29211.1500
1628243395058000,0,0.00099000,29213.1100
1628243417904000,0,0.00096577,29176.1000
1628243417904000,0,0.00095427,29182.5300
1628243417904000,0,0.00300996,29187.1900
1628243429496000,0,0.00068194,29181.3300
1628243439175000,0,0.00477000,29188.1300
1628243448952000,0,0.00830000,29184.5700
1628243458843000,0,0.00164000,29188.1400
1628243497259000,0,0.00657000,29218.6400
1628243529812000,0,0.00098000,29221.1000
1628243651007000,0,0.01641000,29234.1000
1628243800972000,0,0.00323460,29290.4700
1628243823163000,1,0.00095103,29248.3000
1628243823163000,1,0.00434010,29240.8900
1628244026204000,1,0.03699582,29168.3100
1628244097933000,0,0.00102272,29186.6600
1628244151503000,0,0.00616523,29153.2100
1628244152010000,0,0.00234301,29160.7600
1628244170392000,0,0.05930126,29159.4300
1628244170395000,0,0.01467643,29159.4300
1628244183390000,0,0.06105648,29224.3300
1628244183485000,0,0.01166291,29224.3300
1628244183561000,0,0.00000001,29224.3300
1628244206180000,0,0.00328000,29254.7400
1628244303514000,1,0.00102272,29257.4400
1628244449655000,1,0.01000000,29197.3600
1628244460641000,0,0.00098000,29211.8600
1628244472873000,0,0.07387378,29209.7900
1628244472873000,0,0.03842407,29212.8700
1628244542373000,1,0.00157397,29118.3400
1628244542737000,1,0.00400037,29105.6200
1628244551832000,0,0.00095571,29107.7900
1628244551832000,0,0.01139306,29113.1800
1628244563796000,1,0.00177145,29100.3200
1628244584984000,0,0.00094407,29093.4500
1628244584984000,0,0.00214360,29104.2600
1628244591902000,0,0.00308961,29091.0400
1628244594988000,0,0.00308976,29089.5800
1628244605000000,0,0.03296000,29092.4200
1628244610756000,0,0.00824000,29083.8100
1628244616670000,0,0.00309103,29071.1200
1628244622267000,1,0.06696189,29056.8900
1628244622277000,1,0.00722315,29056.8900
1628244652790000,0,0.06588000,29120.3100
1628244654070000,0,0.00820911,29120.3100
1628244654070000,0,0.03962234,29124.8500
1628244682431000,0,0.17135014,29110.1000
1628244729405000,0,0.01316000,29142.4900
1628244732964000,1,0.00417880,29111.5400
1628244834427000,1,0.01713379,29138.6000
1628244854335000,0,0.00240000,29152.1400
1628244863582000,0,0.07405832,29135.3800
1628244863582000,0,0.00827168,29137.9800
1628244879269000,0,0.00524000,29126.0300
1628244924955000,1,0.03585000,29136.0200
1628244945428000,0,0.00163000,29167.4600
1628245027604000,0,0.00249000,29171.7200
1628245062419000,0,0.00658000,29166.5100
1628245087637000,0,0.00625000,29149.9000
1628245152548000,0,0.00102000,29167.7700
1628245195991000,1,0.00550626,29148.4000
1628245221579000,0,0.13712836,29153.6700
1628245275931000,0,0.01646000,29142.1900
1628245321365000,0,0.02760000,29111.5600
1628245346284000,0,0.00750802,29112.4800
1628245444957000,1,0.02600000,29097.4800
1628245460306000,1,0.07409879,29092.5000
1628245460307000,1,0.02600000,29089.6100
1628245460307000,1,0.07410966,29088.2900
1628245501766000,0,0.00163000,29109.3000
1628245588345000,0,0.00102000,29163.0000
1628245660656000,1,0.00336033,29155.2800
1628245694573000,0,0.00329000,29167.5200
1628245810155000,0,0.02304000,29134.6300
1628245812383000,0,0.00658000,29137.3200
1628245861287000,0,0.00163000,29111.7300
1628245945007000,0,0.00089630,29071.3500
1628245966268000,1,0.10000000,29056.9400
1628245987904000,0,0.27000000,29077.6100
1628245987904000,0,0.06600138,29078.5900
1628246006713000,0,0.00989000,29107.0800
1628246017825000,0,0.00198000,29081.9600
1628246048557000,0,0.00396000,29081.7600
1628246249268000,0,0.07399890,29169.0900
1628246249271000,0,0.00000001,29169.0900
1628246358046000,0,0.07379110,29230.1000
1628246358046000,0,0.02832899,29233.2600
1628246409420000,0,0.00529296,29296.8100
1628246409420000,0,0.04006704,29296.8200
1628246423672000,0,0.00491000,29289.5100
1628246468573000,0,0.01464396,29290.7600
1628246478810000,0,0.00833976,29273.8000
1628246569317000,0,0.16137854,29240.4600
1628246736804000,0,0.00853000,29230.6200
1628246820144000,0,0.00501556,29295.8400
1628246825968000,0,0.01018947,29294.9200
1628246832319000,0,0.00162000,29298.3400
1628246900998000,0,0.00564000,29310.9600
1628246946254000,0,0.27000000,29338.1500
1628246946254000,0,0.06915609,29338.5500
1628246972111000,0,0.00589000,29331.9000
1628246987336000,0,0.01000000,29342.8800
1628247020537000,0,0.00161497,29358.2400
1628247073057000,0,0.00687000,29317.5700
1628247111432000,0,0.00098000,29325.4600
1628247149189000,0,0.00330000,29319.6300
1628247160763000,0,0.00229000,29309.9500
1628247232443000,0,0.00717000,29296.5200
1628247234669000,0,0.00400000,29294.1700
1628247249811000,0,0.03110000,29297.2900
1628247249917000,0,0.00720000,29297.2900
1628247257237000,0,0.02715764,29310.7200
1628247281096000,1,0.00123615,29272.1200
1628247369426000,0,0.00688000,29279.4200
1628247409151000,0,0.01615179,29261.7600
1628247465077000,0,0.01791994,29256.2300
1628247518140000,0,0.00115000,29273.9400
1628247564687000,0,0.27000000,29263.2000
1628247564687000,0,0.00222372,29264.4100
1628247641626000,0,0.00080951,29212.0500
1628247684349000,1,0.07390187,29171.0600
1628247740882000,0,0.00391000,29207.8400
1628247796406000,1,0.15000000,29189.1700
1628247850904000,1,0.00591593,29119.8600
1628247862400000,0,0.00494000,29139.3800
1628247971082000,0,0.00658000,29160.4500
1628248010576000,0,0.01117000,29184.5100
1628248026958000,0,0.00112000,29175.4700
1628248047422000,0,0.00493000,29181.2400
1628248094368000,0,0.00394000,29192.8100
1628248172024000,0,0.00243000,29207.1900
1628248210502000,0,0.00099000,29185.7000
1628248270871000,0,0.00364000,29237.1500
1628248355066000,0,0.01193061,29189.6100
1628248483378000,0,0.02021237,29232.1900
1628248483378000,0,0.01262763,29232.2000
1628248524707000,0,0.00180000,29218.1500
1628248553093000,0,0.00182373,29197.2100
1628248570671000,0,0.02957000,29195.1900
1628248583312000,0,0.08362231,29195.3600
1628248584565000,0,0.00394000,29195.3600
1628248586015000,0,0.00397000,29195.1100
1628248597518000,0,0.00493000,29187.9000
1628248700485000,0,0.00164000,29205.6000
1628248793258000,0,0.00332000,29196.9900
1628248810186000,0,0.02629000,29197.0000
1628248918086000,0,0.00214000,29182.9100
1628248973331000,1,0.03000000,29136.7900
1628248994169000,1,0.00105371,29119.1300
1628249119877000,0,0.00165000,29138.5200
1628249184468000,1,0.00927000,29140.0900
1628249204696000,0,0.01308086,29143.9100
1628249237149000,0,0.03608440,29170.7500
1628249237149000,0,0.03789947,29170.7500
1628249237149000,0,0.07397493,29174.5700
1628249291121000,0,0.02436000,29199.4200
1628249345755000,0,0.00649071,29233.0300
1628249410794000,0,0.00887000,29198.4800
1628249551783000,0,0.10858122,29299.0000
1628249890396000,0,0.00440000,29223.4600
1628249903847000,1,0.02958477,29213.3300
1628249908433000,0,0.03669000,29216.5200
1628249963259000,0,0.00099000,29213.3100
1628250208395000,0,0.00135000,29185.8800
1628250250895000,0,0.00250000,29177.7800
1628250277212000,0,0.00167471,29168.0000
1628250281742000,0,0.01118000,29177.3400
1628250387474000,0,0.01407361,29160.5400
1628250427806000,1,0.01053923,29157.7200
1628250778371000,0,0.00335450,29125.1900
1628250778452000,0,0.07068747,29125.1900
1628250778452000,0,0.01317517,29127.7900
1628250796255000,0,0.00329000,29129.3200
1628250872314000,0,0.00230000,29143.8200
1628250891543000,0,0.00508000,29150.9700
1628250908729000,0,0.02783124,29156.9100
1628250948985000,0,0.00502813,29153.4700
1628250970129000,0,0.00099000,29135.0300
1628251075347000,0,0.00102000,29122.9200
1628251139314000,1,0.02546198,29109.5100
1628251189570000,1,0.00263115,29109.8000
1628251324229000,1,0.00192737,29074.4100
1628251324241000,1,0.00000001,29074.4100
1628251338910000,0,0.00309253,29061.9900
1628251356777000,0,0.00309302,29046.7200
1628251363208000,0,0.00090798,29036.0600
1628251363208000,0,0.00218657,29037.9000
1628251366745000,0,0.00619373,29001.7600
1628251369791000,0,0.00619855,29000.3200
1628251381656000,1,0.27000000,28975.6100
1628251457760000,0,0.00099000,29048.1700
1628251524712000,0,0.00309934,28993.5700
1628251528909000,1,0.07433815,28979.8200
1628251532751000,0,0.00620350,28977.1500
1628251536196000,0,0.07437512,28990.4100
1628251555227000,0,0.07434045,29005.6300
1628251555232000,0,0.00000001,29005.6300
1628251578107000,0,0.02391469,29033.7700
1628251591121000,1,0.02166125,29018.2600
1628251679376000,0,0.07511000,29106.6200
1628251691986000,0,0.00422000,29079.2000
1628251699694000,1,0.00102432,29061.4600
1628251703336000,0,0.00099000,29086.9200
1628251704947000,0,0.00356000,29081.6900
1628251773208000,0,0.00525000,29135.3700
1628251788947000,0,0.00239000,29133.1000
1628251825053000,0,0.00247000,29156.8300
1628251889856000,0,0.00360000,29275.9300
1628251922065000,1,0.00071033,29234.8000
1628251958480000,0,0.05526516,29299.0000
1628251958512000,0,0.02588946,29299.0000
1628251958532000,0,0.01026416,29299.0000
1628251970269000,0,0.07229009,29370.2700
1628251970269000,0,0.02891012,29370.2700
1628251970269000,0,0.07350654,29370.2800
1628251970269000,0,0.02554615,29375.1000
1628251970270000,0,0.16238810,29375.1000
1628251970270000,0,0.03786480,29375.1100
1628251970514000,0,0.03000000,29375.1000
1628251981549000,1,0.00620350,29368.7300
1628252050129000,0,0.00173000,29370.0600
1628252149472000,0,0.47000000,29399.4100
1628252160300000,1,0.00929789,29398.1800
1628252174146000,1,0.00619373,29416.4100
1628252214073000,1,0.00090473,29447.5800
1628252214073000,1,0.00096104,29446.2800
1628252215781000,1,0.00309455,29437.1000
1628252222615000,0,0.01856742,29450.9300
1628252240229000,1,0.00927648,29483.2300
1628252253863000,1,0.00617939,29484.1900
1628252260174000,1,0.00308768,29494.4700
1628252336427000,0,0.00343000,29431.6000
1628252369080000,0,0.00636000,29447.5300
1628252371921000,0,0.00414000,29447.5300
1628252533382000,1,0.02237035,29353.4700
1628252560931000,0,0.00160895,29373.1300
1628252565787000,0,0.00199000,29371.8000
1628252576655000,0,0.01633000,29368.3500
1628252630982000,0,0.00718000,29383.6900
1628252658553000,0,0.00163000,29406.0000
1628252727543000,0,0.00524258,29416.7600
1628252743871000,1,0.00091152,29388.3800
1628252743871000,1,0.00094961,29382.6600
1628252873225000,0,0.02000000,29460.9400
1628252889255000,0,0.00651000,29446.4100
1628252924504000,1,0.00285384,29435.6400
1628253002355000,0,0.27000000,29459.7800
1628253002355000,0,0.21000000,29461.2500
1628253002654000,0,0.27000000,29459.7800
1628253003050000,1,0.07319944,29448.2300
1628253006345000,1,0.00400000,29437.3100
1628253081099000,1,0.02599999,29415.4300
1628253081100000,1,0.00000001,29415.4300
1628253081100000,1,0.00093805,29413.0100
1628253081101000,1,0.07331992,29410.1100
1628253081101000,1,0.00093276,29406.9300
1628253081101000,1,0.07328924,29406.2600
1628253089130000,0,0.00482000,29417.9200
1628253095239000,1,0.27000000,29398.3400
1628253096012000,1,0.04000000,29391.4400
1628253096210000,1,0.05000000,29391.4400
1628253096686000,1,0.18000000,29391.4400
1628253096686000,1,0.02000000,29389.9700
1628253097432000,1,0.23000000,29391.4400
1628253099138000,1,0.00095105,29376.5800
1628253099138000,1,0.01904895,29374.9800
1628253099139000,1,0.00695105,29374.9800
1628253099355000,1,0.13990134,29373.8900
1628253100041000,1,0.13000000,29373.8900
1628253101877000,1,0.02599999,29362.5600
1628253101903000,1,0.00000001,29362.5600
1628253102939000,1,0.01000000,29368.8600
1628253103208000,1,0.01000000,29368.8600
1628253103430000,1,0.25000000,29368.8600
1628253103430000,1,0.02000000,29367.4000
1628253104105000,1,0.00599999,29367.4000
1628253104153000,1,0.00000001,29367.4000
1628253104413000,1,0.00094163,29364.7300
1628253105587000,1,0.02600000,29360.9000
1628253105587000,1,0.26400000,29358.1500
1628253107745000,1,0.27000000,29363.2600
1628253107745000,1,0.02000000,29362.1100
1628253108254000,1,0.01000000,29363.5700
1628253108685000,1,0.05000000,29363.5700
1628253109390000,1,0.21000000,29363.5700
1628253110087000,1,0.27000000,29361.8500
1628253110087000,1,0.02000000,29360.3900
1628253110765000,1,0.27000000,29361.8500
1628253111494000,1,0.05000000,29361.8500
1628253112035000,1,0.17000000,29361.8500
1628253113345000,1,0.05000000,29361.8500
1628253114335000,1,0.10000000,29359.8000
1628253114744000,1,0.01000000,29358.3400
1628253116777000,0,0.00400000,29372.5300
1628253118583000,0,0.20003565,29383.8900
1628253118584000,0,0.09130434,29383.8900
1628253118722000,0,0.05785236,29383.8900
1628253119109000,0,0.03880764,29383.8900
1628253119113000,0,0.00000001,29383.8900
1628253252864000,0,0.00163000,29392.3900
1628253265440000,0,0.00161261,29396.3200
1628253350243000,1,0.00503559,29390.8000
1628253446230000,0,0.00542000,29367.4000
1628253462571000,0,0.00324000,29358.4200
1628253532050000,0,0.00523000,29350.0100
1628253542031000,1,0.07348596,29321.1200
1628253542235000,1,0.00400000,29316.8200
1628253543302000,1,0.02935168,29304.6000
1628253543321000,1,0.16180676,29304.6000
1628253543356000,1,0.16155568,29304.6000
1628253543357000,1,0.00900055,29304.6000
1628253543368000,1,0.13633003,29304.6000
1628253543369000,1,0.04495530,29304.6000
1628253576926000,0,0.04231532,29283.5700
1628253576942000,0,0.22768468,29283.5700
1628253606053000,0,0.02456524,29284.9000
1628253676342000,1,0.00825961,29303.2400
1628253726604000,0,0.00161657,29292.6900
1628253744895000,0,0.00091125,29215.6000
1628253744895000,0,0.00007875,29226.7700
1628253746704000,0,0.01544301,29232.5300
1628253751528000,0,0.04173580,29226.5700
1628253772841000,0,0.00131000,29248.6000
1628253904006000,1,0.00866194,29243.3000
1628254008106000,0,0.00093636,29248.1800
1628254008106000,0,0.00234364,29250.9000
1628254045998000,0,0.00095272,29297.0800
1628254045998000,0,0.07363249,29297.9800
1628254045998000,0,0.01031895,29301.8800
1628254106605000,0,0.00490000,29361.0600
1628254172883000,0,0.27000000,29340.7700
1628254172883000,0,0.07353243,29346.1300
1628254172883000,0,0.00093767,29346.5000
1628254172883000,0,0.07184629,29350.1900
1628254187540000,0,0.01520000,29344.6700
1628254230082000,0,0.00112000,29349.4300
1628254281123000,1,0.00730000,29313.0700
1628254300560000,0,0.00235000,29345.1200
1628254326695000,1,0.01324390,29301.6500
1628254326797000,1,0.07426064,29301.6500
1628254348161000,1,0.00250000,29268.4400
1628254423294000,0,0.00644643,29326.3000
1628254452396000,0,0.00098000,29296.8100
1628254468634000,1,0.04238098,29295.1100
1628254558198000,0,0.04047000,29284.6500
1628254563748000,0,0.00098000,29278.7200
1628254586476000,0,0.00169892,29283.1700
1628254669391000,1,0.00340546,29289.3000
1628254703940000,0,0.00163000,29336.4400
1628254752355000,0,0.07214375,29341.6900
1628254753274000,0,0.00147232,29341.6900
1628254754204000,0,0.07361607,29341.6900
1628254764317000,0,0.27000000,29337.2100
1628254764317000,0,0.06669789,29338.5900
1628254765228000,0,0.00673396,29338.5900
1628254766176000,0,0.00013743,29338.5900
1628254816942000,0,0.02548000,29346.0600
1628254824286000,0,0.26460000,29345.9300
1628254839495000,0,0.05000000,29314.4200
1628254839536000,0,0.10000000,29314.4200
1628254839552000,0,0.00883372,29314.4200
1628254842540000,0,0.13000000,29318.7400
1628254842585000,0,0.11000000,29318.7400
1628254842850000,0,0.03000000,29318.7400
1628254845216000,0,0.19000000,29315.4100
1628254845335000,0,0.06000000,29315.4100
1628254845460000,0,0.01000000,29315.4100
1628254847063000,0,0.17000000,29312.3500
1628254847097000,0,0.10000000,29312.3500
1628254847490000,0,0.00199038,29312.3500
1628254848349000,0,0.01000000,29315.4100
1628254848349000,0,0.07364982,29316.8700
1628254853038000,0,0.06000000,29305.7200
1628254858331000,0,0.07000000,29320.2000
1628254886271000,0,0.02000000,29347.3900
1628254939764000,0,0.04000000,29400.9800
1628254950739000,0,0.01306000,29379.7300
1628254957897000,0,0.07000000,29394.0500
1628254957948000,0,0.00346842,29394.0500
1628254959106000,0,0.07201866,29400.2600
1628254969236000,0,0.11000000,29382.1700
1628254982908000,0,0.02000000,29384.7300
1628254982991000,0,0.01000000,29384.7300
1628254983138000,0,0.01000000,29384.7300
1628254983640000,0,0.07350634,29386.1900
1628254985356000,0,0.21000000,29385.1200
1628254986521000,0,0.06000000,29398.8000
1628254987094000,0,0.08000000,29398.8000
1628255000360000,0,0.01000000,29377.5500
1628255001286000,0,0.04000000,29377.5500
1628255001704000,0,0.13000000,29377.5500
1628255002384000,0,0.08000000,29377.5500
1628255003113000,0,0.01000000,29377.5500
1628255011793000,0,0.12000000,29381.6900
1628255016952000,0,0.18000000,29374.6200
1628255016959000,0,0.06000000,29374.6200
1628255016979000,0,0.00503834,29374.6200
1628255024176000,0,0.10000000,29372.8900
1628255024932000,0,0.27000000,29372.8700
1628255024932000,0,0.01000000,29372.9600
1628255026121000,0,0.04000000,29372.9600
1628255026358000,0,0.02000000,29372.9600
1628255056268000,0,0.00303000,29378.4200
1628255079790000,1,0.03563834,29356.0500
1628255079877000,0,0.00177805,29375.4100
1628255200004000,0,0.03298000,29367.1600
1628255246133000,0,0.07346518,29398.9900
1628255246133000,0,0.07350824,29399.3200
1628255327623000,0,0.07000000,29413.1500
1628255396661000,0,0.00326000,29445.6100
1628255420633000,1,0.01864464,29426.0100
1628255456507000,0,0.04395000,29464.5600
1628255496789000,0,0.00302000,29458.0800
1628255649330000,0,0.00114000,29444.2500
1628255723558000,1,0.00913042,29447.1000
1628255864581000,0,0.00095000,29451.7600
1628256002503000,0,0.00180498,29515.0700
1628256011290000,0,0.00595000,29498.9200
1628256041307000,0,0.07324727,29491.1500
1628256041312000,0,0.00000001,29491.1500
1628256128625000,0,0.07331063,29466.5100
1628256130146000,0,0.05693000,29503.6900
1628256156881000,0,0.00228000,29509.8700
1628256200182000,1,0.00847458,29501.1800
1628256252152000,1,0.00387421,29519.6700
1628256282032000,0,0.00335000,29502.6500
1628256282861000,1,0.00313880,29481.2900
1628256343118000,1,0.15000000,29450.5800
1628256369749000,0,0.00954000,29462.0100
1628256413352000,1,0.00091759,29448.0200
1628256413352000,1,0.00708143,29443.8400
1628256518575000,0,0.03900000,29507.4000
1628256537807000,0,0.07175134,29493.3800
1628256538798000,0,0.00146431,29493.3800
1628256538798000,0,0.07320781,29496.5700
1628256538798000,0,0.07321129,29496.6200
1628256555562000,0,0.07317988,29510.2600
1628256555805000,0,0.24000000,29513.2400
1628256556745000,0,0.06000000,29513.2400
1628256557429000,0,0.20584267,29513.2400
1628256639615000,0,0.00313000,29515.8100
1628256673923000,0,0.00297907,29518.2000
1628256699557000,0,0.00488000,29498.6800
1628256704191000,0,0.01641022,29482.9700
1628256711438000,0,0.06506000,29472.9400
1628256854600000,0,0.07189540,29423.8300
1628256864132000,0,0.07184718,29441.5400
1628257076074000,0,0.00199129,29435.4200
1628257147071000,1,0.00972107,29440.8500
1628257247783000,0,0.00067557,29456.2400
1628257321820000,0,0.00323000,29448.0100
1628257331604000,0,0.00195000,29444.8800
1628257465904000,0,0.00098000,29430.9100
1628257526160000,0,0.07030000,29443.3100
1628257526233000,0,0.06515000,29443.3100
1628257687496000,0,0.01328741,29399.2200
1628257689989000,0,0.00092937,29401.5300
1628257689989000,0,0.01523063,29402.2900
1628257691639000,0,0.00098467,29415.2100
1628257691639000,0,0.00097533,29415.2600
1628257723618000,0,0.01000000,29411.7600
1628257724940000,0,0.05000000,29411.7600
1628257725014000,0,0.08000000,29411.7600
1628257725415000,0,0.02000000,29411.7600
1628257747781000,0,0.00504000,29411.8700
1628257810500000,0,0.00130000,29410.8800
1628257810624000,0,0.01572000,29410.8800
1628257810759000,0,0.00277000,29410.8800
1628257868303000,0,0.00300751,29407.3300
1628257885537000,1,0.00196000,29382.5400
1628257978322000,0,0.01662737,29385.4300
1628257979309000,0,0.07353420,29388.5100
1628257979309000,0,0.02600000,29391.9400
1628257979309000,0,0.02449580,29394.2700
1628258045865000,0,0.00129444,29401.5900
1628258058552000,0,0.07349491,29397.5400
1628258058552000,0,0.01425328,29401.1000
1628258149452000,0,0.01330226,29374.4500
1628258154417000,0,0.00163000,29397.8400
1628258353429000,0,0.07335894,29449.5000
1628258370166000,0,0.09921518,29482.2700
1628258388244000,0,0.07330118,29479.9400
1628258388244000,0,0.07329630,29481.9000
1628258649617000,0,0.00173000,29425.2300
1628258716546000,0,0.01117148,29391.7900
1628258770561000,1,0.01466522,29355.3000
1628259051112000,1,0.00177599,29397.2300
1628259071265000,0,0.00326000,29421.1300
1628259217989000,1,0.03518790,29382.9100
1628259250981000,0,0.00326000,29404.2000
1628259251475000,0,0.00498347,29404.2000
1628259361939000,1,0.07363078,29343.0700
1628259361939000,1,0.02709899,29341.0500
1628259389259000,0,0.02600000,29374.6900
1628259389259000,0,0.02627000,29378.4900
1628259489714000,0,0.00228000,29381.4900
1628259539841000,0,0.00098000,29393.2500
1628259617696000,0,0.02536000,29385.9200
1628259767382000,0,0.00163000,29407.8800
1628260054142000,0,0.00747871,29345.3800
1628260145333000,0,0.00980000,29354.9000
1628260173248000,0,0.07362116,29376.0000
1628260173248000,0,0.07366570,29378.9500
1628260173248000,0,0.07365504,29383.3200
1628260173248000,0,0.02600000,29391.5200
1628260173248000,0,0.16885371,29396.4200
1628260255979000,1,0.02690027,29315.2800
1628260255979000,1,0.02690027,29315.2800
1628260256018000,1,0.02600000,29312.7400
1628260296836000,0,0.01682000,29356.9300
1628260453687000,0,0.00180000,29369.2800
1628260569645000,0,0.00101000,29408.8700
1628260786033000,0,0.00326000,29424.1800
1628261037240000,1,0.00101951,29412.9900
1628261077473000,0,0.04231262,29425.7100
1628261081420000,0,0.01719679,29425.7100
1628261127722000,0,0.00292145,29406.3700
1628261137942000,0,0.02373647,29406.3700
1628261152201000,0,0.01000000,29406.2900
1628261152887000,0,0.01000000,29406.2900
1628261153104000,0,0.01000000,29406.2900
1628261153787000,0,0.04000000,29406.2900
1628261160235000,0,0.01000000,29409.4800
1628261161162000,0,0.01000000,29409.4800
1628261161546000,0,0.05000000,29409.4800
1628261161573000,0,0.00350663,29409.4800
1628261165303000,0,0.07000000,29409.3200
1628261165338000,0,0.00351148,29409.3200
1628261167239000,0,0.01000000,29409.3200
1628261167289000,0,0.03000000,29409.3200
1628261167584000,0,0.03000000,29409.3200
1628261167668000,0,0.00351148,29409.3200
1628261179207000,0,0.04000000,29415.5300
1628261179331000,0,0.03350393,29415.5300
1628261181251000,0,0.03000000,29414.2200
1628261181281000,0,0.05000000,29414.2200
1628261181482000,0,0.04000000,29414.2100
1628261181581000,0,0.04000000,29414.2100
1628261181679000,0,0.00839000,29414.2100
1628261181932000,0,0.10000000,29414.1300
1628261183968000,0,0.02000000,29415.5300
1628261184948000,0,0.05000000,29415.5300
1628261189800000,0,0.14000000,29415.3200
1628261231091000,0,0.07349830,29420.7500
1628261231487000,0,0.01000000,29426.7000
1628261231555000,0,0.06351448,29426.7000
1628261278254000,0,0.00831349,29468.8200
1628261289902000,0,0.00163000,29472.8400
1628261294432000,0,0.00130000,29472.8400
1628261308580000,1,0.00377250,29456.0500
1628261318806000,0,0.00331743,29468.3400
1628261356649000,0,0.00260000,29454.1700
1628261409542000,0,0.00098466,29460.4200
1628261413330000,0,0.00342000,29460.4200
1628261416456000,0,0.06903198,29460.4200
1628261416456000,0,0.07343582,29460.9100
1628261416732000,0,0.02795300,29466.3100
1628261416762000,0,0.01992468,29466.3100
1628261421656000,1,0.01588251,29448.6600
1628261469997000,0,0.00099569,29434.3000
1628261478443000,1,0.00740000,29408.8200
1628261708317000,0,0.07358549,29406.0400
1628261710833000,0,0.01000000,29406.0400
1628261711207000,0,0.05000000,29406.0400
1628261711457000,0,0.01000000,29406.0400
1628261773172000,0,0.00117000,29409.5400
1628262046814000,0,0.00098000,29416.6100
1628262052123000,1,0.00096472,29407.5100
1628262352488000,0,0.00295061,29461.9500
1628262502847000,0,0.00160818,29479.6700
1628262872721000,0,0.07325857,29563.6600
1628262872721000,0,0.07322737,29564.5600
1628262872721000,0,0.00091167,29567.1000
1628262872721000,0,0.05240937,29570.6300
1628262879970000,1,0.00616524,29547.5400
1628262893734000,0,0.00495981,29575.1300
1628262900628000,0,0.07318255,29578.4800
1628262900628000,0,0.07322725,29581.6900
1628262900628000,0,0.26329147,29583.8500
1628262904718000,1,0.00308042,29563.1400
1628262915262000,1,0.00615942,29570.7300
1628262984652000,1,0.00088570,29583.7600
1628262991085000,0,0.07311715,29612.7100
1628262991087000,0,0.02866741,29619.3200
1628262991087000,0,0.07315033,29619.3300
1628262995898000,1,0.00307731,29595.3900
1628263001936000,0,0.00164851,29632.6400
1628263001944000,0,0.00000001,29632.6400
1628263007051000,0,0.00161525,29642.3500
1628263007063000,0,0.00000001,29642.3500
1628263010709000,0,0.25000000,29675.0000
1628263011168000,1,0.00094317,29649.8900
1628263011168000,1,0.00095939,29642.3400
1628263011168000,1,0.00744004,29635.0800
1628263013291000,0,0.07293099,29731.5100
1628263013291000,0,0.07292980,29731.9900
1628263013291000,0,0.05449324,29735.2100
1628263013291000,0,0.08536778,29735.2100
1628263013291000,0,0.00096212,29736.2200
1628263013291000,0,0.07291059,29744.1200
1628263024955000,1,0.01274818,29681.0400
1628263032460000,1,0.00318396,29697.8900
1628263034084000,0,0.00095997,29737.8500
1628263034084000,0,0.01444961,29744.7800
1628263038611000,0,0.18000000,29744.7800
1628263038702000,0,0.00590432,29744.7800
1628263038835000,0,0.07217717,29744.1200
1628263039846000,1,0.01908651,29733.1300
1628263053034000,1,0.00096391,29765.6600
1628263053034000,1,0.00893220,29761.9800
1628263061813000,1,0.00659189,29790.6100
1628263068823000,1,0.02961592,29869.9000
1628263113833000,0,0.07250727,29861.3900
1628263113833000,0,0.07249483,29866.2100
1628263113833000,0,0.05164332,29870.7800
1628263121608000,1,0.00298006,29820.4700
1628263121621000,1,0.09701994,29820.4700
1628263121621000,1,0.09696557,29820.3700
1628263121624000,1,0.10854468,29820.3700
1628263133170000,0,0.07250790,29867.4800
1628263139546000,1,0.00377417,29894.8700
1628263144351000,0,0.00092995,29937.8800
1628263144351000,0,0.00182470,29943.6400
1628263152676000,1,0.00094416,29927.4300
1628263152676000,1,0.00097183,29919.4200
1628263152676000,1,0.00185639,29915.4400
1628263153747000,0,0.05009186,29968.7500
1628263155904000,0,0.00174007,29980.0000
1628263155912000,0,0.00000001,29980.0000
1628263157097000,0,0.00071500,30000.0000
1628263157097000,0,0.10000000,30000.0000
1628263157097000,0,0.09744155,30000.0000
1628263157097000,0,0.00684665,30000.0000
1628263157097000,0,0.07803447,30000.0000
1628263157097000,0,0.78362479,30000.0000
1628263157097000,0,0.00383754,30000.0000
1628263157293000,0,0.00024815,30000.0000
1628263159454000,1,0.01884155,30004.6100
1628263162002000,1,0.03368692,30003.4400
1628263168045000,0,0.00094408,29985.3800
1628263168045000,0,0.00090000,29992.9100
1628263168045000,0,0.01445566,29992.9300
1628263178012000,1,0.00090495,29992.8900
1628263183947000,0,0.07210751,30029.5100
1628263185159000,1,0.01880969,30015.5000
1628263204775000,0,0.12327999,30040.1700
1628263204789000,0,0.00000001,30040.1700
1628263205894000,1,0.01127206,30057.1800
1628263220042000,1,0.00096540,30101.5700
1628263220042000,1,0.00094403,30093.9200
1628263220042000,1,0.01310496,30086.5300
1628263294627000,1,0.01393022,29993.8200
1628263294824000,1,0.00000001,29993.8200
1628263308749000,1,0.00200000,29949.1500
1628263314105000,1,0.01756060,29953.0800
1628263314130000,1,0.05803610,29953.0800
1628263314151000,1,0.05902333,29953.0800
1628263495099000,1,0.00262820,29971.6000
1628263608219000,1,0.00384395,29965.5400
1628263638254000,0,0.07209812,30020.6200
1628263638254000,0,0.27000000,30024.2800
1628263638254000,0,0.07214124,30025.7800
1628263638254000,0,0.00092602,30025.7900
1628263638254000,0,0.07212892,30029.8700
1628263638254000,0,0.02600000,30030.4700
1628263638254000,0,0.02826720,30031.9600
1628263638254000,0,0.00094848,30031.9700
1628263638254000,0,0.37245077,30034.4500
1628263685623000,0,0.00160971,30061.6700
1628263725789000,1,0.00283000,30038.4200
1628263780569000,1,0.02682908,30071.6500
1628263815590000,1,0.00093011,30096.1600
1628263815590000,1,0.00656934,30093.7000
1628263825527000,1,0.00092878,30120.8200
1628263825527000,1,0.00281777,30114.7400
1628263826333000,0,0.20003317,30150.0000
1628263826346000,0,0.09099930,30150.0000
1628263826411000,0,0.04181595,30150.0000
1628263826442000,0,0.00400000,30150.0000
1628263826444000,0,0.20002791,30150.0000
1628263826446000,0,0.20002792,30150.0000
1628263826487000,0,0.04309575,30150.0000
1628263839240000,1,0.00094557,30128.1900
1628263839240000,1,0.00279995,30122.9300
1628263846292000,1,0.00093004,30153.4100
1628263846292000,1,0.00281496,30138.3500
1628263847381000,0,0.53000000,30195.5500
1628263847445000,0,0.00900000,30195.5500
1628263853788000,1,0.01496412,30184.2600
1628263856482000,1,0.01393446,30191.2300
1628263886751000,1,0.00088948,30111.8800
1628263886751000,1,0.00685484,30108.2500
1628263886751000,1,0.07173783,30108.2400
1628263886751000,1,0.01701131,30101.8800
1628263937005000,0,0.00680248,30154.2400
1628264008758000,0,0.27000000,30128.9700
1628264008758000,0,0.10000000,30130.4700
1628264008758000,0,0.03273356,30130.5700
1628264078708000,1,0.02000000,29979.6000
1628264078723000,1,0.31000000,29979.6000
1628264078749000,1,0.10000000,29979.6000
1628264108943000,1,0.06888554,30016.7800
1628264108964000,1,0.07201256,30015.2800
1628264478341000,0,0.08438092,30089.1800
1628264568885000,0,0.10229826,30115.8100
1628264587602000,1,0.07174109,30134.0800
1628264587603000,1,0.00000001,30134.0800
1628264703254000,0,0.00215296,30200.0000
1628264708630000,1,0.00373852,30187.5600
1628264734090000,1,0.00170238,30106.8500
1628264824549000,0,0.27000000,30186.9400
1628264824549000,0,0.07168808,30188.4400
1628264824549000,0,0.06140970,30191.4000
1628264899719000,1,0.02600000,30133.5200
1628264935954000,0,0.27000000,30144.7300
1628264935954000,0,0.07178575,30146.2300
1628264935954000,0,0.00093142,30146.5300
1628264935954000,0,0.27000000,30148.5500
1628264935954000,0,0.07177674,30150.0500
1628264935954000,0,0.00092101,30152.6200
1628264935954000,0,0.07177363,30154.0200
1628264935954000,0,0.00090459,30159.0600
1628264935954000,0,0.24464735,30160.7900
1628265244460000,1,0.00089563,30206.4600
1628265248344000,1,0.07158565,30201.7900
1628265280445000,0,0.45000000,30188.8700
1628265280512000,0,0.00100000,30188.8700
1628265309339000,1,0.07160406,30194.1500
1628265312587000,1,0.01988976,30175.9900
1628265312603000,1,0.12928911,30175.9900
1628265312759000,1,0.13517936,30175.9900
1628265312875000,1,0.02414388,30175.9900
1628265312891000,1,0.00400000,30175.9900
1628265364940000,1,0.08468764,30164.7500
1628265514961000,1,0.00828089,30194.1800
1628265524090000,0,0.07157569,30223.8500
1628265524090000,0,0.07162083,30227.5300
1628265524090000,0,0.07157226,30228.3800
1628265524090000,0,0.00097292,30230.6600
1628265524090000,0,0.18656099,30233.8700
1628265524501000,0,0.07160127,30236.4300
1628265524501000,0,0.36100000,30244.7200
1628265524501000,0,0.02805170,30245.6500
1628265524501000,0,0.07157572,30245.9500
1628265524501000,0,0.46777131,30250.0000
1628265524534000,0,0.53222869,30250.0000
1628265524534000,0,0.00179405,30250.1300
1628265524534000,0,0.18236404,30265.6600
1628265524534000,0,0.07012972,30265.6600
1628265525807000,0,0.07000000,30315.5500
1628265525877000,0,0.13002924,30315.5500
1628265525944000,1,0.00091017,30325.7400
1628265526100000,1,0.05000000,30325.7400
1628265528623000,0,0.00134557,30329.1500
1628265529222000,1,0.04393646,30327.2500
1628265532034000,0,0.97000000,30450.0100
1628265532460000,0,1.39000000,30450.0100
1628265532462000,0,0.00445793,30450.0100
1628265537542000,1,0.04428470,30466.4200
1628265538146000,0,0.03082053,30500.0000
1628265538195000,0,0.02156347,30500.0000
1628265538195000,0,0.00073263,30500.0000
1628265538195000,0,0.01000000,30500.0000
1628265538195000,0,0.01196696,30500.0000
1628265538726000,0,0.01000000,30530.2000
1628265538740000,0,0.00100000,30530.2000
1628265541950000,1,0.00104958,30491.5800
1628265543238000,0,0.00096874,30587.1800
1628265543238000,0,0.00095676,30588.7000
1628265543273000,0,0.00000001,30588.7000
1628265544939000,0,0.02657300,30604.0000
1628265545234000,0,0.02342699,30604.0000
1628265548570000,1,0.00093797,30521.1100
1628265548570000,1,0.02323552,30505.8600
1628265551063000,1,0.14000000,30505.8700
1628265551069000,1,0.00949655,30505.8700
1628265554002000,1,0.42000000,30468.5100
1628265554007000,1,0.00700000,30468.5100
1628265556133000,1,0.00093655,30466.8300
1628265556133000,1,0.22960861,30462.1800
1628265556133000,1,0.00091585,30460.6400
1628265565716000,1,0.00095222,30489.5600
1628265567100000,1,0.44000000,30469.4000
1628265581088000,1,0.12000000,30373.4100
1628265595135000,0,0.03000000,30478.8600
1628265602563000,1,0.00090545,30460.5100
1628265620170000,1,0.00090722,30484.8800
1628265631289000,0,0.10000000,30500.0000
1628265651286000,1,0.00095663,30508.0400
1628265651286000,1,0.00094646,30503.4700
1628265651286000,1,0.00142847,30492.8000
1628265651579000,0,0.11000000,30551.7300
1628265651607000,0,0.00610031,30551.7300
1628265657405000,1,0.01198955,30539.4900
1628265664292000,1,0.00092791,30572.1100
1628265664292000,1,0.00092473,30568.3800
1628265664292000,1,0.00211384,30556.8400
1628265665093000,1,0.01000000,30556.8500
1628265679305000,0,0.10000000,30597.9700
1628265685366000,1,0.00400426,30561.1900
1628265709626000,1,0.00800425,30594.7800
1628265721433000,0,0.00807368,30598.4600
1628265721501000,0,0.10000000,30600.0000
1628265721501000,0,0.00000001,30604.0000
1628265747226000,0,0.06555443,30608.3500
1628265747311000,0,0.46644557,30608.3500
1628265754331000,0,0.01033105,30603.4000
1628265758173000,1,0.00399975,30598.6200
1628265769944000,1,0.00457899,30617.5300
1628265788229000,0,0.07066618,30672.2900
1628265794531000,1,0.00399706,30621.2300
1628265799595000,0,0.07000000,30839.1900
1628265800518000,0,0.23977192,30859.6500
1628265800518000,0,1.41300000,30859.6600
1628265800518000,0,0.00097521,30877.9400
1628265800518000,0,0.00093568,30891.6900
1628265800518000,0,1.59704792,30899.1300
1628265800518000,0,0.03660838,30900.0000
1628265800518000,0,0.69189390,30904.2400
1628265801761000,1,0.00094099,30748.4200
1628265801761000,1,0.00092009,30740.7300
1628265801761000,1,0.01645619,30733.0600
1628265807732000,0,0.01000000,30921.0000
1628265807732000,0,0.00500000,30921.0000
1628265809001000,1,0.02747394,30869.2000
1628265813681000,1,0.00124437,30913.2900
1628265816018000,1,0.41975563,30913.2900
1628265830393000,1,0.01064177,30815.8100
1628265830393000,1,0.01065046,30811.1400
1628265830393000,1,0.07008226,30806.9400
1628265830467000,1,0.11989000,30793.6800
1628265830467000,1,0.01415049,30791.8300
1628265867194000,1,0.07018400,30792.1100
1628265867194000,1,0.02981600,30786.2300
1628265874274000,1,0.10000000,30738.2100
1628265886860000,0,0.08000000,30861.8900
1628265886866000,0,0.04237000,30861.8900
1628265931166000,1,0.13900000,30765.6700
1628266003961000,0,0.03239800,30789.2400
1628266039520000,0,0.07000000,30797.5800
1628266074653000,1,0.01810000,30817.0600
1628266105513000,0,0.12898115,30864.0700
1628266121123000,1,0.00457899,30884.8200
1628266131712000,1,0.01000000,30925.6400
1628266131780000,1,0.00457899,30925.6400
1628266133332000,0,0.00200239,30958.1000
1628266133348000,0,0.00000001,30958.1000
1628266133434000,0,0.00131809,30961.2300
1628266133461000,0,0.00000001,30961.2300
1628266150757000,1,0.00457899,30940.0900
1628266173979000,0,0.03983485,30969.9400
1628266173979000,0,0.26016515,30969.9500
1628266174013000,0,0.00983485,30969.9500
1628266174597000,0,0.16000000,30971.7300
1628266174651000,0,0.07000000,30971.7300
1628266180958000,0,0.00125000,30984.5700
1628266181057000,0,0.07000000,30992.4500
1628266182346000,1,0.00457899,30978.2600
1628266187812000,0,0.11732741,31000.0000
1628266187812000,0,0.00267259,31000.0000
1628266187845000,0,0.00164628,31000.0000
1628266187845000,0,0.00199754,31000.0000
1628266188785000,1,0.00457899,30984.9700
1628266193603000,0,0.27000000,30993.1700
1628266193603000,0,0.06982477,30994.7100
1628266193603000,0,0.00096758,30998.6700
1628266193603000,0,0.05149480,31000.0600
1628266206042000,0,0.06982842,31022.5200
1628266209471000,0,0.00096343,31054.0000
1628266209471000,0,0.00095969,31057.9700
1628266209727000,1,0.00457899,31032.0600
1628266214954000,0,0.12000000,31125.6200
1628266217260000,1,0.00094216,31144.5900
1628266217260000,1,0.00821582,31130.5800
1628266220645000,1,0.04000000,31130.5900
1628266220721000,1,0.02438009,31130.5900
1628266222575000,1,0.06857800,31066.8700
1628266222951000,1,0.02892279,31069.9800
1628266225465000,1,0.11000000,31079.2400
1628266225519000,1,0.00879000,31079.2400
1628266243226000,0,0.00091647,31124.7400
1628266243226000,0,0.18819777,31132.9000
1628266243955000,1,0.00457899,31086.1900
1628266247767000,0,0.00660138,31123.8700
1628266247767000,0,0.03991764,31123.8800
1628266248463000,1,0.00396082,31075.3300
1628266253328000,0,0.01163425,31086.2100
1628266256337000,0,0.00292301,31087.7400
1628266281304000,1,0.00097164,30992.4500
1628266281304000,1,0.00093172,30983.5700
1628266281304000,1,0.00833484,30976.9700
1628266281304000,1,0.02084342,30971.0700
1628266281304000,1,0.03721742,30971.0000
1628266287294000,1,0.02023119,30957.9100
1628266287307000,1,0.00000001,30957.9100
1628266295725000,0,0.09472103,30996.0200
1628266300676000,1,0.02096462,30942.5600
1628266333134000,0,0.27000000,31029.3100
1628266333134000,0,0.06978081,31030.8600
1628266333134000,0,0.06984289,31039.0100
1628266333134000,0,0.00092118,31042.0400
1628266333134000,0,0.06980175,31044.3600
1628266333134000,0,0.00091554,31049.2600
1628266333134000,0,0.06978786,31050.4900
1628266333134000,0,0.00089654,31055.9100
1628266333134000,0,0.00098634,31068.0400
1628266333134000,0,0.02600000,31077.3600
1628266333134000,0,0.49213236,31080.2700
1628266333134000,0,0.36000000,31080.2800
1628266333134000,0,0.00252606,31091.1800
1628266333134000,0,0.08000000,31102.0600
1628266333134000,0,0.72900000,31135.3100
1628266333134000,0,0.16431913,31146.4900
1628266333889000,1,0.27000000,31011.7400
1628266338042000,1,0.00090702,31004.6600
1628266339761000,1,0.00093009,30993.9700
1628266348813000,1,0.00155201,30927.6900
1628266348813000,1,0.00092721,30922.7600
1628266359171000,0,0.07000711,30937.8200
1628266426196000,1,0.02052644,30802.0500
1628266426255000,1,0.02052644,30802.0500
1628266426431000,1,0.18288415,30802.0500
1628266432067000,1,0.16908625,30804.3400
1628266442323000,1,0.00250233,30773.7000
1628266496160000,1,0.27000000,30804.6800
1628266496160000,1,0.07000000,30796.9400
1628266503531000,0,0.00090021,30834.9600
1628266503531000,0,0.00095093,30843.4700
1628266503531000,0,0.19361623,30850.3800
1628266503626000,1,0.02000000,30821.3400
1628266519606000,0,0.00094306,30760.6700
1628266519606000,0,0.00092910,30766.9300
1628266547314000,0,0.01000000,30789.4100
1628266547334000,0,0.09052643,30789.4100
1628266568852000,0,0.07020049,30834.2300
1628266770629000,0,0.27000000,30799.3100
1628266770629000,0,0.07026555,30799.3700
1628266770629000,0,0.00090886,30802.1600
1628266770629000,0,0.05349221,30803.3000
1628266814043000,0,0.07000000,30810.6700
1628266840999000,1,0.02600000,30771.6400
1628266861665000,1,0.02000000,30755.3200
1628266933789000,0,0.05415686,30724.3800
1628266936896000,0,0.07043370,30730.4900
1628266936912000,0,0.00000001,30730.4900
1628266977532000,0,0.00097288,30668.5300
1628266977532000,0,0.00743882,30668.8500
1628266988339000,0,0.00142577,30650.1200
1628267000418000,0,0.00090418,30632.7900
1628267000418000,0,0.00096434,30639.8500
1628267000418000,0,0.00654796,30647.4300
1628267002742000,1,0.27000000,30609.0400
1628267006275000,0,0.00420948,30647.4300
1628267015677000,1,0.13000000,30623.9900
1628267015711000,1,0.14000000,30623.9900
1628267016291000,0,0.00421093,30636.9100
1628267021749000,0,0.06642210,30636.9100
1628267021756000,0,0.00000001,30636.9100
1628267021856000,0,0.00400000,30638.3200
1628267030619000,0,0.00421242,30626.0800
1628267035814000,0,0.07063615,30633.1200
1628267035830000,0,0.00000001,30633.1200
1628267035830000,0,0.07063598,30634.3600
1628267045151000,1,0.27000000,30643.7100
1628267055354000,1,0.05000000,30667.2400
1628267055364000,1,0.05000000,30667.2400
1628267055369000,1,0.05000000,30667.2400
1628267060499000,0,0.07051120,30690.5000
1628267061226000,0,0.00768941,30695.5900
1628267061257000,0,0.06287891,30695.5900
1628267069644000,0,0.07046347,30710.0800
1628267074661000,0,0.04676957,30709.2400
1628267082159000,0,0.06790347,30714.8600
1628267105705000,0,0.07045321,30710.7400
1628267228195000,0,0.01437335,30727.6900
1628267245064000,0,0.07039832,30730.7600
1628267245068000,0,0.00000001,30730.7600
1628267277067000,0,0.07039048,30741.9900
1628267277067000,0,0.27000000,30746.3700
1628267277067000,0,0.05461633,30746.4200
1628267297598000,0,0.07000000,30753.5500
1628267299211000,0,0.07035749,30753.5100
1628267310446000,0,0.07000000,30746.0600
1628267310466000,0,0.00037530,30746.0600
1628267320409000,0,0.07037114,30746.5400
1628267320409000,0,0.27000000,30749.6500
1628267320409000,0,0.07036628,30749.9800
1628267320790000,0,0.07000000,30746.5400
1628267320791000,0,0.00037114,30746.5400
1628267321318000,1,0.02600000,30723.9100
1628267347850000,1,0.02000000,30710.4200
1628267473568000,1,0.02088225,30579.7900
1628267475658000,0,0.00421454,30607.4700
1628267479942000,1,0.10604221,30584.4300
1628267480421000,1,0.09316915,30584.5000
1628267480514000,1,0.04510141,30584.4300
1628267480515000,1,0.06524372,30584.4300
1628267495976000,0,0.00843296,30597.2200
1628267499631000,0,0.00421799,30572.1700
1628267506477000,0,0.07000000,30607.4200
1628267536045000,0,0.01541401,30623.2100
1628267586307000,0,0.01114191,30652.5300
1628267685499000,0,0.07000000,30699.1900
1628267737149000,1,0.00195200,30697.9200
1628267848244000,0,0.07000000,30760.4900
1628267870612000,0,0.07033877,30762.8200
1628267938620000,0,0.03608655,30707.9000
1628267938621000,0,0.19988629,30707.9000
1628267938715000,0,0.07046326,30708.1100
1628267938715000,0,0.07045481,30711.7600
1628267940953000,1,0.02599999,30694.1100
1628267940988000,1,0.00000001,30694.1100
1628268026327000,1,0.02599999,30741.0700
1628268026328000,1,0.00000001,30741.0700
1628268027882000,1,0.02599999,30729.6500
1628268106198000,0,0.07048034,30697.6900
1628268147760000,0,0.00154204,30700.2000
1628268172242000,0,0.07049231,30695.3900
1628268223593000,1,0.02599999,30634.0400
1628268246999000,0,0.04000000,30600.0000
1628268247592000,0,0.00809807,30600.0000
1628268254719000,1,0.07065950,30601.0400
1628268254720000,1,0.00000001,30601.0400
1628268258712000,1,0.00112224,30585.7300
1628268258716000,1,0.00000001,30585.7300
1628268264121000,1,0.02268233,30574.7300
1628268298029000,0,0.01326520,30632.2800
1628268463365000,0,0.00421877,30569.9900
1628268477502000,0,0.00422030,30560.5000
1628268481028000,0,0.00422228,30547.5300
1628268484187000,0,0.00845044,30521.2300
1628268488849000,0,0.00422611,30526.8500
1628268496980000,0,0.00422814,30505.2200
1628268497818000,1,0.27000000,30487.5900
1628268503527000,1,0.27000000,30488.4500
1628268505320000,1,0.18000000,30484.6900
1628268515360000,1,0.27000000,30489.3100
1628268521054000,0,0.00422867,30508.3700
1628268532622000,0,0.00423022,30497.1900
1628268539227000,0,0.00743221,30500.0400
1628268564317000,0,0.03915477,30500.0000
1628268564662000,0,0.09263199,30500.0000
1628268564939000,0,0.12025972,30500.0000
1628268565758000,0,0.19996309,30500.0000
1628268565758000,0,0.08510692,30500.0000
1628268566111000,0,0.00565472,30500.0000
1628268566114000,0,0.09354875,30500.0000
1628268566133000,0,0.07370091,30500.0000
1628268566135000,0,0.01780652,30500.0000
1628268566291000,0,0.07622673,30500.0000
1628268566647000,0,0.06218121,30500.0000
1628268569436000,0,0.00308858,30526.7800
1628268569518000,0,0.00156888,30526.7800
1628268706941000,1,0.19975897,30522.9800
1628268706942000,1,0.07024102,30522.9800
1628268706987000,1,0.00000001,30522.9800
1628268729796000,1,0.00143121,30583.4500
1628268740966000,1,0.05000000,30551.4300
1628268997381000,0,0.00441000,30653.3100
1628269019710000,0,0.00469000,30676.4900
1628269036415000,0,0.01314000,30658.7800
1628269073440000,0,0.07052922,30690.5700
1628269073440000,0,0.07053304,30693.3800
1628269095834000,0,0.00468000,30719.6400
1628269108723000,0,0.03540000,30685.1300
1628269122796000,0,0.00687000,30702.2400
1628269150527000,0,0.01562000,30697.2500
1628269153992000,0,0.01625000,30685.2400
1628269154823000,0,0.02263000,30686.5000
1628269161590000,0,0.00938000,30681.7500
1628269193892000,0,0.00219000,30693.0900
1628269216929000,0,0.00250000,30687.0500
1628269221287000,1,0.00096951,30662.3600
1628269221287000,1,0.00091827,30655.5800
1628269221287000,1,0.00087104,30650.5900
1628269289169000,0,0.00312000,30703.8400
1628269333813000,0,0.00150000,30718.9000
1628269336636000,0,0.00624000,30715.2600
1628269353036000,0,0.00125000,30688.4900
1628269361938000,0,0.00201000,30721.3200
1628269422050000,1,0.00091731,30724.8400
1628269422050000,1,0.03579598,30721.9100
1628269472418000,0,0.00308601,30733.3100
1628269504996000,0,0.00469000,30706.5700
1628269522632000,1,0.03680450,30683.2200
1628269532928000,0,0.00231143,30697.6900
1628269549045000,0,0.00243000,30728.2700
1628269552169000,0,0.00294000,30729.2100
1628269603132000,0,0.00312000,30754.6100
1628269671582000,0,0.00156000,30765.7600
1628269693966000,0,0.00482000,30765.1800
1628269713814000,0,0.01156210,30755.7900
1628269806026000,0,0.00156000,30748.2900
1628269871633000,0,0.00592000,30757.5700
1628269886988000,0,0.00247000,30762.8400
1628269919020000,1,0.00289256,30761.0500
1628269922377000,1,0.00096776,30738.8800
1628269922377000,1,0.02600000,30734.7300
1628269922377000,1,0.00631615,30730.1400
1628269922377000,1,0.07031334,30730.1300
1628269922377000,1,0.07032013,30727.7000
1628269922377000,1,0.46406984,30726.9500
1628269922377000,1,0.00087569,30724.7000
1628269922377000,1,0.00633193,30710.1900
1628269922377000,1,0.08000000,30710.1700
1628269922377000,1,0.00633176,30706.3700
1628269922377000,1,0.26847340,30706.3600
1628269934818000,1,0.00066301,30742.9700
1628269978367000,1,0.02599999,30736.8300
1628269978370000,1,0.00000001,30736.8300
1628269988239000,1,0.00589063,30697.7800
1628270010316000,0,0.00119000,30737.4700
1628270015845000,0,0.00936000,30727.3700
1628270062047000,0,0.00237000,30720.1200
1628270070796000,1,0.02599999,30693.1600
1628270115123000,1,0.19797438,30710.4300
1628270115422000,0,0.00156000,30733.9500
1628270119744000,0,0.00284000,30751.6800
1628270146929000,0,0.00181000,30732.4900
1628270215420000,1,0.00333799,30765.3300
1628270241845000,0,0.06710395,30788.3500
1628270243842000,0,0.08000000,30788.3500
1628270244672000,0,0.04000000,30788.3500
1628270244802000,0,0.04000000,30788.3500
1628270244851000,0,0.01000000,30788.3500
1628270256343000,0,0.07025481,30814.7100
1628270257762000,0,0.02600000,30831.9200
1628270257762000,0,0.04400000,30832.3300
1628270257921000,0,0.07018148,30842.0500
1628270257921000,0,0.02752525,30845.4000
1628270257921000,0,0.38400000,30845.4100
1628270257921000,0,0.07017400,30846.1200
1628270260607000,1,0.04000000,30835.2600
1628270260609000,1,0.05000000,30835.2600
1628270302914000,0,0.47272975,30837.8100
1628270364258000,1,0.07019181,30789.6300
1628270379664000,0,0.02986000,30811.0500
1628270385427000,0,0.00934000,30809.5100
1628270408942000,0,0.00935000,30777.6000
1628270413220000,0,0.00187000,30775.0500
1628270479038000,0,0.00216000,30809.1100
1628270485124000,0,0.07022093,30806.0900
1628270487727000,0,0.00093000,30825.9200
1628270522626000,0,0.00373000,30816.1600
1628270548996000,0,0.02178000,30816.5000
1628270559192000,1,0.07018122,30799.7700
1628270630608000,0,0.07018518,30820.2400
1628270655939000,0,0.09019000,30834.7500
1628270691348000,0,0.07007378,30874.4800
1628270706487000,0,0.00245985,30882.6100
1628270757743000,1,0.19430594,30892.8100
1628270777710000,0,0.00310000,30899.3700
1628270878064000,0,0.00621000,30905.9100
1628270879557000,0,0.00799000,30904.3600
1628270879986000,0,0.00113000,30907.4500
1628270881718000,0,0.00310000,30905.9100
1628270882438000,0,0.00310000,30907.4500
1628270882616000,0,0.00279000,30907.4500
1628270883212000,0,0.00341000,30906.3600
1628270883657000,0,0.00192000,30906.3600
1628270884231000,0,0.00233000,30907.4500
1628270884865000,0,0.00093000,30907.4500
1628270885026000,0,0.00093000,30907.4500
1628270885912000,0,0.00282000,30907.4500
1628270886235000,0,0.00621000,30906.1100
1628270886953000,0,0.00160000,30907.4500
1628270888118000,0,0.00962000,30907.4500
1628270888559000,0,0.00968000,30907.4500
1628270888875000,0,0.06113000,30907.0200
1628270891117000,0,0.00217000,30907.4500
1628270912619000,1,0.00423022,30914.4200
1628270926017000,1,0.00422867,30923.9600
1628270934833000,1,0.00422814,30930.3800
1628270947989000,0,0.01550000,30952.1100
1628270950244000,0,0.32000000,30960.6100
1628270950285000,0,0.00500000,30960.6100
1628270966167000,1,0.01200600,30957.4000
1628271012308000,1,0.10892644,30911.3000
1628271036834000,1,0.00500000,30870.8600
1628271053724000,0,0.36000000,30935.3700
1628271053779000,0,0.00700000,30935.3700
1628271070855000,1,0.00489283,30972.8100
1628271082988000,0,0.00095941,30931.7300
1628271082988000,0,0.07986840,30935.4000
1628271128816000,0,0.00108000,30976.7400
1628271132016000,0,0.00465000,30949.6000
1628271196172000,0,0.00186000,30954.3800
1628271217524000,1,0.00216050,30928.5100
1628271225505000,0,0.03190000,30960.4700
1628271302394000,1,0.00400000,30932.9400
1628271303376000,1,0.04137743,30932.9400
1628271308200000,1,0.02449596,30932.9400
1628271429611000,1,0.01000000,30800.7900
1628271449909000,0,0.00186000,30860.2700
1628271522428000,0,0.00474000,30894.4600
1628271538517000,0,0.00093000,30906.8900
1628271578194000,0,0.02599999,30921.8900
1628271578212000,0,0.00000001,30921.8900
1628271607113000,0,0.06999010,30903.6600
1628271607113000,0,0.06998187,30907.2200
1628271607113000,0,0.05993388,30910.8200
1628271607599000,0,0.02600000,30925.6700
1628271668243000,0,0.00122496,30974.2600
1628271674223000,1,0.00090956,30975.3500
1628271674223000,1,0.00331074,30974.1800
1628271682061000,0,0.16106549,30996.7700
1628271686835000,0,0.11795930,30993.6700
1628271686835000,0,0.12195640,30993.6700
1628271686837000,0,0.03008430,30993.6700
1628271704507000,1,0.00421877,30983.7500
1628271803502000,0,0.01000000,31000.0000
1628271803589000,0,0.00940809,31000.0000
1628271805438000,1,0.00421799,30991.6100
1628271849599000,0,0.00309000,31009.2200
1628271888403000,1,0.00768516,31006.6800
1628271895187000,1,0.00097092,31082.3800
1628271895187000,1,0.00095914,31076.6400
1628271895187000,1,0.00094342,31069.7700
1628271895187000,1,0.01051221,31066.8500
1628271902408000,1,0.00093606,31097.0600
1628271902408000,1,0.02010161,31091.1100
1628271902765000,0,0.09718088,31120.1900
1628271902787000,0,0.02904996,31120.1900
1628271903476000,1,0.00427962,31100.2100
1628271904382000,1,0.03053154,31103.3200
1628271906809000,1,0.00086958,31111.1300
1628271909099000,1,0.00325422,31088.7900
1628271923107000,0,0.00100000,31111.5400
1628271927402000,1,0.00457899,31107.2100
1628271940422000,1,0.00457899,31135.1000
1628271946856000,1,0.00457899,31150.7700
1628271950024000,0,0.01511907,31200.0000
1628271953122000,0,0.03782937,31200.0000
1628271953132000,0,0.16297689,31200.0000
1628271953145000,0,0.01781819,31200.0000
1628271953211000,0,0.08000000,31200.0000
1628271953216000,0,0.28625648,31200.0000
1628271955547000,1,0.00457899,31189.5900
1628271965579000,1,0.12000000,31175.4800
1628271965602000,1,0.16000000,31175.4800
1628271969465000,0,0.00633000,31177.7900
1628272063269000,1,0.00266635,31038.3800
1628272065318000,1,0.00199956,31038.3900
1628272065382000,1,0.00000001,31038.3900
1628272065382000,1,0.00000001,31038.3800
1628272069256000,1,0.00188867,31024.6300
1628272069325000,1,0.00000001,31024.6300
1628272137902000,1,0.06957024,30975.1700
1628272138012000,1,0.00021713,30975.1700
1628272199098000,1,0.06979453,30955.7000
1628272199131000,1,0.00000001,30955.7000
1628272215295000,1,0.00414714,30944.9300
1628272249305000,1,0.03013955,30985.0700
1628272329815000,0,0.00093000,30955.8300
1628272348302000,1,0.06987533,30909.6100
1628272348306000,1,0.06988394,30905.6800
1628272348360000,1,0.02600000,30904.4500
1628272355825000,0,0.00473528,30940.0600
1628272373463000,0,0.00186000,30941.7700
1628272462541000,0,0.06000000,30931.2700
1628272474563000,0,0.00651000,30933.8100
1628272567010000,1,0.06977636,30972.6600
1628272651691000,0,0.12223037,31008.0600
1628272681895000,0,0.00918696,30955.9900
1628272691110000,0,0.00201000,30954.9500
1628272693652000,0,0.00939000,30953.2200
1628272721336000,0,0.00130000,30914.3600
1628272752325000,1,0.05010433,30874.0200
1628272780589000,1,0.06000000,30921.0900
1628272781790000,1,0.11000000,30917.8200
1628272781884000,1,0.16000000,30917.8200
1628272782243000,1,0.10000000,30917.7300
1628272782248000,1,0.01000000,30917.7300
1628272791161000,1,0.06991080,30910.3500
1628272812538000,0,0.00321415,30956.8100
1628272843207000,1,0.03353585,30901.3800
1628272893504000,0,0.00095161,30858.7100
1628272893504000,0,0.02083651,30864.5300
1628273035268000,0,0.00224000,30893.0500
1628273106596000,1,0.01303716,30939.9400
1628273124433000,1,0.05322393,30957.0600
1628273133398000,1,0.14952571,30937.4500
1628273136716000,1,0.04000000,30941.1300
1628273199739000,1,0.03517634,30946.5100
1628273225377000,0,0.06984233,30958.6200
1628273239904000,0,0.06982101,30968.5300
1628273324955000,1,0.00193002,30941.3700
1628273363979000,0,0.00310000,30940.8100
1628273397459000,0,0.03783272,30944.9000
1628273447466000,0,0.06989516,30936.0900
1628273532993000,0,0.00093000,30843.1600
1628273657100000,1,0.02991900,30790.0700
1628273665687000,0,0.00801308,30814.1400
1628273671450000,0,0.07017942,30812.2400
1628273671453000,0,0.00000001,30812.2400
1628273691653000,0,0.00423880,30780.5100
1628273695331000,0,0.00423954,30779.2800
1628273700687000,0,0.00424089,30767.5300
1628273833354000,1,0.07011079,30820.5800
1628273835953000,1,0.00067163,30818.3900
1628273884247000,0,0.02599999,30871.5400
1628273887538000,0,0.03042269,30871.1900
1628273905588000,0,0.02599999,30875.3500
1628273976207000,0,0.00205791,30859.6800
1628273986395000,0,0.00383761,30862.5700
1628273990007000,0,0.00186000,30860.9900
1628274027062000,0,0.00183000,30876.1900
1628274126572000,0,0.07008213,30857.6500
1628274128814000,0,0.00606000,30877.5900
1628274182714000,1,0.04607272,30838.1900
1628274182714000,1,0.05072878,30838.1800
1628274316476000,0,0.04468860,30843.3700
1628274316678000,0,0.01466679,30843.3700
1628274316688000,0,0.00000001,30843.3700
1628274395044000,0,0.00622000,30814.5500
1628274441248000,0,0.00932000,30865.4100
1628274453261000,0,0.07008935,30853.6200
1628274497487000,0,0.00337773,30863.4900
1628274530539000,0,0.01305000,30864.0600
1628274566320000,1,0.02000000,30824.0000
1628274579037000,0,0.00622000,30854.1100
1628274640180000,0,0.21740192,30876.6000
1628274640180000,0,0.28259808,30876.6100
1628274640235000,0,0.07000000,30876.6100
1628274640252000,0,0.14791519,30876.6100
1628274776059000,0,0.06992041,30926.8600
1628274777452000,0,0.02000000,30950.6100
1628274837451000,0,0.00125000,30931.0400
1628274969962000,0,0.00310000,30917.1700
1628275088358000,0,0.00092102,30920.6900
1628275088358000,0,0.03070003,30926.5400
1628275138600000,0,0.00122619,30934.0700
1628275306816000,0,0.00621000,30916.3200
1628275340613000,0,0.06855441,30915.3100
1628275340970000,0,0.00139907,30915.3100
1628275340970000,0,0.06860093,30918.5100
1628275344100000,0,0.06997008,30908.1100
1628275372144000,0,0.00092258,30902.3400
1628275397760000,1,0.10271692,30905.2500
1628275449646000,0,0.00646000,30900.4600
1628275482035000,0,0.00290000,30905.4400
1628275499497000,1,0.01999135,30888.3700
1628275549877000,0,0.03155504,30895.7100
1628275629014000,0,0.07010421,30848.4700
1628275629014000,0,0.47292610,30850.1300
1628275629014000,0,0.07010569,30851.6800
1628275688646000,0,0.00311000,30821.2600
1628275780687000,1,0.00129198,30807.8100
1628275822415000,0,0.01620000,30851.7000
1628275921432000,0,0.00653000,30840.5500
1628276000977000,0,0.01584267,30863.7400
1628276031188000,0,0.00142583,30825.8800
1628276116185000,0,0.00187000,30839.2100
1628276133077000,0,0.05502925,30843.8400
1628276164594000,0,0.01509796,30843.8400
1628276164594000,0,0.07011979,30846.9300
1628276169062000,0,0.00373000,30850.5500
1628276200256000,0,0.00315876,30837.9900
1628276205998000,0,0.07000000,30842.6900
1628276206018000,0,0.00011814,30842.6900
1628276206488000,0,0.02000000,30859.9100
1628276206564000,0,0.00600000,30859.9100
1628276232016000,0,0.00727359,30871.6400
1628276252217000,0,0.00344385,30885.6100
1628276289786000,0,0.03105000,30886.7700
1628276405009000,0,0.07005399,30878.7000
1628276405009000,0,0.00093451,30881.6800
1628276405204000,0,0.07000000,30887.2600
1628276425163000,0,0.06999759,30899.5800
1628276425178000,0,0.00000001,30899.5800
1628276505908000,0,0.00189000,30911.0000
1628276529192000,0,0.00140000,30901.1800
1628276543821000,0,0.00306960,30914.0500
1628276633569000,0,0.02238000,30891.7700
1628276772219000,0,0.00310000,30894.3700
1628276801679000,0,0.13659000,30902.9700
1628276824009000,0,0.00143000,30904.5100
1628276824415000,1,0.00674404,30884.6200
1628276824804000,0,0.02000000,30907.8000
1628276874808000,1,0.00104747,30882.1300
1628276925204000,0,0.02404902,30912.6300
1628276925242000,0,0.00000001,30912.6300
1628276965199000,0,0.02482000,30918.9100
1628276975901000,0,0.00155000,30920.4500
1628276989307000,0,0.06000000,30927.6000
1628277059068000,0,0.00621000,30903.8200
1628277065619000,0,0.01895346,30905.8900
1628277120550000,0,0.00231496,30903.2600
1628277127616000,0,0.00248000,30916.7800
1628277272463000,0,0.00155000,30929.7200
1628277386221000,1,0.00097277,30944.5200
1628277386221000,1,0.00095658,30936.8500
1628277386221000,1,0.03307065,30929.2100
1628277416426000,0,0.00093000,30979.3500
1628277436702000,1,0.02476454,30975.4600
1628277450324000,0,0.00093000,30996.2600
1628277469758000,0,0.03210533,30992.3600
1628277518430000,0,0.00928000,30994.9800
1628277576976000,1,0.00064948,30982.5100
1628277589433000,1,0.06972991,30984.2000
1628277589433000,1,0.06973774,30980.6700
1628277617183000,1,0.06685005,30962.6500
1628277677409000,1,0.00491251,30916.7700
1628277731236000,0,0.01550000,30936.7000
1628277737655000,0,0.00203254,30929.6200
1628277782475000,0,0.00091486,30857.3600
1628277782516000,0,0.07006092,30860.9800
1628277806596000,0,0.14831269,30905.1300
1628277809253000,0,0.00094820,30906.2100
1628277809253000,0,0.00548956,30912.2400
1628277837876000,0,0.01639641,30844.2000
1628277838476000,0,0.07008569,30848.9900
1628277842569000,0,0.06062814,30855.2900
1628277844674000,0,0.07000000,30865.7200
1628277844699000,0,0.00003149,30865.7200
1628277868072000,0,0.00411637,30873.5100
1628277921156000,0,0.01548454,30893.9700
1628277921156000,0,0.27000000,30893.9800
1628278004839000,0,0.00264000,30913.6000
1628278028505000,0,0.00726841,30912.1400
1628278037503000,0,0.06993532,30916.5800
1628278074319000,0,0.06992650,30920.3200
1628278074358000,0,0.00000001,30920.3200
1628278195829000,1,0.06991830,30900.8200
1628278195948000,1,0.06992848,30897.1000
1628278211402000,0,0.00093000,30908.7400
1628278228148000,1,0.01249076,30908.0000
1628278248624000,0,0.00319000,30925.8200
1628278277996000,1,0.00089570,30953.7300
1628278278040000,1,0.00089570,30953.0700
1628278315253000,0,0.06314955,30961.3600
1628278315396000,0,0.06981931,30969.6000
1628278323198000,1,0.06299776,30969.3200
1628278373958000,1,0.05000000,30933.3000
1628278375325000,0,0.06989987,30936.3800
1628278375365000,0,0.02455623,30942.1700
1628278375420000,0,0.00300000,30942.1700
1628278375465000,0,0.04233090,30942.1700
1628278375465000,0,0.06987811,30946.0100
1628278375465000,0,0.06986886,30950.0000
1628278593332000,0,0.00159000,30965.0500
1628278750020000,1,0.00674213,30946.7800
1628278979189000,0,0.03096000,30980.1800
1628278995915000,1,0.00095348,30955.5900
1628279034912000,0,0.00255000,30963.1500
1628279160281000,0,0.02512653,30980.7900
1628279241104000,1,0.00070284,30892.6000
1628279311370000,0,0.00709249,30895.9600
1628279311460000,0,0.00710787,30895.9600
1628279406859000,0,0.00160000,30897.8300
1628279426687000,0,0.00211000,30905.3400
1628279490449000,0,0.06991058,30936.0100
1628279519030000,0,0.03943315,30957.5800
1628279523078000,1,0.01600147,30948.7300
1628279524280000,1,0.00398394,30948.7300
1628279524889000,1,0.00320528,30948.7300
1628279525678000,1,0.04663581,30948.7300
1628279571989000,1,0.09212112,30954.5800
1628279608137000,0,0.01002897,30932.3600
1628279634190000,0,0.06994773,30915.2600
1628279662416000,1,0.00873500,30899.2200
1628279983834000,0,0.00310000,30923.9900
1628279993014000,0,0.06000000,30928.3000
1628280009773000,0,0.00155000,30963.7700
1628280070314000,1,0.00108100,30949.9300
1628280120333000,0,0.06982697,30975.3000
1628280166418000,1,0.27000000,30934.0500
1628280166418000,1,0.02600000,30930.9600
1628280166418000,1,0.00095103,30927.5700
1628280166418000,1,0.21394497,30927.3600
1628280166418000,1,0.40406475,30927.3500
1628280214226000,0,0.00160000,30963.2500
1628280219065000,0,0.00093000,30963.2500
1628280340106000,0,0.00093000,30949.8900
1628280454113000,1,0.00401348,30900.6000
1628280497496000,0,0.00310000,30921.0600
1628280564358000,0,0.07000000,30877.2900
1628280614743000,1,0.00354312,30912.5600
1628280634997000,1,0.09730327,30904.8400
1628280804216000,0,0.01295000,30891.7200
1628280851133000,0,0.00094196,30867.7900
1628280851133000,0,0.00095592,30873.2300
1628280851133000,0,0.00092158,30880.7600
1628280851133000,0,0.00313054,30883.2200
1628280862850000,1,0.07003086,30857.9900
1628280949075000,0,0.00117000,30912.4200
1628281096331000,0,0.00323000,30875.2900
1628281367751000,0,0.00311000,30849.2500
1628281476821000,0,0.00283000,30836.9600
1628281489327000,1,0.00400000,30813.2800
1628281524253000,1,0.02600000,30757.3600
1628281524253000,1,0.07017746,30757.1400
1628281529385000,1,0.00095185,30760.1300
1628281529385000,1,0.16011364,30754.6100
1628281540454000,0,0.19715944,30785.4900
1628281559185000,1,0.00094944,30745.4600
1628281569940000,0,0.00280000,30776.6000
1628281570239000,0,0.00093000,30769.5300
1628281581498000,0,0.05907140,30786.5200
1628281606274000,1,0.14000000,30730.8000
1628281606278000,1,0.00699999,30730.8000
1628281632116000,1,0.27000000,30639.6400
1628281632116000,1,0.00090879,30636.5700
1628281632116000,1,0.07050546,30636.0100
1628281632116000,1,0.02754677,30630.6800
1628281638039000,0,0.00096136,30663.9200
1628281638039000,0,0.03062864,30666.1900
1628281642252000,0,0.04832000,30670.4000
1628281723873000,1,0.01075309,30655.8100
1628281796950000,0,0.16180000,30729.1400
1628281818257000,0,0.00335328,30769.2200
1628281827166000,1,0.00968486,30761.4000
1628281835145000,0,0.00000001,30769.2200
1628281860175000,0,0.00104732,30837.3800
1628281894056000,0,0.07000000,30851.4300
1628281901572000,0,0.07000000,30860.4000
1628281901595000,0,0.00007034,30860.4000
1628281901994000,0,0.07012516,30866.0600
1628281901994000,0,0.06987484,30866.5700
1628281904440000,0,0.07000000,30855.3500
1628281935454000,0,0.02000000,30843.0200
1628281935634000,0,0.01000000,30843.0100
1628282034989000,1,0.09999999,30868.2300
1628282035002000,1,0.00000001,30868.2300
1628282077321000,1,0.01550358,30871.4500
1628282077331000,1,0.05445830,30871.4500
1628282077387000,1,0.06998914,30863.5800
1628282107967000,0,0.03064407,30845.0700
1628282135986000,0,0.01618000,30890.5600
1628282157913000,0,0.00155000,30877.0400
1628282212864000,0,0.00322522,30850.5600
1628282238295000,0,0.02701670,30844.3300
1628282238295000,0,0.20669884,30844.3400
1628282278515000,1,0.00244080,30822.6300
1628282334600000,0,0.07000000,30850.2500
1628282334721000,0,0.00009225,30850.2500
1628282357001000,0,0.07000000,30857.7900
1628282357014000,0,0.00008589,30857.7900
1628282358322000,0,0.07000000,30859.7600
1628282358338000,0,0.00007857,30859.7600
1628282367001000,0,0.00090640,30861.0600
1628282370457000,0,0.45538565,30875.0000
1628282370457000,0,0.07008589,30875.0100
1628282390850000,0,0.01554000,30871.5700
1628282408223000,1,0.02785084,30854.4700
1628282458877000,1,0.00825838,30841.6500
1628282461565000,0,0.00093000,30863.9600
1628282478043000,0,0.07000000,30865.6200
1628282491237000,0,0.01611305,30876.2000
1628282507022000,1,0.07004032,30825.0700
1628282576158000,0,0.01000000,30808.7100
1628282576185000,0,0.06017522,30808.7100
1628282588688000,0,0.07000000,30820.1800
1628282588809000,0,0.07000000,30823.5300
1628282588943000,0,0.00014517,30823.5300
1628282621660000,0,0.07013436,30831.1200
1628282621660000,0,0.07013436,30834.2000
1628282621660000,0,0.06973128,30834.7200
1628282639367000,1,0.02656924,30816.6200
1628282649550000,0,0.00560000,30835.5500
1628282679688000,1,0.00078527,30820.7400
1628282760011000,0,0.00648000,30790.3900
1628282809958000,0,0.07000000,30808.0400
1628282809988000,0,0.00560924,30811.2100
1628282810042000,0,0.06457970,30811.2100
1628282810042000,0,0.07018902,30815.6900
1628282816154000,0,0.07017696,30821.3800
1628282816154000,0,0.07016660,30822.3000
1628282889093000,0,0.00109000,30799.2900
1628282918939000,0,0.00112000,30777.7900
1628282923520000,0,0.07000000,30779.3200
1628282923540000,0,0.00025883,30779.3200
1628282982316000,0,0.00096680,30794.8200
1628282982316000,0,0.00846459,30797.4100
1628283008205000,0,0.07022081,30795.6700
1628283008401000,0,0.02600000,30802.8000
1628283067857000,0,0.07000000,30783.8300
1628283074947000,0,0.07000000,30814.0100
1628283145015000,1,0.00150000,30783.1900
1628283252187000,1,0.00118378,30766.5800
1628283268916000,0,0.27000000,30780.9800
1628283268916000,0,0.07026665,30782.5100
1628283268916000,0,0.27000000,30784.2700
1628283268916000,0,0.07025890,30785.8000
1628283268916000,0,0.05523704,30789.0100
1628283271319000,0,0.00190094,30790.7100
1628283296300000,0,0.00156000,30774.9300
1628283416361000,0,0.07028051,30777.6000
1628283529025000,0,0.00144000,30781.6700
1628283608934000,0,0.00405000,30810.2200
1628283661900000,1,0.00350000,30818.5800
1628283703284000,1,0.26999977,30789.0700
1628283723601000,0,0.07000000,30788.4100
1628283742136000,1,0.00390369,30772.7000
1628283752456000,1,0.00452549,30777.3500
1628283861675000,1,0.06000000,30756.7900
1628283894887000,0,0.01618684,30735.4600
1628283922095000,0,0.05000000,30735.4600
1628283952779000,1,0.00632309,30725.9800
1628283970271000,0,0.00321000,30729.7200
1628283993137000,0,0.05718040,30730.5600
1628283994581000,0,0.07036616,30734.2400
1628284106002000,1,0.00270000,30704.8200
1628284123392000,1,0.00243620,30702.5800
1628284196245000,1,0.03509770,30697.3400
1628284234209000,1,0.02055366,30710.2700
1628284279248000,0,0.01560000,30742.7500
1628284324917000,0,0.07039247,30749.3500
1628284324917000,0,0.07034629,30749.4300
1628284326456000,0,0.05613000,30754.7900
1628284355467000,0,0.03117000,30769.2500
1628284383031000,1,0.07000000,30754.6300
1628284383085000,1,0.07030406,30747.4000
1628284385003000,1,0.24000000,30698.4900
1628284405116000,0,0.07042573,30705.4000
1628284405116000,0,0.06957427,30708.7000
1628284456013000,0,0.07000000,30702.8800
1628284498048000,0,0.02842000,30713.7300
1628284502147000,0,0.00809796,30717.6100
1628284574271000,1,0.02600000,30673.3600
1628284584912000,0,0.07050362,30676.8700
1628284594487000,0,0.07000000,30682.6000
1628284594542000,0,0.00049097,30682.6000
1628284658836000,0,0.00113000,30646.5100
1628284661282000,0,0.07057369,30644.5600
1628284666946000,0,0.05631000,30669.8900
1628284678427000,0,0.07000000,30662.2300
1628284691659000,0,0.00052907,30662.2300
1628284691659000,0,0.00947093,30664.7900
1628284705533000,0,0.00704000,30657.5200
1628284749415000,0,0.06000000,30657.5200
1628284749449000,0,0.00350643,30657.5200
1628284749929000,0,0.07000000,30657.5200
1628284750155000,0,0.00054643,30657.5200
1628284779064000,0,0.03000000,30657.5200
1628284779068000,0,0.01000000,30657.5200
1628284779077000,0,0.03054643,30657.5200
1628284787397000,0,0.05000000,30662.2300
1628284787590000,0,0.02000000,30662.2300
1628284787735000,0,0.00052907,30662.2300
1628284790888000,0,0.06296633,30680.8700
1628284790888000,0,0.19996112,30680.8700
1628284791418000,0,0.07052363,30682.4000
1628284798215000,0,0.00000001,30682.4000
1628284798215000,0,0.00613506,30688.3800
1628284798232000,0,0.06433575,30688.3800
1628284798342000,0,0.07050447,30692.7300
1628284811529000,0,0.07000000,30692.8800
1628284811703000,0,0.00045944,30692.8800
1628284812165000,0,0.07000000,30697.5000
1628284970100000,0,0.07000000,30685.1100
1628284970150000,0,0.00049250,30685.1100
1628284986929000,0,0.00659000,30701.3000
1628285015645000,1,0.01922420,30669.5000
1628285025452000,0,0.00065257,30695.9200
1628285049945000,0,0.00313000,30688.9900
1628285050123000,0,0.05626000,30688.9900
1628285060573000,0,0.00483000,30688.9900
1628285090873000,0,0.07000000,30679.2100
1628285090906000,0,0.00048017,30679.2100
1628285120390000,0,0.02000000,30692.4800
1628285120390000,0,0.05044982,30692.4800
1628285151795000,0,0.07000000,30702.3600
1628285151798000,0,0.00042751,30702.3600
1628285152222000,0,0.07000000,30702.3600
1628285165410000,0,0.01000000,30713.0100
1628285165493000,0,0.02000000,30713.0100
1628285175709000,1,0.00065257,30694.7600
1628285216408000,0,0.00312000,30727.3400
1628285223834000,0,0.00120674,30727.3400
1628285293603000,0,0.07041080,30733.0200
1628285293603000,0,0.06958920,30733.3700
1628285293641000,0,0.00082080,30733.3700
1628285293697000,0,0.04000000,30733.0200
1628285294070000,0,0.03000000,30733.0200
1628285355275000,1,0.05233838,30723.3100
1628285355278000,1,0.01800231,30723.3100
1628285359189000,0,0.07000000,30730.3700
1628285369599000,0,0.00312000,30733.9900
1628285579752000,0,0.00094000,30733.3700
1628285597886000,0,0.00203000,30733.3700
1628285612919000,0,0.06000000,30733.3700
1628285663596000,0,0.00374000,30743.1100
1628285726394000,1,0.01339442,30708.0600
1628285784920000,0,0.07000000,30721.0000
1628285785001000,0,0.00037859,30721.0000
1628285785001000,0,0.07037859,30724.0700
1628285798922000,0,0.05617000,30735.1600
1628285812532000,0,0.01000000,30735.1600
1628285812544000,0,0.00418943,30735.1600
1628285820173000,0,0.02203062,30747.6000
1628285820173000,0,0.47915788,30747.6100
1628285820173000,0,0.07037537,30747.6200
1628285820173000,0,0.02600000,30748.5200
1628285870977000,0,0.00780000,30747.6200
1628285916235000,0,0.07000000,30739.5400
1628285918223000,0,0.06000000,30747.6200
1628285918273000,0,0.00257537,30747.6200
1628285956941000,1,0.00116822,30731.1900
1628286010495000,0,0.00935000,30778.7500
1628286087972000,0,0.00109000,30762.2900
1628286128680000,0,0.07032747,30748.5800
1628286128680000,0,0.07032747,30751.6600
1628286128680000,0,0.07032747,30757.8000
1628286128680000,0,0.06920823,30762.2900
1628286128680000,0,0.07029179,30765.4100
1628286128680000,0,0.00094895,30765.9900
1628286128680000,0,0.00093764,30772.4100
1628286128680000,0,0.00095209,30779.3500
1628286128680000,0,0.02600000,30790.6300
1628286128680000,0,0.05541362,30801.4700
1628286157223000,1,0.00504517,30714.6100
1628286253106000,0,0.07038916,30731.9200
1628286384439000,0,0.00312000,30727.3400
1628286507830000,0,0.00323517,30755.6400
1628286731794000,1,0.00094493,30695.7000
1628286739676000,0,0.07046096,30706.1100
1628286739676000,0,0.07046096,30706.1200
1628286739676000,0,0.07046096,30710.7500
1628286739676000,0,0.03004642,30717.2600
1628286766250000,0,0.00094000,30706.1100
1628286911399000,1,0.00095348,30680.2000
1628286951216000,0,0.07053716,30656.3900
1628286951216000,0,0.04947659,30656.4000
1628286951271000,0,0.02106057,30656.4000
1628286979068000,0,0.05000000,30637.4600
1628287019174000,1,0.00089803,30621.4500
1628287056709000,1,0.01913720,30580.6000
1628287056709000,1,0.23977192,30570.4100
1628287056709000,1,0.15109088,30570.3800
1628287091111000,1,0.00090460,30589.2400
1628287091111000,1,0.00095089,30582.9100
1628287091111000,1,0.00091672,30577.7700
1628287091111000,1,0.07068006,30575.7600
1628287091111000,1,0.07068944,30571.6300
1628287091111000,1,0.02720843,30567.6200
1628287157902000,0,0.02000000,30618.0600
1628287210579000,0,0.07000000,30624.6900
1628287223784000,0,0.06919850,30653.8400
