timestamp ms,type,amount,price
1628294795815000,0,0.00157000,30819.0900
1628294901420000,0,0.00312000,30747.0300
1628294908881000,0,0.00100000,30750.4600
1628294910024000,0,0.07030176,30750.4600
1628294911011000,0,0.05379652,30750.4600
1628294929258000,1,0.00120000,30764.2000
1628294996738000,0,0.04219984,30833.5200
1628294999668000,1,0.00090144,30820.1100
1628294999668000,1,0.01525916,30816.8500
1628295008689000,0,0.00155000,30853.0000
1628295017434000,1,0.00119300,30835.9600
1628295344276000,0,0.00160000,30819.7700
1628295550736000,1,0.00107515,30867.2100
1628295736174000,0,0.00094000,30906.7200
1628295739626000,0,0.00093000,30906.9900
1628295981117000,1,0.00219835,30872.4700
1628296318200000,1,0.07008245,30845.7800
1628296330877000,0,0.04552324,30834.7000
1628296330878000,0,0.19992659,30834.7000
1628296330902000,0,0.31006402,30834.7000
1628296762716000,0,0.06989643,30943.7900
1628296762716000,0,0.06010357,30947.1900
1628296770598000,0,0.00102000,30971.3500
1628296879323000,1,0.06986950,30941.1500
1628296998652000,0,0.06000000,30939.3100
1628297212520000,1,0.01052578,30957.9900
1628297212605000,0,0.00336558,30980.2900
1628297302866000,1,0.01862854,30955.3100
1628297467169000,0,0.06000000,30995.0700
1628297467220000,0,0.00978949,30995.0700
1628297467359000,0,0.06000000,30995.0700
1628297512748000,0,0.06000000,30993.8400
1628297513122000,0,0.19500000,30998.9900
1628297549388000,0,0.00889015,30998.0900
1628297549391000,0,0.05534904,30998.0900
1628297549401000,0,0.00554111,30998.0900
1628297549685000,0,0.06976145,31009.2700
1628297551653000,0,0.22509044,31024.5600
1628297617370000,1,0.06109000,31073.6200
1628297617370000,1,0.13876770,31073.6100
1628297617373000,1,0.11123230,31073.6100
1628297619034000,0,0.02039468,31100.3600
1628297620290000,0,0.23719403,31100.3600
1628297620460000,0,0.00000001,31100.3600
1628297620460000,0,0.00065120,31100.3700
1628297706340000,0,0.06000000,31117.5900
1628297727485000,0,0.06952969,31106.8000
1628297727485000,0,0.06952124,31110.5800
1628297730567000,0,0.06950988,31114.4500
1628297785825000,0,0.00082372,31114.5800
1628297812557000,0,0.00262000,31143.5700
1628297827402000,0,0.06000000,31151.1500
1628297827435000,0,0.00950914,31151.1500
1628297842348000,0,0.23977192,31158.7500
1628297842400000,0,0.06944730,31163.4500
1628297842400000,0,0.06940400,31163.9800
1628297955854000,0,0.06000000,31178.7400
1628297955887000,0,0.00936906,31178.7400
1628297985698000,0,0.06000000,31210.4500
1628298030292000,0,0.06940502,31159.5500
1628298107942000,0,0.06000000,31095.5100
1628298218421000,0,0.06000000,31064.2100
1628298282818000,1,0.02600000,31037.5200
1628298310670000,0,0.24591601,31023.4900
1628298311900000,0,0.25000000,31032.3600
1628298311900000,0,0.06336449,31033.9200
1628298333530000,0,0.06968063,31036.2400
1628298334887000,0,0.06835261,31039.3700
1628298353302000,0,0.24500000,31019.6900
1628298357764000,0,0.00186000,31015.2500
1628298363964000,1,0.01380000,30994.0300
1628298370240000,0,0.06971264,31023.5900
1628298370242000,0,0.06971677,31028.2200
1628298370242000,0,0.06970297,31031.3200
1628298370592000,0,0.06972380,31042.1200
1628298510554000,0,0.06961288,31069.8000
1628298510554000,0,0.06960903,31073.2100
1628298547941000,1,0.02599999,31045.2100
1628298547975000,1,0.00000001,31045.2100
1628298584268000,0,0.00228731,31027.2400
1628298630503000,1,0.04951068,30992.7700
1628298685509000,1,0.02599999,30964.8200
1628298685519000,1,0.00000001,30964.8200
1628298696245000,1,0.03872490,30933.4000
1628298776835000,0,0.10000000,30940.3400
1628298867288000,0,0.06000000,30899.2100
1628298893918000,1,0.23977192,30896.5200
1628298934803000,0,0.07000000,30889.8500
1628298957473000,0,0.06000000,30930.4800
1628298957504000,0,0.00992624,30930.4800
1628299040459000,0,0.00279000,30957.7000
1628299147661000,0,0.06000000,30945.2200
1628299578711000,0,0.06000000,31050.1600
1628299578770000,0,0.00970726,31050.1600
1628299578770000,0,0.06965246,31052.1700
1628299763832000,1,0.00646106,30980.0200
1628299865350000,1,0.00126831,30973.9900
1628300016159000,1,0.00333413,31024.6200
1628300026153000,1,0.06968478,31019.4400
1628300041642000,1,0.02307063,31029.0000
1628300042236000,1,0.04658538,31029.0000
1628300042834000,1,0.02030441,31029.0900
1628300461035000,0,0.00093000,31085.6600
1628300890834000,0,0.00093023,31124.5500
1628300890834000,0,0.00546238,31130.5500
1628300947614000,0,0.06946876,31132.2300
1628300947614000,0,0.06053124,31135.4800
1628301128501000,0,0.06950044,31118.0800
1628301128501000,0,0.06949118,31122.0700
1628301153049000,0,0.01578825,31160.6700
1628301153052000,0,0.02214103,31160.6700
1628301153057000,0,0.03152953,31160.6700
1628301153312000,0,0.04000000,31166.0300
1628301317705000,0,0.00304001,31187.3900
1628301331671000,0,0.06933418,31193.3200
1628301346663000,0,0.06933504,31190.6400
1628301346663000,0,0.03066496,31194.5000
1628301353953000,0,0.06932294,31198.3700
1628301353994000,0,0.06931446,31202.1100
1628301413768000,1,0.00309752,31237.3800
1628301454398000,0,0.01000000,31216.9600
1628301540520000,0,0.06938278,31170.0200
1628301540520000,0,0.06938169,31173.2600
1628301540520000,0,0.06123553,31177.1500
1628301540622000,0,0.20000000,31177.1400
1628301673374000,0,0.06957241,31085.9500
1628301724147000,0,0.06960263,31072.9000
1628301724247000,0,0.06000000,31077.2500
1628302254402000,1,0.06000000,31097.2500
1628302254475000,1,0.06949546,31093.0900
1628302254475000,1,0.02600000,31091.3300
1628302299474000,1,0.02600000,31075.6000
1628302365574000,0,0.06944228,31139.1700
1628302365574000,0,0.06944357,31142.3000
1628302365574000,0,0.06943928,31144.5100
1628302365574000,0,0.00097324,31147.4900
1628302365574000,0,0.23430954,31152.5400
1628302365574000,0,0.46251170,31152.5500
1628302421023000,0,0.06941464,31154.0700
1628302421024000,0,0.00000001,31154.0700
1628302421161000,0,0.06945902,31157.5500
1628302495605000,1,0.06937833,31152.9400
1628302495605000,1,0.06062167,31149.6700
1628302746192000,0,0.06942342,31147.7300
1628302809204000,0,0.01537000,31180.3100
1628302890598000,0,0.06000000,31231.4300
1628302890698000,0,0.00924777,31231.4300
1628303006938000,0,0.06000000,31246.0800
1628303010027000,0,0.06000000,31253.9800
1628303010152000,0,0.06923694,31258.7600
1628303021952000,0,0.06913759,31279.8100
1628303025360000,0,0.06912174,31285.2800
1628303230314000,0,0.01500001,31257.4100
1628303515222000,0,0.06000000,31229.2800
1628303523692000,1,0.02000000,31214.4700
1628303758792000,0,0.06933723,31184.6900
1628303758793000,0,0.00000001,31184.6900
1628304337671000,0,0.06000000,31178.2400
1628304444499000,1,0.06000000,31126.1000
1628304480237000,0,0.06000000,31140.6200
1628304480522000,0,0.06942117,31147.3300
1628304552334000,1,0.50000000,31067.9600
1628304552358000,1,0.00600000,31067.9600
1628304632353000,0,0.06000000,31068.8400
1628304765578000,0,0.06949164,31121.7600
1628305030573000,1,0.06936389,31156.7400
1628305170247000,0,0.00212546,31224.9600
1628305465975000,1,0.04611161,31191.3600
1628305494194000,0,0.06000000,31181.6400
1628305494272000,0,0.00934661,31181.6400
1628305640545000,0,0.06942457,31144.2200
1628305887488000,0,0.06930795,31196.5200
1628306127549000,1,0.06000000,31148.7000
1628306251063000,1,0.06949165,31092.5300
1628306251063000,1,0.06375916,31088.6200
1628306423687000,0,0.06000000,31080.0100
1628306423740000,0,0.00957444,31080.0100
1628306437522000,1,0.06958649,31047.1900
1628306605616000,0,0.06000000,31111.6500
1628306887830000,1,0.06802890,31170.0400
1628306887836000,1,0.00130275,31170.0400
1628306888071000,1,0.06935507,31158.3100
1628306944612000,0,0.06942453,31141.3200
1628306944612000,0,0.06057547,31145.2700
1628306944801000,0,0.06941074,31149.1400
1628306979263000,0,0.06937085,31167.1800
1628306979263000,0,0.00635478,31170.4700
1628306979264000,0,0.00919734,31170.4700
1628306979264000,0,0.05385647,31170.4700
1628306979264000,0,0.00095328,31174.3100
1628306979264000,0,0.06939950,31174.6100
1628306979269000,0,0.00094316,31180.8300
1628306979269000,0,0.06939332,31181.9200
1628306979524000,0,0.06937795,31188.8600
1628306979524000,0,0.02721410,31194.1100
1628306979524000,0,0.06804527,31199.4700
1628306979524000,0,0.00000001,31199.4700
1628306984840000,1,0.06930170,31176.5000
1628306984841000,1,0.00000001,31176.5000
1628307000737000,1,0.06926021,31198.8300
1628307042679000,1,0.00160500,31231.3700
1628307052875000,0,0.00201212,31243.7900
1628307072021000,0,0.06000000,31258.0000
1628307072051000,0,0.00922612,31258.0000
1628307072051000,0,0.06922086,31261.6300
1628307089944000,0,0.06916712,31258.2900
1628307122297000,0,0.06000000,31247.2500
1628307122331000,0,0.00919146,31247.2500
1628307129835000,0,0.00414000,31250.5800
1628307148860000,0,0.06000000,31213.0800
1628307654640000,0,0.06923525,31226.9900
1628307654703000,0,0.06922523,31231.4400
1628307654913000,0,0.06920948,31235.6900
1628308011516000,0,0.03067331,31301.7700
1628308011523000,0,0.03844752,31301.7700
1628308019417000,0,0.12003933,31344.9900
1628308040766000,0,0.06897362,31359.8200
1628308040795000,0,0.00000001,31359.8200
1628308042210000,0,0.06896248,31369.5100
1628308043386000,0,0.06896466,31378.1900
1628308043423000,0,0.00000001,31378.1900
1628308043447000,0,0.06894230,31380.3300
1628308051942000,0,0.00155200,31475.3100
1628308051955000,0,0.00000001,31475.3100
1628308053072000,0,0.09214238,31498.4300
1628308065437000,1,0.00100000,31455.3100
1628308067777000,1,0.00052597,31455.3100
1628308090376000,1,0.00095036,31490.1700
1628308094357000,1,0.00001940,31490.1700
1628308094361000,1,0.00094039,31485.5700
1628308097328000,0,0.05000000,31500.0000
1628308097338000,0,0.00624817,31500.0000
1628308109983000,1,0.00091209,31504.6300
1628308114952000,1,0.06858954,31465.7500
1628308114952000,1,0.00093483,31462.7400
1628308120836000,1,0.00090073,31469.5000
1628308125699000,1,0.00090309,31446.0600
1628308182187000,0,0.06000000,31514.9500
1628308226451000,1,0.05557591,31505.8600
1628308226886000,1,0.01301409,31505.8600
1628308227145000,1,0.00000001,31505.8600
1628308227410000,1,0.00092588,31503.5600
1628308227410000,1,0.03447913,31500.4100
1628308227489000,1,0.03412192,31500.4100
1628308228982000,1,0.06858385,31504.9600
1628308228987000,1,0.00000001,31504.9600
1628308239961000,1,0.06856803,31490.0800
1628308239985000,1,0.00000001,31490.0800
1628308254866000,1,0.06860328,31493.5400
1628308264561000,1,0.00100000,31484.1500
1628308270423000,1,0.06000000,31484.1500
1628308270524000,1,0.06861605,31483.0700
1628308311832000,1,0.02599999,31454.1300
1628308311884000,1,0.00000001,31454.1300
1628308334751000,0,0.06000000,31472.2700
1628308459697000,0,0.04000000,31504.7500
1628308459798000,0,0.03000000,31504.7500
1628308491817000,0,0.06000000,31514.9400
1628308493993000,0,0.06000000,31518.8300
1628308494160000,0,0.06858087,31522.6000
1628308500999000,1,0.06857183,31504.6500
1628308501015000,1,0.06858132,31500.6000
1628308571108000,0,0.06860116,31520.2500
1628308607452000,0,0.06000000,31530.9800
1628308616133000,0,0.06854494,31542.5100
1628308622100000,0,0.06858611,31551.2900
1628308748531000,1,0.06855821,31521.6500
1628308826303000,1,0.05960508,31455.8300
1628308927208000,0,0.06000000,31459.4800
1628308927340000,0,0.00873008,31459.4800
1628308927340000,0,0.06126992,31461.7000
1628308979706000,1,0.06870969,31447.0000
1628308982116000,0,0.00095435,31472.7900
1628308982116000,0,0.06870194,31473.5700
1628309010913000,0,0.06000000,31488.1800
1628309155651000,0,0.00300927,31448.8500
1628309197110000,1,0.01569640,31442.6300
1628309243647000,1,0.04558783,31490.3400
1628309297874000,1,0.07000000,31526.4500
1628309297917000,1,0.21000000,31526.4500
1628309396084000,1,0.06853970,31527.3100
1628309396084000,1,0.06854672,31523.9500
1628309442512000,0,0.00171812,31592.8500
1628309442519000,0,0.00000001,31592.8500
1628309486968000,1,0.03000000,31560.5600
1628309580535000,0,0.06838822,31621.0400
1628309607602000,1,0.00095044,31617.6400
1628309615668000,1,0.00095525,31619.4400
1628309617130000,0,0.06832689,31646.6700
1628309617169000,0,0.00000001,31646.6700
1628309621409000,1,0.00091547,31651.1200
1628309808958000,0,0.06844900,31589.3800
1628309829001000,1,0.06000000,31584.8800
1628309829010000,1,0.00841719,31584.8800
1628309829010000,1,0.06000825,31581.2300
1628309829025000,1,0.00841720,31581.2300
1628309939374000,1,0.06000000,31561.6900
1628309939409000,1,0.00847054,31561.6900
1628309939519000,1,0.06000000,31561.6900
1628309946242000,1,0.06000000,31561.9900
1628309946347000,1,0.00847631,31561.9900
1628309976005000,1,0.05981665,31552.7500
1628309976259000,0,0.03421920,31552.7000
1628309976327000,0,0.03422749,31552.7000
1628309976384000,0,0.03148722,31552.7000
1628309985643000,1,0.06000000,31534.4900
1628309985704000,1,0.00853123,31534.4900
1628310156693000,1,0.01100000,31471.1000
1628310166998000,0,0.06865497,31501.4600
1628310270217000,1,0.06867325,31445.3400
1628310501216000,0,0.00823000,31456.5300
1628310540561000,0,0.00093172,31442.2600
1628310540561000,0,0.06875046,31446.2000
1628310540924000,0,0.00092391,31448.6900
1628310620809000,0,0.00090086,31379.1300
1628310620847000,0,0.00001838,31379.1300
1628310654871000,1,0.06885742,31384.2700
1628310654885000,1,0.00000001,31384.2700
1628310724424000,0,0.06890277,31404.8900
1628310724424000,0,0.06889728,31406.4600
1628310896754000,1,0.06865598,31473.1100
1628310899289000,0,0.00305000,31492.8700
1628310906256000,0,0.00091114,31481.2200
1628311218006000,1,0.00094406,31400.4800
1628311274103000,0,0.00856000,31382.9500
1628311381343000,0,0.02600000,31407.6800
1628311652499000,1,0.06000000,31344.7600
1628311652550000,1,0.00894044,31344.7600
1628311679413000,0,0.15912944,31351.9600
1628311729885000,1,0.05915229,31325.6600
1628311729887000,1,0.00982160,31325.6600
1628311790549000,1,0.06898587,31298.4500
1628311880849000,1,0.06897235,31329.6500
1628312045102000,1,0.06906114,31285.5500
1628312269992000,0,0.06916240,31262.1500
1628312376592000,1,0.06000000,31228.2500
1628312650855000,1,0.06911269,31265.8900
1628312650855000,1,0.06088731,31262.5700
1628312650881000,1,0.00823296,31262.5700
1628312650881000,1,0.06912733,31259.2100
1628312810993000,0,0.06905733,31327.3800
1628312810993000,0,0.06094267,31327.9800
1628312832404000,0,0.11000000,31335.8500
1628312832514000,0,0.14000000,31335.8500
1628312832514000,0,0.06903669,31338.8700
1628313023604000,1,0.06000000,31294.4500
1628313023629000,1,0.00904928,31294.4500
1628313023629000,1,0.06905621,31291.3200
1628313028063000,0,0.01435000,31306.0200
1628313123809000,0,0.06915908,31261.8100
1628313204855000,1,0.06000000,31237.6600
1628313249914000,1,0.06000000,31238.8900
1628313267858000,1,0.06919761,31231.0200
1628313267858000,1,0.06080239,31227.5400
1628313325806000,0,0.00100000,31263.5200
1628313486368000,1,0.06910596,31266.4500
1628313792929000,1,0.06918911,31235.6600
1628313793787000,1,0.01000000,31230.6800
1628313820940000,1,0.10000000,31227.3500
1628314223461000,1,0.06908668,31281.1200
1628314934314000,1,0.03271913,31446.1400
1628314938015000,1,0.06873986,31439.7000
1628314938844000,1,0.06874011,31436.0400
1628314938857000,1,0.00000001,31436.0400
1628314980338000,1,0.06869849,31460.7100
1628314980338000,1,0.06869849,31457.3300
1628314980338000,1,0.06249902,31452.3600
1628314980748000,1,0.06872993,31443.4800
1628315035286000,1,0.06876125,31432.5200
1628315035415000,1,0.02000000,31429.0800
1628315049861000,1,0.06876125,31432.5200
1628315049979000,1,0.04876464,31429.0800
1628315050206000,1,0.06000000,31425.6200
1628315130309000,1,0.00836003,31410.2900
1628315167429000,1,0.06881421,31388.2400
1628315167436000,1,0.00000001,31388.2400
1628315172325000,1,0.06887497,31376.0500
1628315195214000,1,0.04000000,31399.8300
1628315195255000,1,0.02884479,31399.8300
1628315223302000,1,0.05000000,31377.0500
1628315551393000,1,0.03348248,31349.8600
1628315654442000,1,0.06000000,31379.7100
1628315654531000,1,0.06890249,31375.8000
1628315660797000,1,0.06000000,31372.4100
1628315694983000,0,0.00326000,31385.3400
1628315714365000,1,0.06753337,31365.8700
1628315754849000,1,0.05000000,31343.3100
1628315754850000,1,0.01891909,31343.3100
1628315790060000,1,0.06000000,31349.6900
1628315865457000,1,0.13000000,31312.2700
1628315891382000,1,0.06000000,31299.4600
1628315891427000,1,0.06906853,31296.0800
1628315908456000,1,0.08000000,31288.6400
1628315908480000,1,0.04871989,31288.6400
1628315908496000,1,0.12128011,31288.6400
1628315908496000,1,0.12371989,31287.2300
1628316026174000,0,0.06913055,31291.7300
1628316047475000,1,0.06000000,31268.2900
1628316167216000,1,0.06000000,31253.5700
1628316382097000,1,0.01000000,31302.0800
1628316382318000,1,0.01000000,31302.0800
1628316434071000,1,0.01000000,31302.2700
1628316434106000,1,0.06907159,31298.9800
1628316440289000,1,0.06000000,31295.1100
1628316523679000,0,0.01352732,31294.1800
1628316537732000,0,0.00301908,31307.5400
1628316735006000,1,0.03000000,31343.4200
1628316735303000,1,0.01000000,31343.4200
1628316745422000,1,0.05000000,31344.1200
1628316745471000,1,0.01896646,31344.1200
1628316775802000,1,0.06000000,31351.4800
1628316777595000,1,0.06895674,31347.7900
1628316777598000,1,0.06896379,31344.4800
1628316779197000,1,0.06000000,31344.4800
1628316797177000,1,0.06000000,31353.3800
1628316797219000,1,0.00895433,31353.3800
1628316798209000,1,0.06000000,31353.3800
1628316798239000,1,0.00895433,31353.3800
1628316835045000,1,0.04000000,31351.2600
1628316860770000,1,0.06893750,31358.0300
1628317234701000,1,0.03322651,31322.8200
1628317254918000,1,0.00350368,31316.2000
1628317317204000,1,0.06912263,31268.1400
1628317317204000,1,0.06908090,31261.6100
1628317437653000,1,0.00767621,31254.8300
1628317560318000,1,0.06918594,31243.4500
1628317560318000,1,0.06919017,31239.9600
1628317560318000,1,0.00862388,31236.7900
1628317632907000,1,0.02000000,31280.7000
1628317701803000,1,0.14000000,31280.7000
1628317702274000,1,0.09000000,31280.7000
1628317885352000,0,0.00151122,31272.6700
1628317886658000,1,0.06000000,31254.3400
1628317964408000,1,0.06000000,31249.8300
1628317964774000,1,0.06914945,31239.3700
1628317994167000,0,0.01512062,31257.3100
1628317994477000,1,0.06920158,31239.3700
1628317994841000,1,0.06000000,31239.3700
1628318058757000,1,0.06946951,31110.1600
1628318059454000,1,0.14694033,31101.8100
1628318059454000,1,0.10386595,31101.8000
1628318091899000,1,0.06949171,31103.2300
1628318094120000,1,0.06000000,31090.6200
1628318142361000,0,0.00151723,31148.8400
1628318144218000,1,0.01000000,31097.9600
1628318169273000,1,0.06955070,31075.4200
1628318169408000,1,0.06953758,31070.3400
1628318214814000,1,0.06952747,31087.0500
1628318240145000,0,0.06140305,31077.5900
1628318240160000,0,0.00820105,31077.5900
1628318248210000,0,0.05080725,31097.8200
1628318266949000,0,0.01314265,31069.4800
1628318267377000,0,0.05646382,31069.4800
1628318271863000,0,0.06960047,31072.8800
1628318273879000,0,0.00000001,31072.8800
1628318273879000,0,0.06320023,31078.2900
1628318375909000,1,0.06958290,31064.1900
1628318375911000,1,0.00000001,31064.1900
1628318376079000,1,0.06959739,31057.5800
1628318376079000,1,0.06958156,31054.4800
1628318500911000,1,0.00400000,31141.7000
1628318500993000,1,0.03473176,31141.7000
1628318501141000,1,0.00451818,31137.8800
1628318562728000,1,0.00500000,31118.0600
1628318682825000,1,0.06941850,31140.0000
1628318682825000,1,0.06058150,31136.8500
1628318725051000,1,0.06943774,31130.3400
1628318725428000,1,0.06942279,31115.1600
1628318725428000,1,0.06057721,31111.4500
1628318840115000,1,0.06000000,31093.0200
1628318840311000,1,0.00951157,31093.0200
1628318885483000,0,0.00321000,31123.6700
1628319000605000,1,0.05000000,31152.7800
1628319000617000,1,0.01938697,31152.7800
1628319075044000,0,0.06000000,31176.2300
1628319084314000,0,0.06939244,31194.6200
1628319084356000,0,0.00000001,31194.6200
1628319113165000,1,0.05000000,31202.7800
1628319113372000,1,0.01928767,31202.7800
1628319114112000,1,0.06930639,31195.2300
1628319122369000,1,0.06000000,31191.3000
1628319122393000,1,0.00931501,31191.3000
1628319172607000,1,0.02303725,31173.6300
1628319172654000,1,0.06930496,31170.1200
1628319215718000,1,0.23461120,31184.5500
1628319242854000,1,0.03000000,31149.0200
1628319242865000,1,0.03939471,31149.0200
1628319275000000,0,0.00092000,31168.4100
1628319368034000,0,0.00078278,31188.3500
1628319378254000,0,0.00313083,31188.5800
1628319407527000,0,0.06000000,31199.9300
1628319426442000,0,0.06929176,31213.7000
1628319430306000,1,0.06928568,31196.1400
1628319430309000,1,0.06929349,31192.6600
1628319458649000,0,0.00246000,31199.2000
1628319494948000,1,0.06932777,31171.9300
1628319530220000,0,0.06932706,31198.8900
1628319530220000,0,0.06067294,31199.0400
1628319573203000,0,0.00158000,31211.9100
1628319603367000,1,0.06932747,31176.4700
1628319603566000,1,0.06931250,31183.2000
1628319603566000,1,0.06931955,31180.0400
1628319603566000,1,0.06932747,31176.4700
1628319603658000,1,0.02000000,31173.1300
1628319673454000,0,0.00156963,31191.1500
1628319879342000,0,0.00121333,31194.0300
1628320076802000,0,0.06000000,31144.0200
1628320097895000,0,0.00159000,31144.7900
1628320294012000,1,0.25000000,31086.0100
1628320294012000,1,0.06951829,31084.4600
1628320294012000,1,0.00092139,31082.0800
1628320294012000,1,0.07956032,31081.9100
1628320333258000,0,0.00250000,31113.0400
1628320351513000,1,0.00530126,31080.0000
1628320352401000,1,0.04243744,31080.0000
1628320352425000,1,0.03482299,31080.0000
1628320352425000,1,0.16719377,31080.0000
1628320506548000,0,0.03820816,31071.3700
1628320618631000,0,0.06000000,31129.6400
1628320618771000,0,0.06947496,31133.5700
1628320746832000,1,0.06947154,31110.3100
1628320950804000,1,0.00458800,31130.6000
1628320990057000,0,0.00154000,31174.4300
1628321012461000,1,0.00204600,31149.1300
1628321263580000,1,0.00366977,31099.7400
1628321263616000,1,0.00262202,31099.7400
1628321286009000,1,0.01572946,31093.3300
1628321286313000,1,0.00000001,31093.3300
1628321582663000,1,0.06939181,31152.2800
1628321582780000,0,0.06939181,31150.0000
1628321582931000,0,0.19996711,31150.0000
1628321582932000,0,0.19996711,31150.0000
1628321583961000,0,0.06938983,31150.0000
1628321583962000,0,0.06939181,31150.0000
1628321584330000,0,0.00400000,31150.0000
1628321585965000,0,0.06938983,31150.0000
1628321585965000,0,0.06939181,31150.0000
1628321587960000,0,0.06938838,31150.0000
1628321587961000,0,0.06938983,31150.0000
1628321588185000,0,0.04094067,31150.0000
1628321600836000,1,0.03214100,31153.4800
1628321632308000,0,0.00093977,31163.7400
1628321696695000,1,0.00769100,31163.0200
1628321706670000,1,0.03116793,31158.8100
1628321707276000,1,0.03820728,31158.8100
1628321779086000,0,0.00640400,31179.5400
1628321791568000,1,0.06937350,31158.4300
1628321791573000,1,0.00000001,31158.4300
1628321942558000,1,0.00424089,31173.6700
1628322111098000,1,0.00146608,31165.8100
1628322129005000,1,0.00013592,31165.8100
1628322173643000,0,0.00170700,31143.7800
1628322261238000,0,0.01602700,31154.9100
1628322305059000,1,0.00160299,31156.1700
1628322305106000,1,0.00000001,31156.1700
1628322316086000,0,0.01677900,31152.5500
1628322324123000,0,0.00160300,31152.3900
1628322372756000,0,0.00492000,31140.6700
1628322373660000,1,0.06947104,31121.4600
1628322429174000,1,0.06000000,31139.9800
1628322429288000,1,0.00106300,31139.9800
1628322473050000,1,0.06000000,31138.8700
1628322473383000,1,0.07000000,31139.9500
1628322630918000,0,0.00117587,31305.8300
1628322630921000,0,0.00000001,31305.8300
1628322762999000,1,0.30000000,31263.4900
1628322763071000,1,0.33821665,31263.4900
1628323123472000,1,0.00352273,31172.1300
1628323286723000,1,0.04000000,31138.0000
1628323351464000,1,0.11000000,31125.0000
1628323351488000,1,0.03545248,31125.0000
1628323351753000,1,0.02268212,31125.0000
1628323390014000,0,0.02600000,31173.4700
1628323390014000,0,0.06940096,31176.7100
1628323502795000,1,0.00400000,31125.0000
1628323503228000,1,0.03814025,31125.0000
1628323503831000,1,0.02000000,31125.0000
1628323510107000,1,0.00634167,31125.0000
1628323514665000,1,0.00000010,31121.4600
1628323553831000,0,0.06954822,31099.4000
1628323553831000,0,0.00000001,31099.4000
1628323553956000,0,0.00400000,31103.3500
1628323621858000,0,0.06000000,31112.0400
1628323973748000,1,0.06918262,31251.8300
1628323973845000,1,0.04905900,31247.3200
1628324101703000,1,0.01793027,31246.9000
1628324101706000,1,0.05126923,31246.9000
1628324181499000,0,0.02709758,31310.2400
1628324221499000,0,0.06911776,31303.4800
1628324222195000,0,0.43000000,31321.4800
1628324237883000,0,0.23056369,31305.3600
1628324237883000,0,0.25000000,31305.3700
1628324237883000,0,0.00096107,31308.5000
1628324237883000,0,0.06911055,31310.1200
1628324237883000,0,0.44936469,31315.3600
1628324245011000,0,0.00277700,31287.7600
1628324383927000,0,0.06000000,31266.3400
1628324383957000,0,0.00921047,31266.3400
1628324404989000,0,0.06047982,31303.6400
1628324460652000,1,0.06912542,31285.5500
1628324507761000,0,0.00352000,31345.3400
1628324554848000,1,0.01972300,31318.5600
1628324590848000,1,0.23977192,31302.1000
1628324590848000,1,0.06908428,31297.9600
1628324590848000,1,0.06909459,31293.3200
1628324650042000,0,0.00230000,31320.4100
1628324654686000,0,0.00473299,31320.4100
1628324793727000,1,0.00844956,31275.1200
1628324794087000,1,0.00017244,31275.1200
1628324921497000,0,0.06919014,31269.6800
1628324951758000,0,0.02599999,31282.8600
1628324951761000,0,0.00000001,31282.8600
1628325000541000,1,0.06915638,31269.7600
1628325165772000,0,0.00950000,31268.4300
1628325332389000,0,0.03067000,31271.2000
1628325486523000,1,0.00240000,31235.1500
1628325585452000,1,0.06782111,31251.6700
1628325586053000,1,0.00135642,31251.6700
1628325594513000,1,0.01190504,31255.4100
1628325595096000,1,0.00925120,31255.4100
1628325595337000,1,0.01568000,31255.4100
1628325595794000,1,0.00587608,31255.4100
1628325602582000,1,0.00137200,31263.3500
1628325602891000,1,0.00906696,31263.3500
1628325603245000,1,0.01097600,31263.3500
1628325603493000,1,0.01339072,31263.3500
1628325604083000,1,0.00392000,31263.3500
1628325604705000,1,0.03046232,31263.3500
1628325644751000,1,0.06778065,31270.1900
1628325646233000,1,0.00135561,31270.1900
1628325646492000,1,0.00002767,31270.1900
1628325695347000,0,0.01163000,31331.8000
1628325727618000,0,0.02599999,31345.4300
1628325760994000,1,0.02000000,31302.4200
1628325761000000,1,0.43139421,31302.4200
1628325761000000,1,0.06904434,31298.4800
1628325798843000,0,0.06000000,31298.1000
1628325798866000,0,0.00913552,31298.1000
1628325833049000,1,0.06911215,31290.1500
1628325833049000,1,0.06911747,31286.6600
1628325892197000,0,0.01000000,31293.6100
1628325892249000,0,0.00779218,31293.6100
1628325910041000,1,0.03000000,31316.4900
1628325987575000,0,0.06902634,31356.1600
1628325987575000,0,0.09017008,31364.1600
1628325998196000,1,0.01000000,31340.6900
1628325998197000,1,0.05900602,31340.6900
1628325999303000,1,0.06000000,31337.2700
1628326017485000,0,0.23977192,31348.7000
1628326017558000,0,0.02600000,31351.6700
1628326020558000,1,0.06000000,31352.8100
1628326020632000,1,0.06898620,31348.5900
1628326047308000,1,0.06000000,31319.8500
1628326047325000,1,0.00905275,31319.8500
1628326047504000,1,0.06000000,31319.8500
1628326047689000,1,0.00905275,31319.8500
1628326140608000,1,0.06000000,31338.1200
1628326140964000,1,0.06903195,31331.3900
1628326140964000,1,0.06903917,31328.1500
1628326140964000,1,0.06904684,31324.7000
1628326140964000,1,0.00094144,31315.4700
1628326140964000,1,0.06902407,31312.8100
1628326140964000,1,0.00090212,31307.8800
1628326140964000,1,0.02600000,31300.2100
1628326140964000,1,0.00094795,31299.5500
1628326140964000,1,0.00149146,31292.5600
1628326241067000,0,0.00092000,31334.4000
1628326264259000,1,0.06906801,31312.0400
1628326264630000,1,0.06000000,31312.0400
1628326354729000,0,0.00352000,31358.9000
1628326381388000,1,0.02000000,31338.3100
1628326381579000,1,0.01000000,31338.3100
1628326507056000,1,0.06000000,31344.5600
1628326519455000,1,0.01000000,31337.9400
1628326664088000,0,0.00096140,31348.2600
1628326664088000,0,0.00221860,31348.3800
1628326695076000,1,0.06000000,31344.0900
1628326706946000,1,0.06000000,31340.5300
1628326850243000,1,0.06900793,31340.6600
1628326866522000,0,0.00095000,31337.6600
1628326917721000,0,0.01593081,31310.3800
1628326939224000,1,0.00719349,31330.2600
1628326963370000,0,0.02599999,31371.2900
1628326963387000,0,0.00000001,31371.2900
1628326965327000,0,0.02599999,31380.1600
1628327012286000,0,0.00095002,31425.0500
1628327012286000,0,0.00094263,31426.3200
1628327012286000,0,0.00090938,31432.9600
1628327012286000,0,0.00985814,31440.7700
1628327012993000,1,0.04000000,31395.9200
1628327013387000,1,0.01000000,31395.9200
1628327043932000,1,0.25000000,31452.4200
1628327057641000,1,0.00095343,31487.8400
1628327060267000,1,0.00094375,31474.6200
1628327060267000,1,0.26905625,31474.2000
1628327060299000,1,0.18944894,31474.2000
1628327065243000,1,0.00093479,31453.2800
1628327129946000,1,0.06000000,31477.1800
1628327131646000,1,0.06000000,31466.0500
1628327131652000,1,0.00872988,31466.0500
1628327136846000,0,0.00093440,31483.6300
1628327136846000,0,0.00095045,31490.6300
1628327136846000,0,0.00111671,31495.4200
1628327173768000,0,0.02000000,31527.6700
1628327173804000,0,0.00600000,31527.6700
1628327175399000,1,0.01000000,31515.9800
1628327199102000,0,0.00121213,31555.8500
1628327239255000,1,0.06000000,31519.4200
1628327253077000,1,0.06000000,31522.3500
1628327253111000,1,0.00861473,31522.3500
1628327257737000,1,0.01000000,31518.7200
1628327257760000,1,0.04000000,31518.7200
1628327259483000,1,0.01000000,31518.7200
1628327259541000,1,0.00862085,31518.7200
1628327267954000,0,0.00213000,31536.0800
1628327383099000,1,0.06879823,31428.1700
1628327485215000,0,0.00063354,31410.7600
1628327519937000,0,0.00961000,31422.6900
1628327540066000,0,0.00092000,31419.3400
1628327641205000,1,0.06000000,31366.3700
1628327642273000,0,0.01528000,31381.9200
1628327650710000,1,0.06894720,31365.9900
1628327650710000,1,0.02228760,31362.5600
1628327680420000,1,0.10000000,31377.6900
1628327684257000,1,0.06000000,31383.9200
1628327692801000,1,0.06000000,31394.2900
1628327692840000,1,0.00888100,31394.2900
1628327695320000,1,0.06000000,31394.7500
1628327698827000,1,0.06000000,31399.2400
1628327699018000,1,0.00887150,31399.2400
1628327699018000,1,0.04112850,31395.5600
1628327699048000,1,0.02775107,31395.5600
1628327700813000,1,0.04000000,31395.5600
1628327700942000,1,0.02887957,31395.5600
1628327703619000,1,0.06000000,31390.6100
1628327705393000,1,0.06000000,31402.5100
1628327705522000,1,0.00887165,31402.5100
1628327710244000,1,0.06885475,31409.3100
1628327710244000,1,0.06114525,31405.9400
1628327717709000,1,0.04000000,31414.7100
1628327719193000,1,0.00771770,31405.9400
1628327719403000,1,0.06887165,31402.5100
1628327721124000,0,0.00933900,31422.2400
1628327748193000,1,0.06881832,31422.6900
1628327792848000,0,0.00096604,31445.1200
1628327792848000,0,0.00391396,31445.4500
1628327796226000,0,0.06101000,31442.0800
1628327864805000,1,0.06000000,31471.7400
1628327865653000,1,0.03000000,31467.9500
1628327866073000,1,0.06000000,31464.4100
1628327866382000,1,0.00873545,31464.4100
1628327866382000,1,0.06564929,31461.0500
1628327866542000,1,0.00308616,31461.0500
1628327872169000,1,0.06000000,31480.9300
1628327872378000,1,0.00870136,31480.9300
1628327877489000,0,0.00609000,31497.8500
1628327881546000,1,0.03000000,31472.3200
1628327937088000,0,0.06870459,31493.0100
1628327937336000,0,0.06000000,31492.2200
1628327942060000,0,0.06000000,31489.4200
1628327942204000,0,0.06870459,31493.0100
1628328057449000,0,0.06000000,31469.9000
1628328089642000,0,0.06000000,31463.9600
1628328089678000,0,0.00876888,31463.9600
1628328171183000,1,0.00209664,31443.0100
1628328174311000,0,0.01098840,31465.9000
1628328174375000,0,0.02016876,31465.9000
1628328174421000,0,0.00152611,31465.8900
1628328174421000,0,0.02705339,31465.9000
1628328174478000,1,0.06000000,31462.5900
1628328174680000,0,0.01055319,31465.9000
1628328174847000,1,0.02919584,31465.9000
1628328178282000,0,0.06876898,31461.9200
1628328178282000,0,0.11476366,31461.9200
1628328195406000,1,0.00876855,31453.2900
1628328195406000,1,0.03731628,31453.2900
1628328195406000,1,0.17391517,31453.2800
1628328195426000,1,0.03328722,31453.2800
1628328227019000,0,0.06881402,31444.0200
1628328227098000,0,0.06880365,31448.7500
1628328249233000,0,0.00366000,31435.5800
1628328299417000,0,0.06000000,31445.3500
1628328321902000,0,0.00135427,31429.8900
1628328327641000,0,0.06000000,31414.8200
1628328363806000,0,0.06000000,31410.8200
1628328459249000,0,0.06000000,31449.5900
1628328459312000,0,0.06878458,31453.1400
1628328509053000,0,0.06882782,31434.1100
1628328542216000,0,0.00313283,31443.8500
1628328603259000,0,0.00222000,31462.6200
1628328633242000,0,0.06881530,31466.4700
1628328633242000,0,0.06118470,31470.3800
1628328647380000,0,0.06874783,31498.6400
1628328660993000,0,0.06000000,31503.1600
1628328661102000,0,0.00869216,31503.1600
1628328681133000,0,0.00149996,31507.3000
1628328690656000,0,0.06864177,31526.7900
1628328705358000,0,0.06858371,31552.8300
1628328709945000,0,0.06000000,31559.9500
1628328709970000,0,0.00856907,31559.9500
1628328709970000,0,0.06856519,31561.2400
1628328710576000,0,0.06000000,31559.9500
1628328716410000,0,0.04000000,31540.5300
1628328716613000,0,0.02000000,31540.5300
1628328717565000,0,0.06000000,31544.3300
1628328717574000,0,0.00858383,31544.3300
1628328720337000,0,0.06000000,31546.0300
1628328720340000,0,0.00856986,31546.0300
1628328724787000,0,0.04000000,31538.8500
1628328726811000,0,0.02000000,31537.3500
1628328736997000,0,0.10149146,31520.7600
1628328736997000,0,0.06862892,31522.3400
1628328736997000,0,0.06861863,31527.1200
1628328736997000,0,0.25000000,31527.6300
1628328736997000,0,0.00095857,31529.2000
1628328745543000,0,0.06000000,31521.8000
1628328745553000,0,0.00862661,31521.8000
1628328745693000,0,0.06861863,31527.1200
1628328777778000,0,0.04568000,31523.3800
1628328799370000,0,0.06859754,31531.8800
1628328816239000,0,0.06000000,31529.5400
1628328855780000,0,0.06000000,31531.9200
1628328893021000,0,0.00601465,31541.7900
1628329022672000,0,0.06859359,31543.2100
1628329022672000,0,0.06140641,31546.9400
1628329032823000,0,0.06000000,31550.2400
1628329050940000,0,0.06000000,31552.0000
1628329051072000,0,0.06856153,31555.2600
1628329053602000,1,0.00295324,31537.3000
1628329077026000,0,0.03000000,31580.6200
1628329090148000,0,0.00764601,31562.2400
1628329126407000,0,0.06000000,31574.6000
1628329143867000,0,0.00600581,31579.5100
1628329273136000,0,0.06859823,31545.9600
1628329287094000,0,0.07000000,31532.3000
1628329312915000,1,0.06000000,31488.7800
1628329388482000,1,0.06000000,31519.0300
1628329392766000,1,0.06000000,31515.9600
1628329392844000,1,0.00863645,31515.9600
1628329404154000,1,0.06861913,31523.5000
1628329405266000,1,0.00000001,31523.5000
1628329405266000,1,0.00419393,31523.5000
1628329405852000,1,0.01840854,31523.5000
1628329406355000,1,0.03865399,31523.5000
1628329406701000,0,0.00152000,31531.3600
1628329406952000,1,0.00736267,31523.5000
1628329407455000,1,0.00000001,31523.5000
1628329410153000,1,0.06860431,31527.4300
1628329422793000,1,0.00000001,31527.4300
1628329437957000,0,0.06859952,31531.3600
1628329486302000,1,0.06000000,31563.9000
1628329546315000,0,0.08000000,31578.9500
1628329546355000,0,0.00082781,31578.9500
1628329563055000,0,0.06851306,31612.5000
1628329611111000,1,0.06862606,31504.8300
1628329611111000,1,0.06856451,31503.6200
1628329611111000,1,0.00093528,31500.2100
1628329850502000,1,0.06000000,31514.3200
1628329956104000,1,0.01923750,31497.9500
1628330006579000,1,0.00572081,31487.3800
1628330125405000,1,0.06862533,31519.1800
1628330311381000,1,0.06874444,31462.3800
1628330311381000,1,0.23977192,31450.1700
1628330311381000,1,0.01928500,31450.1600
1628330401107000,1,0.06000000,31479.2800
1628330401152000,1,0.00871285,31479.2800
1628330442677000,1,0.06881382,31428.5400
1628330458297000,1,0.45000000,31418.7100
1628330530197000,0,0.00125000,31431.9200
1628330601069000,0,0.06880137,31451.2100
1628330601069000,0,0.06879463,31454.6600
1628330866280000,1,0.06852093,31559.4300
1628330891043000,0,0.01214000,31599.1300
1628330908400000,1,0.06849867,31570.9600
1628330926137000,0,0.27000000,31600.0000
1628330926156000,0,0.00661652,31600.0000
1628330928981000,0,0.00377000,31603.3800
1628330958921000,0,0.00091000,31606.3700
1628331002100000,1,0.06841041,31615.3700
1628331002100000,1,0.06842021,31611.0800
1628331002100000,1,0.06316938,31607.0700
1628331034982000,0,0.00091000,31658.6000
1628331039066000,1,0.00211178,31642.0500
1628331041494000,1,0.01000000,31637.6700
1628331042503000,1,0.06836692,31634.2000
1628331058790000,1,0.06000000,31625.3100
1628331089468000,0,0.01841251,31615.5600
1628331118650000,1,0.06845432,31593.0100
1628331197131000,0,0.46317320,31611.1800
1628331197131000,0,0.06846315,31611.1900
1628331197131000,0,0.02600000,31611.9600
1628331239733000,0,0.00370962,31613.7600
1628331318261000,1,0.04142740,31573.0700
1628331387185000,1,0.06842614,31607.4600
1628331387359000,1,0.06843564,31603.3700
1628331433155000,0,0.00315000,31647.9500
1628331441252000,1,0.06837359,31629.9200
1628331452049000,1,0.04000000,31645.2500
1628331480511000,0,0.00303000,31660.6400
1628331626642000,0,0.02599999,31743.7000
1628331626652000,0,0.00000001,31743.7000
1628331660982000,0,0.00104741,31590.6800
1628331670458000,1,0.06000000,31554.3200
1628331674143000,1,0.02000000,31563.4700
1628331674144000,1,0.04852969,31563.4700
1628331676246000,1,0.06000000,31558.9100
1628331676557000,1,0.00855065,31558.9100
1628331676829000,1,0.06854142,31550.0900
1628331676829000,1,0.06856007,31546.9600
1628331678809000,1,0.06000000,31544.5000
1628331678810000,1,0.00857714,31544.5000
1628331685259000,1,0.01000000,31534.8100
1628331686030000,0,0.00094829,31559.5000
1628331686030000,0,0.04656171,31559.7600
1628331716713000,1,0.03000000,31633.2800
1628331716900000,1,0.06839541,31624.4000
1628331716900000,1,0.06840937,31617.5600
1628331720279000,1,0.06840696,31622.9100
1628331721004000,1,0.06000000,31617.5600
1628331721005000,1,0.00840937,31617.5600
1628331721262000,0,0.00096514,31641.5700
1628331721262000,0,0.01135734,31643.7900
1628331741573000,1,0.00131239,31617.2600
1628331741658000,1,0.10000000,31617.2500
1628331745345000,1,0.01000000,31621.6700
1628331746774000,1,0.06844797,31606.9400
1628331746774000,1,0.06845598,31602.8500
1628331751965000,1,0.00237490,31594.3100
1628331758159000,1,0.06843997,31579.1700
1628331764511000,1,0.06000000,31583.8600
1628331772165000,0,0.00285261,31613.0100
1628331779688000,1,0.06000000,31607.9600
1628331801600000,0,0.06848764,31610.1800
1628331801611000,0,0.00000001,31610.1800
1628331812933000,1,0.02793175,31609.2500
1628331829752000,1,0.06841743,31621.8700
1628331842318000,1,0.00000001,31621.8700
1628331842318000,1,0.05999999,31598.9800
1628332049511000,1,0.05104230,31518.6100
1628332049513000,1,0.01759791,31518.6100
1628332049636000,1,0.01684495,31514.4800
1628332049636000,1,0.06865016,31514.4700
1628332049780000,1,0.06865808,31510.6500
1628332049780000,1,0.06134192,31507.0800
1628332084471000,0,0.02599999,31531.9900
1628332084476000,0,0.00000001,31531.9900
1628332116741000,0,0.00149803,31547.9800
1628332263922000,0,0.02397000,31519.4000
1628332327929000,0,0.00304000,31508.6800
1628332405252000,0,0.06881740,31451.7100
1628332405549000,1,0.15919642,31431.7400
1628332438035000,0,0.01885232,31467.2000
1628332438159000,0,0.00691351,31467.2000
1628332438159000,0,0.00023417,31467.2000
1628332445049000,0,0.02599999,31473.3900
1628332445054000,0,0.00000001,31473.3900
1628332449237000,0,0.02599999,31481.0500
1628332449299000,0,0.00000001,31481.0500
1628332449963000,0,0.00231000,31489.9500
1628332454320000,0,0.02599999,31489.5600
1628332459413000,1,0.06871452,31477.5600
1628332459480000,1,0.06872822,31472.5900
1628332471207000,0,0.06000000,31500.4500
1628332508603000,1,0.06000000,31501.1100
1628332578006000,1,0.06000000,31509.5000
1628332633643000,1,0.02000000,31540.3700
1628332633842000,1,0.03000000,31540.3700
1628332642894000,1,0.06861545,31532.1500
1628332689648000,0,0.02434000,31526.5800
1628332743540000,1,0.00091274,31513.4500
1628332743540000,1,0.05908726,31510.2100
1628332935122000,1,0.00492296,31485.8000
1628332975330000,1,0.01099000,31482.2700
1628333015134000,0,0.02349000,31492.5800
1628333027294000,0,0.06874848,31482.8500
1628333163977000,0,0.02600000,31507.5700
1628333163977000,0,0.06870536,31508.7200
1628333185859000,0,0.00120285,31519.4100
1628333313602000,0,0.00122000,31535.3900
1628333336408000,0,0.00074313,31546.7900
1628333357378000,1,0.06862055,31524.3800
1628333357378000,1,0.06862823,31520.8700
1628333476915000,0,0.01201753,31523.7500
1628333488014000,1,0.06864789,31494.3500
1628333488014000,1,0.06868481,31494.2700
1628333507141000,1,0.00064167,31464.8700
1628333516722000,0,0.00457000,31484.8700
1628333570175000,0,0.00980000,31498.7100
1628333589647000,0,0.00305000,31490.4200
1628333607136000,0,0.06871029,31503.7900
1628333701409000,1,0.06869787,31492.3900
1628333774635000,0,0.00183000,31514.9900
1628333848297000,0,0.00322859,31503.8000
1628333852599000,0,0.00198000,31501.8100
1628334127500000,1,0.00099999,31427.7400
1628334127502000,1,0.00000001,31427.7400
1628334145021000,0,0.00316668,31420.8500
1628334168095000,1,0.00229565,31389.2600
1628334184705000,1,0.06000000,31399.7700
1628334224064000,0,0.09000000,31415.9100
1628334237845000,0,0.09023635,31426.5800
1628334303220000,0,0.00098000,31402.4300
1628334303331000,0,0.00098000,31398.7700
1628334306795000,0,0.00153000,31402.4300
1628334386148000,1,0.03507800,31376.0600
1628334386302000,1,0.06897370,31370.5500
1628334389690000,1,0.06000000,31364.5800
1628334453788000,1,0.06000000,31393.0400
1628334453794000,1,0.00892344,31393.0400
1628334459143000,1,0.06000000,31393.0400
1628334459197000,1,0.00892344,31393.0400
1628334459197000,1,0.06893019,31389.5900
1628334478928000,1,0.16229279,31356.0400
1628334489952000,0,0.00186000,31376.0200
1628334491443000,0,0.00550000,31379.0900
1628334564734000,1,0.09999978,31358.1700
1628334564758000,1,0.00000022,31358.1700
1628334564758000,1,0.00862051,31358.1600
1628334660602000,1,0.06891059,31393.4400
1628334668576000,0,0.23427192,31414.1000
1628334668576000,0,0.06891117,31414.1100
1628334668576000,0,0.47599227,31415.4400
1628334668576000,0,0.02600000,31415.4500
1628334668576000,0,0.06890332,31417.4200
1628334668576000,0,0.06894007,31422.3200
1628334668576000,0,0.00091158,31422.4000
1628334668576000,0,0.00095681,31429.1800
1628334668576000,0,0.00687877,31432.8900
1628334678532000,0,0.00500000,31417.4200
1628334679705000,0,0.00165936,31417.4200
1628334680475000,1,0.06890896,31396.2900
1628334720314000,0,0.00733000,31417.2300
1628334940325000,1,0.00100599,31374.7700
1628334989562000,0,0.01020000,31385.3400
1628335211135000,0,0.00351000,31431.7200
1628335310748000,1,0.00300000,31459.4000
1628335379008000,0,0.06000000,31475.9800
1628335424126000,0,0.06000000,31558.0100
1628335424316000,0,0.06859164,31563.1800
1628335437074000,0,0.00911000,31591.5500
1628335539437000,1,0.18000000,31515.4900
1628335600005000,0,0.06132000,31583.2400
1628335688737000,0,0.01171000,31540.5300
1628335830842000,1,0.03000000,31517.3100
1628335831077000,1,0.03000000,31517.3100
1628335831444000,1,0.02000000,31517.3100
1628335879067000,1,0.04000000,31512.9400
1628335930501000,0,0.00304000,31549.4900
1628336038391000,0,0.06864276,31536.0600
1628336038391000,0,0.08951908,31538.5000
1628336122356000,0,0.02253316,31536.7200
1628336164114000,1,0.06863196,31516.1000
1628336238839000,1,0.01000000,31504.4400
1628336239074000,1,0.01000000,31504.4300
1628336253384000,1,0.00070634,31500.0000
1628336262711000,0,0.00300523,31508.8200
1628336269296000,1,0.45747026,31476.6200
1628336285996000,1,0.06872488,31483.1700
1628336285996000,1,0.06127512,31479.5700
1628336480488000,0,0.06000000,31574.3700
1628336546366000,1,0.06862524,31527.2100
1628336546366000,1,0.06863232,31523.6900
1628336703325000,1,0.00415727,31558.3100
1628336769850000,0,0.00912000,31567.4900
1628336819859000,1,0.06859277,31541.4800
1628336834065000,1,0.00068631,31530.0200
1628336904378000,0,0.00405969,31547.9100
1628336971101000,0,0.00152000,31552.2500
1628337185266000,1,0.00327666,31569.9600
1628337247437000,0,0.00668000,31611.2600
1628337321421000,1,0.06846823,31594.6300
1628337344247000,1,0.02000000,31619.2500
1628337344442000,1,0.04000000,31619.2500
1628337360463000,1,0.00843843,31619.2500
1628337360463000,1,0.06156157,31615.9300
1628337360531000,1,0.00687614,31615.9300
1628337398369000,0,0.00703000,31675.9500
1628337408802000,1,0.06839814,31632.2100
1628337408802000,1,0.06160186,31627.8100
1628337429853000,1,0.06836405,31620.4300
1628337446076000,0,0.06000000,31648.7200
1628337540885000,1,0.06840243,31630.4200
1628337566595000,1,0.00309140,31621.6900
1628337626588000,0,0.00091000,31602.3900
1628337699370000,0,0.00606000,31668.0500
1628337706013000,0,0.00433000,31693.3100
1628337709297000,1,0.06833736,31657.8800
1628337723988000,0,0.06835239,31670.6500
1628337727322000,0,0.02000000,31686.1700
1628337727341000,0,0.02000000,31686.1700
1628337727642000,0,0.02000000,31688.4600
1628337741106000,0,0.02600000,31688.1600
1628337741172000,0,0.06831578,31689.6100
1628337741219000,0,0.06830558,31694.3200
1628337756838000,0,0.06000000,31686.8700
1628337783358000,1,0.01000000,31626.2200
1628337783499000,1,0.00400000,31626.2200
1628337783517000,1,0.00184073,31626.2200
1628337852496000,0,0.06693761,31694.7300
1628337907684000,0,0.00462255,31722.5600
1628337919229000,0,0.29000000,31700.8000
1628337940862000,0,0.06823057,31773.2900
1628337940862000,0,0.06822968,31773.5900
1628337941619000,0,0.06818474,31782.0200
1628337941622000,0,0.00000001,31782.0200
1628337943175000,0,0.00179999,31811.3700
1628337943227000,0,0.06811688,31826.6500
1628337944134000,0,0.25000000,31835.2900
1628337950779000,0,0.14494097,31827.2400
1628337950850000,0,0.00159382,31827.2400
1628337952231000,0,0.11665000,31854.1100
1628337953443000,0,0.25000000,31869.5400
1628337953496000,0,0.02660663,31880.8900
1628337953496000,0,0.06804449,31880.9200
1628337953496000,0,0.02661916,31890.7900
1628337955524000,0,0.25000000,31890.7100
1628337992018000,1,0.00094652,31825.1100
1628338019561000,0,0.00400000,31897.9200
1628338019614000,0,0.11726972,31897.9200
1628338045562000,1,0.06775903,31918.7500
1628338056755000,1,0.00095984,31952.2700
1628338063513000,0,0.00144000,31943.2300
1628338078456000,0,0.02651848,31996.9500
1628338078456000,0,0.15000000,32000.0000
1628338078456000,0,0.00431887,32000.0000
1628338078456000,0,0.01902228,32004.0600
1628338078477000,0,0.04727392,32004.0600
1628338086754000,1,0.11552999,31947.1800
1628338111889000,0,0.06774742,31955.0300
1628338111889000,0,0.06774004,31960.4000
1628338112132000,0,0.02653619,31966.6400
1628338112286000,0,0.06632510,31981.3200
1628338123394000,0,0.00152597,32012.4200
1628338137115000,0,0.00149852,32010.5900
1628338145908000,0,0.02249000,31974.4000
1628338178371000,0,0.06778649,31945.4900
1628338224264000,1,0.00400000,31935.9500
1628338258512000,0,0.00148190,31980.2300
1628338290330000,0,0.01199000,32000.7900
1628338329659000,0,0.00582000,31992.9800
1628338429654000,1,0.06769322,31968.1700
1628338429660000,1,0.00000001,31968.1700
1628338429818000,1,0.04056688,31962.3900
1628338450576000,0,0.00090000,32026.9000
1628338513855000,0,0.05000000,32053.9800
1628338535707000,1,0.16416400,32033.2900
1628338540054000,1,0.00367156,32034.3000
1628338545894000,0,0.06753677,32060.2200
1628338548975000,0,0.06753677,32060.2200
1628338554462000,0,0.25000000,32072.8000
1628338556130000,0,0.06753631,32087.1700
1628338568741000,0,0.00598000,32052.6100
1628338596339000,0,0.06753218,32061.8200
1628338612426000,1,0.00158175,32017.4700
1628338615470000,1,0.00473493,31992.0600
1628338615521000,1,0.06283892,31992.0600
1628338615522000,1,0.06758405,31987.1000
1628338615522000,1,0.06758650,31985.7200
1628338664841000,1,0.01272502,31926.2000
1628338664846000,1,0.19956875,31926.2000
1628338664848000,1,0.19956875,31926.2000
1628338664855000,1,0.19020266,31926.2000
1628338664866000,1,1.74147805,31926.2000
1628338667930000,0,0.06000000,31937.6000
1628338667973000,0,0.00779242,31937.6000
1628338667973000,0,0.06777435,31942.5400
1628338669095000,1,0.00063925,31908.5700
1628338696617000,0,0.06782135,31934.1600
1628338696617000,0,0.06217865,31935.2500
1628338696746000,0,0.02600000,31944.2300
1628338696746000,0,0.06784994,31945.7400
1628338729302000,1,0.00649408,31928.9000
1628338743601000,0,0.00660000,31954.5900
1628338792768000,1,0.04857648,31944.7500
1628338809699000,0,0.00147629,32012.6400
1628338810910000,0,0.00899000,32012.6500
1628338815661000,0,0.02599999,31997.5600
1628338850157000,0,0.06772172,31973.2200
1628338873265000,0,0.06774086,31964.1300
1628338873354000,0,0.06773097,31968.4000
1628338946459000,0,0.02000000,32051.7000
1628338946497000,0,0.00600000,32051.7000
1628338994884000,0,0.03374548,32086.1100
1628338994884000,0,0.00093631,32086.6400
1628338994884000,0,0.25000000,32089.4700
1628338994884000,0,0.03399994,32091.0700
1628339013767000,0,0.03100000,32086.7700
1628339059922000,0,0.45273798,32092.0500
1628339119324000,0,0.01000000,32097.8700
1628339119862000,1,0.06000000,32083.6400
1628339119873000,1,0.00745238,32083.6400
1628339134037000,1,0.06000000,32080.1400
1628339153085000,0,0.19968732,32142.2600
1628339153086000,0,0.05031268,32142.2600
1628339153100000,0,0.02295220,32143.8600
1628339160174000,0,0.00204028,32143.3800
1628339164932000,0,0.00673759,32177.5300
1628339165316000,0,0.00645525,32180.3500
1628339165690000,0,0.10823039,32180.3500
1628339168675000,0,0.00673368,32158.8700
1628339168692000,0,0.00000001,32158.8700
1628339169054000,0,0.00673215,32166.2500
1628339169063000,0,0.00000001,32166.2500
1628339173773000,0,0.01347381,32140.0800
1628339173784000,0,0.00000001,32140.0800
1628339188755000,0,0.24106833,32096.9600
1628339188865000,0,0.25693167,32096.9600
1628339249423000,1,0.06000000,32115.4700
1628339250484000,0,0.00088516,32142.4500
1628339267592000,0,0.00673931,32134.9700
1628339410929000,0,0.00676407,32015.9400
1628339410929000,0,0.00676297,32020.3500
1628339410929000,0,0.00141266,32023.8700
1628339422348000,0,0.00405000,31978.5200
1628339440615000,0,0.00677452,31972.3100
1628339467909000,0,0.44900000,31973.5200
1628339494902000,0,0.00676634,32001.3900
1628339494902000,0,0.00323366,32007.1300
1628339494972000,0,0.00353203,32007.1300
1628339495159000,0,0.00677052,32011.9600
1628339505182000,1,0.24999999,32010.1000
1628339521216000,0,0.00676467,32016.6500
1628339524665000,0,0.00676314,32031.3500
1628339524665000,0,0.00323686,32031.5800
1628339590920000,0,0.02000000,32075.5400
1628339590976000,0,0.00600000,32075.5400
1628339593456000,0,0.02000000,32086.4200
1628339609977000,0,0.00090000,32056.7600
1628339680286000,0,0.00676062,32030.8200
1628339680286000,0,0.00323938,32030.8300
1628339680351000,0,0.00352265,32030.8300
1628339704399000,0,0.00676442,32010.4700
1628339704399000,0,0.00323558,32014.9900
1628339736511000,0,0.00677358,31967.7900
1628339737791000,1,0.00094246,31947.1900
1628339737791000,1,0.01905754,31945.8900
1628339738986000,0,0.00677215,31974.0200
1628339738995000,0,0.00677215,31977.9100
1628339904302000,1,0.06444139,31925.9100
1628339905478000,1,0.05641136,31925.9100
1628339908215000,1,0.02184539,31925.9100
1628339916326000,1,0.00044582,31925.9100
1628339944344000,0,0.02000000,31932.5200
1628339944347000,0,0.00600000,31932.5200
1628339962510000,1,0.00162098,31881.8900
1628340017364000,1,0.00615809,31767.5100
1628340047918000,1,0.00091986,31669.8800
1628340050034000,1,0.00095198,31672.1400
1628340069314000,1,0.22815094,31687.7800
1628340070192000,0,0.00091164,31715.1800
1628340070192000,0,0.00094833,31715.1900
1628340070192000,0,0.00092496,31715.2000
1628340070192000,0,0.00138507,31731.0400
1628340075478000,1,0.10000000,31666.0500
1628340078762000,1,0.25000000,31622.9200
1628340079051000,1,0.00097390,31614.9600
1628340079051000,1,0.00096524,31604.7600
1628340079051000,1,0.00025631,31604.2800
1628340081779000,1,0.00097391,31564.4200
1628340082805000,1,0.00094415,31559.2100
1628340082805000,1,0.01995930,31554.6400
1628340083269000,1,0.23000000,31554.6400
1628340089059000,1,0.25000000,31525.7800
1628340103578000,1,0.06853243,31556.8400
1628340103578000,1,0.06854924,31549.4100
1628340103578000,1,0.06188839,31542.0800
1628340103579000,1,0.00666629,31542.0800
1628340103579000,1,0.06856992,31533.7300
1628340103579000,1,0.12373385,31528.8700
1628340105034000,0,0.00234375,31571.4700
1628340105034000,0,0.00234374,31572.4500
1628340105035000,0,0.00000001,31572.4500
1628340114662000,0,0.00684528,31638.8600
1628340120721000,0,0.13215582,31650.4900
1628340120761000,0,0.04529025,31650.4800
1628340122645000,1,0.03809729,31652.3900
1628340134049000,0,0.00683972,31655.1500
1628340154121000,0,0.00685181,31606.2800
1628340182390000,0,0.00411975,31562.3300
1628340182391000,0,0.00273967,31562.3300
1628340182455000,0,0.00685825,31567.7400
1628340182578000,0,0.00685825,31571.9100
1628340200444000,0,0.00684900,31612.3500
1628340200465000,0,0.00000001,31612.3500
1628340201281000,0,0.00204622,31613.9600
1628340201582000,0,0.00260571,31613.9600
1628340202297000,0,0.00219879,31613.9600
1628340204902000,0,0.00684910,31618.8000
1628340204911000,0,0.00000001,31618.8000
1628340213536000,0,0.00684318,31643.8700
1628340213560000,0,0.00000001,31643.8700
1628340213560000,0,0.00684721,31644.8800
1628340216400000,1,0.18000000,31625.6800
1628340216444000,1,0.07000000,31625.6800
1628340218799000,0,0.00684505,31654.4300
1628340218799000,0,0.00684061,31654.6600
1628340218817000,0,0.00000001,31654.6600
1628340228241000,0,0.00683835,31661.1700
1628340229900000,0,0.00000001,31661.1700
1628340229900000,0,0.00683835,31661.1700
1628340229924000,0,0.00000001,31661.1700
1628340232042000,0,0.00683717,31661.8600
1628340232050000,0,0.00000001,31661.8600
1628340232066000,0,0.00684354,31666.3600
1628340233303000,1,0.00091265,31642.4400
1628340233303000,1,0.00636483,31639.5500
1628340244048000,0,0.00683772,31662.5000
1628340244257000,0,0.00246510,31667.7600
1628340244275000,0,0.00437152,31667.7600
1628340276460000,0,0.00094953,31643.4000
1628340276460000,0,0.00041047,31646.7600
1628340283550000,1,0.02618091,31594.0500
1628340291541000,0,0.00400000,31617.7100
1628340291564000,0,0.02283170,31617.7100
1628340297189000,0,0.02680404,31654.3500
1628340297189000,0,0.05006415,31654.3600
1628340297189000,0,0.19993584,31654.3600
1628340336348000,1,0.03358997,31597.1800
1628340336479000,1,0.05287653,31597.1800
1628340354899000,1,0.00269477,31541.0600
1628340355535000,1,0.09575266,31541.0600
1628340355648000,1,0.10079551,31541.0600
1628340356194000,1,0.05075706,31541.0600
1628340360988000,0,0.17831278,31539.8400
1628340360992000,0,0.19968721,31539.8400
1628340360993000,0,0.00000001,31539.8400
1628340367827000,1,0.19939113,31529.5600
1628340367830000,1,0.05060886,31529.5600
1628340387901000,0,0.00940000,31517.4700
1628340388913000,1,0.10027654,31466.5000
1628340388970000,1,0.14972346,31466.5000
1628340393825000,1,0.25000000,31444.9900
1628340393825000,1,0.19000000,31443.4200
1628340394491000,1,0.25000000,31444.9900
1628340394491000,1,0.17000000,31443.4200
1628340395341000,1,0.24000000,31444.9900
1628340395355000,1,0.01000000,31444.9900
1628340403276000,1,0.02000000,31427.3100
1628340403348000,1,0.01000000,31427.3100
1628340404381000,1,0.01451247,31427.3100
1628340404448000,1,0.20548753,31427.3100
1628340438626000,1,0.09417261,31463.6400
1628340438626000,1,0.24582739,31463.6300
1628340442167000,1,0.24000000,31462.3800
1628340447493000,1,0.27000000,31433.0700
1628340450047000,0,0.06804729,31477.2400
1628340617244000,0,0.00688026,31461.7200
1628340617253000,0,0.00000001,31461.7200
1628340618428000,0,0.00513833,31470.0100
1628340625445000,0,0.00453763,31472.9800
1628340633279000,0,0.00453832,31465.0200
1628340640376000,0,0.02090000,31476.0600
1628340647091000,0,0.00453978,31459.6500
1628340647479000,0,0.00152573,31459.6500
1628340669798000,0,0.00454181,31444.0100
1628340671437000,0,0.00088120,31427.8300
1628340675415000,0,0.00688690,31436.3200
1628340684974000,0,0.00931183,31444.0100
1628340752570000,0,0.02000000,31464.9500
1628340752584000,0,0.00701907,31464.9500
1628340752593000,0,0.00049832,31464.9500
1628340752593000,0,0.02751739,31468.4800
1628340752633000,0,0.00549233,31472.7100
1628340752727000,0,0.02752435,31480.3500
1628340753259000,0,0.02000000,31490.8300
1628340779854000,0,0.00091000,31506.2700
1628340855504000,0,0.04625006,31452.5800
1628340859911000,0,0.00616000,31426.1700
1628340867322000,0,0.00454300,31437.3300
1628340875748000,0,0.00135305,31416.6800
1628340905955000,0,0.06000000,31435.6200
1628340928628000,0,0.06892231,31414.9700
1628340928628000,0,0.06892645,31418.3900
1628340961209000,0,0.01364310,31396.4100
1628341040077000,0,0.00934412,31330.8700
1628341040106000,0,0.04210867,31330.8700
1628341040111000,0,0.01763304,31330.8700
1628341040284000,0,0.01955102,31335.9800
1628341040303000,0,0.04952342,31335.9800
1628341042477000,0,0.06910983,31345.9700
1628341042477000,0,0.06909689,31350.7500
1628341061910000,0,0.06000000,31384.8600
1628341113396000,0,0.06894764,31395.9600
1628341151300000,0,0.06000000,31407.4200
1628341151487000,0,0.00891125,31407.4200
1628341188368000,0,0.06890429,31412.3200
1628341188368000,0,0.06889145,31416.4900
1628341188368000,0,0.06889880,31417.9600
1628341198915000,0,0.12000000,31424.3000
1628341199097000,0,0.11000000,31424.3000
1628341199702000,0,0.02000000,31424.3000
1628341199702000,0,0.06000000,31424.4600
1628341199894000,0,0.00888177,31424.4600
1628341200200000,0,0.04000000,31424.4600
1628341200888000,0,0.05000000,31422.8900
1628341201814000,0,0.03000000,31422.8900
1628341202149000,0,0.03000000,31421.3000
1628341203361000,0,0.06000000,31420.0600
1628341206462000,0,0.02000000,31420.3400
1628341207548000,0,0.04000000,31420.3400
1628341207599000,0,0.00888619,31420.3400
1628341208001000,0,0.02000000,31424.4600
1628341208792000,0,0.06000000,31425.2900
1628341210793000,0,0.06000000,31421.7500
1628341212793000,0,0.00888218,31425.2900
1628341214646000,0,0.03000000,31425.2900
1628341214658000,0,0.01000000,31425.2900
1628341216463000,0,0.01000000,31419.1200
1628341216793000,0,0.05000000,31419.1200
1628341229140000,0,0.06897768,31382.7900
1628341229140000,0,0.20069597,31387.5000
1628341229140000,0,0.46407867,31387.5100
1628341229140000,0,0.04624768,31387.5200
1628341235081000,0,0.06000000,31382.7900
1628341235108000,0,0.00897768,31382.7900
1628341235283000,0,0.06896093,31389.0800
1628341235283000,0,0.06896093,31393.0600
1628341237221000,0,0.06896093,31389.0800
1628341237221000,0,0.06103907,31393.0600
1628341237302000,0,0.00792186,31393.0600
1628341237315000,0,0.06893629,31398.9800
1628341242511000,0,0.06000000,31384.0000
1628341242651000,0,0.00896800,31384.0000
1628341243143000,0,0.06000000,31388.6900
1628341243186000,0,0.00895775,31388.6900
1628341244978000,0,0.06000000,31382.7200
1628341245051000,0,0.00895755,31382.7200
1628341246440000,0,0.06000000,31378.9500
1628341246455000,0,0.00896415,31378.9500
1628341262509000,1,0.02723338,31307.3400
1628341263120000,1,0.03672859,31303.1600
1628341263150000,1,0.00000001,31303.1600
1628341268898000,1,0.24500000,31286.7500
1628341293703000,1,0.20000000,31253.2300
1628341324961000,0,0.01578000,31271.7800
1628341326249000,1,0.06000000,31239.1400
1628341343509000,1,0.06936121,31179.9600
1628341349891000,1,0.06938199,31139.4200
1628341349891000,1,0.00000001,31139.4200
1628341350062000,1,0.01590949,31132.4100
1628341350114000,1,0.05348834,31132.4100
1628341350114000,1,0.01489256,31120.9100
1628341350126000,1,0.22487936,31120.9100
1628341350126000,1,0.04512064,31120.9000
1628341350158000,1,0.02428778,31120.9000
1628341350158000,1,0.06941277,31118.9000
1628341363086000,0,0.02720694,31208.4200
1628341369968000,0,0.06000000,31205.3600
1628341370013000,0,0.00937061,31205.3600
1628341372353000,0,0.23977192,31215.0900
1628341372353000,0,0.25000000,31215.1000
1628341372353000,0,0.05819390,31215.1700
1628341402553000,0,0.00215000,31159.9800
1628341409231000,0,0.06953416,31131.8100
1628341409572000,0,0.06000000,31140.4200
1628341409804000,0,0.00952113,31140.4200
1628341409804000,0,0.06047887,31142.3300
1628341447741000,0,0.06751902,31198.4500
1628341447755000,0,0.00187077,31198.4500
1628341468948000,0,0.00184000,31228.7500
1628341486638000,1,0.00093421,31229.8800
1628341486638000,1,0.01171169,31224.3300
1628341486726000,1,0.01196786,31224.3300
1628341496417000,0,0.06790202,31234.5200
1628341503658000,0,0.09338126,31255.4100
1628341507021000,1,0.07644466,31238.3700
1628341532352000,0,0.06000000,31245.6300
1628341532561000,0,0.06930527,31255.1900
1628341532561000,0,0.06929682,31259.2900
1628341547643000,0,0.06000000,31250.0900
1628341600264000,0,0.23064384,31318.6000
1628341640841000,0,0.00299000,31290.0300
1628341658189000,0,0.01000000,31250.1000
1628341658236000,0,0.03000000,31250.1000
1628341658424000,0,0.01000000,31250.1000
1628341669752000,0,0.01546000,31311.6100
1628341783756000,0,0.06000000,31270.9900
1628341805309000,0,0.01793177,31248.8500
1628341805587000,0,0.05131615,31248.8500
1628341806075000,0,0.00123000,31252.1600
1628341847760000,1,0.00780130,31221.6700
1628341853486000,0,0.06000000,31244.0500
1628341853509000,0,0.00926559,31244.0500
1628341870555000,0,0.06928672,31234.6100
1628341870555000,0,0.06071328,31239.5100
1628341870596000,0,0.00856344,31239.5100
1628341901593000,0,0.06000000,31245.2900
1628341901671000,0,0.06926882,31248.5000
1628341906492000,0,0.06000000,31248.8100
1628341910800000,0,0.00439000,31262.6900
1628341942942000,0,0.06000000,31285.4900
1628341942990000,0,0.00917869,31285.4900
1628341961403000,0,0.06000000,31305.3600
1628341961416000,0,0.00918850,31305.3600
1628341967402000,0,0.25000000,31305.7200
1628341967576000,0,0.06912138,31307.2800
1628341997397000,0,0.06000000,31309.9700
1628342026011000,1,0.02000000,31275.8100
1628342026015000,1,0.00600000,31275.8100
1628342036846000,1,0.02599999,31247.7800
1628342036846000,1,0.00000001,31247.7800
1628342036846000,1,0.05448462,31236.5900
1628342058295000,0,0.06000000,31230.2500
1628342061077000,0,0.06000000,31240.0100
1628342061122000,0,0.00929209,31240.0100
1628342098094000,1,0.01749429,31208.8400
1628342108305000,0,0.00251516,31210.8000
1628342184146000,0,0.06911460,31318.4500
1628342184146000,0,0.06911420,31319.2700
1628342240496000,0,0.06000000,31329.4200
1628342331356000,0,0.06916922,31287.8200
1628342331356000,0,0.05083078,31291.8400
1628342331361000,0,0.01833374,31291.8400
1628342401801000,0,0.06000000,31306.0000
1628342489264000,0,0.00727125,31327.7800
1628342556352000,0,0.00330000,31308.6400
1628342589499000,0,0.00664790,31311.7000
1628342689733000,1,0.00477846,31357.1600
1628342700027000,0,0.00444505,31375.6800
1628342767690000,0,0.01313402,31439.7200
1628342780384000,0,0.00549000,31445.7300
1628342810243000,1,0.00096967,31472.0700
1628342810243000,1,0.00003033,31465.6500
1628342811569000,1,0.00090183,31469.9700
1628342811569000,1,0.00009817,31465.6500
1628342814432000,0,0.06877145,31476.7400
1628342814432000,0,0.06876690,31481.1900
1628342814433000,0,0.00000001,31481.1900
1628342814492000,0,0.06875582,31486.1300
1628342817015000,1,0.00095845,31500.3900
1628342817015000,1,0.00092315,31489.3700
1628342817015000,1,0.01841840,31486.2300
1628342826209000,0,0.01485373,31500.4700
1628342826209000,0,0.19976925,31500.4700
1628342826499000,0,0.02030000,31502.0400
1628342828782000,1,0.00094286,31520.2700
1628342828782000,1,0.00092927,31512.8000
1628342828782000,1,0.01842787,31506.3500
1628342876196000,1,0.01010000,31514.6300
1628342879107000,1,0.06865930,31507.0700
1628342880425000,1,0.06867863,31500.6800
1628342880447000,1,0.00000001,31500.6800
1628342882442000,1,0.06842546,31488.7600
1628342885458000,1,0.06868220,31495.5800
1628342885504000,1,0.00000001,31495.5800
1628342900354000,1,0.01420000,31526.3700
1628342901365000,1,0.06862485,31524.8000
1628342901451000,1,0.06863634,31519.7900
1628342909229000,1,0.01646040,31465.2400
1628342909240000,1,0.00416266,31465.2400
1628342932165000,1,0.06875247,31463.4600
1628342933072000,1,0.06875247,31463.4600
1628342939755000,0,0.00122000,31494.3300
1628342944093000,1,0.01819785,31450.8900
1628342944167000,1,0.05055304,31450.8900
1628342944450000,1,0.06876213,31445.7500
1628342944665000,1,0.03142530,31445.6300
1628342945213000,1,0.03576627,31445.6300
1628342947916000,1,0.06878831,31450.2300
1628342998492000,1,0.00000001,31450.2300
1628343009315000,0,0.00762000,31487.0400
1628343020779000,1,0.01402168,31476.2900
1628343024145000,0,0.00110000,31501.3900
1628343032625000,0,0.00195000,31520.4100
1628343043862000,1,0.01010000,31527.8900
1628343051130000,1,0.03866047,31500.5100
1628343160687000,0,0.00100000,31485.2100
1628343160687000,0,0.00100000,31485.2100
1628343195426000,1,0.05656523,31469.4600
1628343199786000,0,0.00092952,31475.4800
1628343199786000,0,0.00701048,31484.7900
1628343275649000,0,0.03140000,31451.7600
1628343311354000,1,0.00118444,31321.0500
1628343377886000,0,0.05880815,31350.8400
1628343378268000,0,0.07756452,31350.8400
1628343378620000,0,0.07844094,31350.8400
1628343378733000,0,0.16493445,31350.8400
1628343378774000,0,0.00402037,31350.8400
1628343484658000,0,0.00093646,31393.8000
1628343546370000,1,0.03038705,31421.7100
1628343570733000,0,0.00122000,31438.0100
1628343781675000,0,0.00096410,31360.6100
1628343790131000,0,0.00094554,31339.6500
1628343790131000,0,0.01128446,31344.8900
1628343811614000,0,0.00798000,31329.8800
1628343845667000,0,0.02500000,31356.2900
1628344003687000,0,0.00151324,31290.5200
1628344089667000,0,0.03067000,31284.2200
1628344197468000,0,0.01199000,31288.6900
1628344408149000,0,0.00800000,31242.2700
1628344428889000,0,0.00094797,31270.1200
1628344430016000,0,0.02499999,31275.9400
1628344533442000,0,0.06920392,31277.0700
1628344694065000,0,0.00332000,31262.4500
1628344760264000,1,0.03619153,31195.0000
1628344760571000,1,0.04350775,31195.0000
1628344760755000,1,0.14106798,31195.0000
1628344760801000,1,0.05822392,31195.0000
1628344822642000,0,0.02691628,31230.6900
1628344823413000,0,0.04239408,31230.6900
1628344938160000,0,0.00092000,31252.5100
1628344967434000,0,0.06927454,31243.3400
1628344992925000,0,0.06916708,31295.8300
1628344992938000,0,0.00000001,31295.8300
1628345095167000,1,0.00133271,31290.4400
1628345135562000,0,0.00302789,31312.3800
1628345210932000,0,0.06920286,31279.1800
1628345210940000,0,0.00000001,31279.1800
1628345239028000,1,0.00200000,31285.5000
1628345437401000,0,0.00153000,31307.5300
1628345556844000,0,0.00171666,31324.0000
1628345567132000,1,0.00161136,31301.0800
1628345650165000,0,0.00368000,31282.2600
1628345703026000,0,0.00090684,31293.0200
1628345703026000,0,0.00547316,31293.7600
1628345911683000,0,0.00764000,31373.1200
1628345958123000,0,0.00151124,31368.3200
1628346107204000,0,0.00918000,31342.1900
1628346279140000,1,0.00094111,31404.3400
1628346299148000,0,0.00373550,31407.5900
1628346348573000,0,0.06895693,31380.7400
1628346348574000,0,0.00000001,31380.7400
1628346422898000,0,0.00092000,31350.5000
1628346437756000,1,0.06908781,31340.1400
1628346489007000,0,0.02631000,31348.7900
1628346489679000,0,0.00529746,31350.3500
1628346586601000,0,0.03525674,31361.9700
1628346762466000,0,0.06912769,31299.4300
1628346762467000,0,0.00000001,31299.4300
1628346810982000,0,0.06912150,31304.3100
1628346810989000,0,0.00000001,31304.3100
1628346930799000,0,0.00150987,31374.3100
1628346959323000,0,0.05122193,31383.8200
1628346959325000,0,0.01772056,31383.8200
1628346961013000,1,0.00150987,31361.8200
1628347098825000,0,0.05240648,31451.3100
1628347098833000,0,0.01639987,31451.3100
1628347187030000,0,0.03017862,31465.4200
1628347187036000,0,0.03858099,31465.4200
1628347249531000,0,0.12155000,31439.8300
1628347292134000,1,0.03500000,31399.8300
1628347294624000,0,0.00223000,31424.4500
1628347304215000,1,0.06885510,31404.5800
1628347304215000,1,0.00000001,31404.5800
1628347304257000,1,0.06886107,31401.2700
1628347392690000,1,0.02704068,31423.4300
1628347446969000,1,0.02499999,31399.4300
1628347469196000,1,0.00400000,31393.7600
1628347482928000,1,0.01407807,31365.9500
1628347571042000,0,0.01681000,31383.1300
1628347635272000,1,0.19336444,31361.2800
1628347643447000,0,0.02724405,31377.0800
1628347657975000,0,0.00122000,31393.9000
1628347688326000,1,0.06884956,31405.1000
1628347709986000,1,0.14314396,31350.8500
1628347853990000,1,0.01515506,31331.1300
1628347903242000,0,0.00333000,31366.6200
1628347928824000,0,0.00244000,31406.6700
1628347934239000,0,0.00153000,31433.9100
1628348130218000,0,0.00706000,31390.1100
1628348169350000,0,0.00459000,31373.8900
1628348172324000,0,0.01365541,31375.8600
1628348466072000,0,0.00455294,31366.8500
1628348473558000,0,0.00455421,31354.0500
1628348500308000,0,0.00455660,31341.9700
1628348504441000,0,0.00455728,31330.8800
1628348518265000,0,0.00455921,31325.5700
1628348549637000,0,0.00456060,31314.3300
1628348567144000,0,0.00456233,31300.4400
1628348606681000,0,0.00456366,31293.4400
1628348610108000,0,0.00456463,31284.5900
1628348616525000,0,0.00456627,31275.8600
1628348625242000,0,0.00456846,31262.1600
1628348707577000,0,0.01993000,31280.7700
1628348815879000,0,0.00478678,31315.8100
1628348887781000,0,0.00226000,31343.0600
1628348965174000,0,0.00400000,31360.4200
1628348976331000,0,0.00214000,31375.7800
1628349026207000,1,0.02221400,31383.3500
1628349082089000,0,0.00214000,31410.0800
1628349095422000,1,0.06884848,31408.1800
1628349112545000,1,0.06324857,31426.2100
1628349113535000,1,0.00476820,31417.9200
1628349113650000,1,0.01028474,31417.9200
1628349113841000,1,0.05376265,31417.9200
1628349162623000,0,0.03188870,31465.5300
1628349162638000,0,0.12843190,31465.5300
1628349162786000,0,0.11028999,31465.5300
1628349162912000,0,0.02719393,31465.5300
1628349162916000,0,0.17019548,31465.5300
1628349214739000,0,0.00609000,31488.4100
1628349274502000,0,0.00305000,31455.4500
1628349300817000,1,0.06878671,31427.5000
1628349319324000,1,0.00000001,31408.1800
1628349336536000,1,0.01206982,31394.6600
1628349369982000,0,0.00092000,31398.8800
1628349402253000,1,0.06887945,31391.2200
1628349402255000,1,0.00000001,31391.2200
1628349426863000,0,0.00124375,31432.8600
1628349454432000,1,0.15304508,31389.2300
1628349548073000,1,0.06877425,31435.8500
1628349548074000,1,0.06878268,31431.5700
1628349549439000,0,0.00890000,31431.6800
1628349657195000,1,0.07113123,31414.0800
1628349792381000,0,0.00091000,31447.4100
1628349868879000,1,0.00329048,31412.6700
1628349889105000,0,0.01046848,31417.9300
1628349932350000,1,0.06889857,31381.1900
1628349932350000,1,0.01416910,31376.9100
1628350049395000,0,0.00211132,31446.9400
1628350559885000,0,0.00346000,31374.2800
1628350573902000,1,0.25000000,31367.2700
1628350573902000,1,0.06892381,31365.7100
1628350573902000,1,0.25000000,31362.3300
1628350573902000,1,0.06893149,31362.1900
1628350573902000,1,0.02500000,31359.2900
1628350573902000,1,0.06893577,31358.5800
1628350573902000,1,0.06894465,31354.4900
1628350573902000,1,0.00096726,31354.4700
1628350573902000,1,0.00090432,31345.7300
1628350573902000,1,0.00701495,31340.4100
1628350573902000,1,0.07800000,31340.4000
1628350573902000,1,0.00090902,31339.4300
1628350573902000,1,0.01753738,31331.1200
1628350573902000,1,0.01754051,31331.1100
1628350573902000,1,0.00094179,31331.1000
1628350573902000,1,0.07544905,31318.6900
1628350634524000,0,0.00302000,31378.7300
1628350906583000,0,0.00092735,31393.1700
1628350906583000,0,0.00524265,31398.8300
1628350916913000,0,0.00088326,31384.5900
1628350916936000,0,0.00001803,31384.5900
1628350919889000,0,0.00090010,31385.6200
1628350920292000,0,0.25000000,31391.7000
1628350920387000,0,0.06890471,31395.5600
1628350981663000,0,0.00458000,31390.6100
1628351108488000,0,0.00703000,31372.9600
1628351120912000,0,0.00186000,31373.0700
1628351172496000,1,0.00400000,31333.0400
1628351172898000,1,0.02000000,31333.0400
1628351172926000,1,0.11855621,31333.0400
1628351203018000,1,0.01423124,31295.4800
1628351230263000,0,0.00459000,31332.9500
1628351243378000,0,0.00342970,31316.9100
1628351259272000,0,0.06914020,31287.3300
1628351325480000,0,0.06914167,31284.2900
1628351397344000,0,0.06913487,31290.9000
1628351538402000,0,0.06901330,31346.1300
1628351646165000,0,0.00456883,31258.0700
1628351686100000,0,0.00457040,31240.6600
1628351688120000,0,0.00088675,31243.7900
1628351845379000,0,0.00096286,31273.2700
1628351845379000,0,0.00590553,31273.8100
1628351890291000,0,0.00092000,31280.2100
1628351945940000,0,0.06000000,31275.7900
1628351966192000,0,0.06915892,31299.8400
1628351966192000,0,0.06914918,31303.5400
1628351966192000,0,0.06914109,31304.9800
1628352001910000,0,0.06912416,31293.0700
1628352001968000,0,0.25000000,31291.5100
1628352001968000,0,0.06912005,31296.5800
1628352002340000,0,0.06000000,31291.5100
1628352054075000,0,0.03000000,31288.5000
1628352064747000,0,0.06914041,31284.7300
1628352098823000,0,0.00153000,31271.9500
1628352099365000,0,0.06915405,31279.7700
1628352104841000,1,0.01000000,31248.0800
1628352118655000,0,0.00457199,31218.4400
1628352158872000,1,0.05000000,31238.1000
1628352158876000,1,0.00397989,31238.1000
1628352190022000,1,0.45735550,31184.2500
1628352206700000,0,0.00405413,31188.6400
1628352210931000,0,0.00405532,31188.6400
1628352222095000,0,0.00094104,31172.5800
1628352222095000,0,0.00311587,31176.4300
1628352228146000,0,0.00405798,31163.9900
1628352234067000,0,0.00405985,31153.8000
1628352262784000,0,0.02871647,31184.8900
1628352273873000,0,0.01626168,31095.9100
1628352275793000,1,0.03221617,31000.0000
1628352275793000,1,0.00171812,30975.0900
1628352276758000,1,0.03000000,30972.5200
1628352277730000,1,0.00392887,30972.5200
1628352278114000,1,0.06000000,30964.1200
1628352278393000,1,0.00133520,30964.1200
1628352281619000,0,0.06537074,30929.9500
1628352283049000,0,0.00123097,30928.4000
1628352330125000,1,0.25000000,30894.2100
1628352337701000,1,0.01000000,30843.9200
1628352337825000,1,0.00402030,30843.9200
1628352358665000,0,0.00171000,30940.2200
1628352417454000,0,0.00155400,30836.8400
1628352418951000,0,0.00381751,30836.8400
1628352459898000,0,0.01146267,30809.5600
1628352464426000,0,0.00218000,30841.6200
1628352468933000,1,0.00094525,30825.5700
1628352468933000,1,0.00093199,30817.9200
1628352468933000,1,0.25000000,30817.5000
1628352468933000,1,0.00093268,30810.8500
1628352468933000,1,0.07013175,30808.6700
1628352468933000,1,0.00097015,30807.4700
1628352468933000,1,0.17752561,30801.9900
1628352471859000,1,0.04172599,30835.9200
1628352471859000,1,0.05827401,30835.9100
1628352502443000,0,0.00096250,30876.7900
1628352512564000,0,0.00092625,30949.7500
1628352512564000,0,0.03442983,30957.5300
1628352609511000,0,0.00232000,30980.3200
1628352626908000,1,0.03567358,30976.4400
1628352626908000,1,0.12248826,30976.4300
1628352644891000,1,0.06962365,31028.4000
1628352666522000,0,0.00306061,31067.2000
1628352675827000,0,0.25000000,31115.5000
1628352676481000,1,0.00091339,31083.9800
1628352676481000,1,0.00028661,31081.1600
1628352713042000,0,0.00095414,31093.8500
1628352713042000,0,0.00096002,31100.3400
1628352724354000,0,0.25000000,31122.9400
1628352728015000,0,0.25000000,31134.9400
1628352768555000,0,0.09000000,31048.0900
1628352788090000,0,0.25000000,31047.2900
1628352788090000,0,0.06966641,31048.8600
1628352813549000,1,0.05000000,31029.8500
1628352826301000,0,0.00095000,31038.7400
1628352827188000,0,0.01553444,31029.1400
1628352864409000,1,0.02500000,30977.4400
1628352864409000,1,0.00948648,30975.2600
1628352864413000,1,0.06029036,30975.2600
1628352864413000,1,0.06978369,30971.3700
1628352864413000,1,0.06978477,30968.2600
1628352881769000,0,0.06978176,30993.4300
1628352881961000,0,0.00400000,30997.8400
1628352930364000,0,0.06000000,31045.1300
1628352930390000,0,0.00964478,31045.1300
1628352946632000,0,0.00309000,31066.6300
1628353032590000,0,0.06982348,30973.3700
1628353032590000,0,0.06981281,30978.1100
1628353083702000,0,0.06000000,30944.3400
1628353083804000,0,0.00989639,30944.3400
1628353083804000,0,0.06989702,30946.8100
1628353092176000,0,0.06992056,30965.7200
1628353092178000,0,0.00000001,30965.7200
1628353092282000,0,0.06990807,30971.3100
1628353126569000,0,0.02389000,30901.7400
1628353126884000,1,0.00200000,30890.9400
1628353130231000,0,0.06995110,30910.2200
1628353130323000,0,0.00000001,30910.2200
1628353138062000,0,0.06000000,30904.6600
1628353165158000,1,0.00100000,30906.4900
1628353172608000,0,0.06997737,30905.8700
1628353172608000,0,0.06996150,30912.1100
1628353195125000,1,0.06992473,30903.6700
1628353195491000,1,0.00662695,30878.3900
1628353195509000,1,0.01656814,30866.4600
1628353195509000,1,0.04307716,30866.4600
1628353195509000,1,0.04306601,30866.4500
1628353195509000,1,0.00202472,30806.3600
1628353195509000,1,0.84700000,30806.3500
1628353195878000,1,0.06994758,30834.9400
1628353195878000,1,0.06997344,30816.5700
1628353196975000,1,0.00100000,30795.2200
1628353197105000,1,0.01987972,30795.2200
1628353202755000,0,0.00382279,30791.1200
1628353214188000,0,0.07000000,30773.2100
1628353214307000,0,0.00031269,30773.2100
1628353219237000,0,0.00090056,30741.5100
1628353219237000,0,0.00000028,30753.6000
1628353229785000,1,0.03000000,30708.0000
1628353229797000,1,0.03000000,30708.0000
1628353229819000,1,0.03000000,30708.0000
1628353230100000,1,0.01000000,30708.0000
1628353232915000,0,0.01895270,30672.1400
1628353262730000,0,0.00634000,30729.7900
1628353285560000,0,0.07000000,30753.9400
1628353287021000,0,0.07000000,30773.6600
1628353293636000,0,0.00400000,30745.7300
1628353293845000,0,0.07000000,30751.3700
1628353293918000,0,0.00031233,30751.3700
1628353301100000,0,0.07032370,30741.7300
1628353301132000,0,0.07031238,30746.7200
1628353301132000,0,0.07031233,30751.3700
1628353301298000,1,0.07031233,30752.9000
1628353361034000,0,0.07000000,30800.8000
1628353419420000,1,0.00087389,30781.6000
1628353539789000,1,0.00097393,30845.9100
1628353539789000,1,0.01915975,30844.4200
1628353545665000,0,0.02000000,30874.4200
1628353557027000,0,0.00153103,30868.0600
1628353562695000,0,0.00840279,30868.1500
1628353562779000,0,0.00000001,30868.1500
1628353562831000,0,0.00662665,30880.4600
1628353562831000,0,0.07008141,30880.4700
1628353572167000,1,0.02942050,30873.8100
1628353576097000,0,0.00226000,30860.6100
1628353581756000,0,0.00520000,30901.2300
1628353630186000,1,0.01002077,30851.0800
1628353650222000,0,0.07008204,30856.6900
1628353650222000,0,0.07006811,30862.6600
1628353666337000,0,0.03000000,30864.1000
1628353681057000,0,0.07000000,30875.0600
1628353681195000,0,0.07003288,30878.9900
1628353682073000,0,0.03106000,30897.0400
1628353688009000,1,0.02500000,30856.2800
1628353717459000,1,0.01000000,30842.4600
1628353717496000,1,0.01500000,30842.4600
1628353720010000,0,0.07000000,30841.6500
1628353720141000,0,0.00010600,30841.6500
1628353721887000,0,0.07009533,30849.5000
1628353721887000,0,0.07008655,30853.3900
1628353733221000,0,0.07009352,30849.0200
1628353740932000,0,0.03064577,30832.7400
1628353752852000,0,0.07000000,30840.4400
1628353799573000,1,0.00400000,30815.0300
1628353804294000,0,0.07015097,30824.3300
1628353804294000,0,0.07013967,30828.8400
1628353809330000,0,0.07012914,30833.4000
1628353809330000,0,0.06987086,30834.3200
1628353840010000,0,0.06000000,30906.9600
1628353840029000,0,0.00996196,30906.9600
1628353845094000,0,0.06000000,30911.1400
1628353845110000,0,0.00996535,30911.1400
1628353845144000,0,0.06995231,30916.8400
1628353856238000,0,0.06000000,30896.1200
1628353868669000,0,0.06000000,30915.8500
1628353868717000,0,0.00999764,30915.8500
1628353884710000,0,0.06994017,30925.9700
1628353965884000,0,0.00376000,30945.4900
1628353982420000,0,0.02000000,30948.8000
1628353982443000,0,0.04988383,30948.8000
1628354073272000,0,0.02341275,30925.2200
1628354076316000,0,0.01293000,30923.4700
1628354103515000,1,0.00093375,30934.0500
1628354103515000,1,0.00050677,30933.7800
1628354117256000,0,0.00775000,30958.0300
1628354143746000,1,0.00766320,30964.4000
1628354155417000,1,0.00091073,30977.0200
1628354234151000,0,0.08980273,31029.6800
1628354234459000,0,0.20848814,31043.2800
1628354234459000,0,0.32151186,31043.3100
1628354255881000,0,0.00400000,31054.8000
1628354288689000,0,0.01697000,31110.0900
1628354291617000,1,0.00096019,31157.4000
1628354291617000,1,0.01503787,31141.8300
1628354291824000,0,0.00092393,31200.5200
1628354294378000,0,0.09000000,31266.2100
1628354294803000,0,0.04055795,31266.2100
1628354298381000,1,0.00094868,31296.7300
1628354298381000,1,0.00091541,31289.8200
1628354298381000,1,0.00091263,31283.2800
1628354298381000,1,0.01618848,31282.9100
1628354298381000,1,0.00647618,31282.9100
1628354298381000,1,0.00090910,31276.1400
1628354298381000,1,0.00356893,31267.2600
1628354305464000,1,0.04711805,31322.4600
1628354306891000,1,0.13000000,31322.4600
1628354309387000,1,0.00092211,31273.0800
1628354309387000,1,0.00093815,31260.6500
1628354309387000,1,0.06116107,31258.0000
1628354311030000,0,0.25000000,31338.5600
1628354319172000,1,0.00089697,31331.4500
1628354335862000,1,0.00784423,31342.2900
1628354336654000,0,0.06000000,31397.6700
1628354336716000,0,0.06000000,31397.6700
1628354342723000,1,0.00254666,31384.0200
1628354371454000,0,0.25000000,31346.3200
1628354374849000,0,0.25000000,31337.9900
1628354385241000,0,0.06902857,31335.8600
1628354390540000,0,0.06000000,31368.3900
1628354398707000,0,0.04000000,31394.3500
1628354398742000,0,0.06000000,31394.3500
1628354458784000,0,0.00306000,31306.0000
1628354470215000,0,0.06000000,31299.9800
1628354470340000,0,0.06000000,31299.9800
1628354471511000,0,0.03000000,31316.1600
1628354472216000,0,0.05000000,31316.1600
1628354521857000,0,0.06000000,31312.1400
1628354536968000,0,0.06908413,31301.7100
1628354544592000,1,0.00129902,31256.4700
1628354681767000,0,0.06904973,31321.6000
1628354688270000,0,0.06902706,31327.2000
1628354689193000,0,0.06000000,31327.2000
1628354690472000,0,0.06000000,31338.1000
1628354690509000,0,0.00905075,31338.1000
1628354694961000,1,0.04124618,31303.2400
1628354702907000,1,0.00400000,31290.4000
1628354709052000,1,0.02327850,31281.6900
1628354717635000,0,0.06905789,31331.7600
1628354719528000,0,0.06903768,31344.2500
1628354725210000,1,0.01373744,31340.3100
1628354731803000,1,0.19971414,31347.0200
1628354731804000,1,0.05028586,31347.0200
1628354731804000,1,0.06726698,31343.8900
1628354731869000,1,0.00164442,31343.8900
1628354737189000,0,0.13000000,31379.1800
1628354745670000,0,0.25000000,31394.4300
1628354746671000,0,0.06890377,31402.4500
1628354761641000,0,0.25000000,31424.1500
1628354769456000,0,0.06882298,31405.1400
1628354769860000,0,0.06880412,31413.7100
1628354772375000,0,0.06000000,31419.1000
1628354772391000,0,0.00880645,31419.1000
1628354772702000,0,0.06000000,31426.4200
1628354774111000,0,0.00155400,31435.0100
1628354787206000,0,0.06000000,31474.9900
1628354787248000,0,0.00870409,31474.9900
1628354787761000,0,0.06872675,31488.1700
1628354787761000,0,0.00127325,31494.1600
1628354792101000,0,0.25000000,31547.6600
1628354803344000,0,0.06864840,31502.5800
1628354829224000,0,0.05000000,31465.0900
1628354829637000,0,0.01000000,31464.9600
1628354834205000,0,0.06870665,31460.4000
1628354835042000,0,0.01000000,31464.9600
1628354835572000,0,0.06868707,31474.8700
1628354839256000,0,0.05000000,31466.0300
1628354839994000,0,0.21000000,31469.0300
1628354847750000,0,0.06868698,31472.2500
1628354847750000,0,0.06868361,31476.8300
1628354855775000,0,0.14000000,31476.6300
1628354856461000,0,0.03000000,31476.6300
1628354865666000,0,0.00301550,31454.8900
1628354875819000,1,0.11000000,31419.0700
1628354879662000,0,0.25000000,31412.0100
1628354879662000,0,0.06000000,31413.5700
1628354885480000,0,0.06883706,31403.1200
1628354895718000,1,0.48900000,31433.6100
1628354912778000,0,0.06000000,31466.7300
1628354912803000,0,0.00869994,31466.7300
1628354916648000,0,0.06000000,31470.0300
1628354916721000,0,0.06867497,31474.7900
1628354916721000,0,0.00095512,31476.9700
1628354922608000,0,0.06000000,31484.0700
1628354928086000,0,0.06869333,31467.2900
1628354928239000,0,0.19000000,31470.6000
1628354928464000,0,0.06000000,31472.1700
1628354928922000,0,0.06867247,31478.2400
1628354928922000,0,0.00094154,31479.0100
1628354928922000,0,0.01268599,31483.8400
1628354937897000,0,0.06874548,31453.2600
1628354954319000,0,0.06000000,31466.4500
1628354954507000,0,0.00870355,31466.4500
1628354955326000,0,0.06000000,31472.9300
1628354955390000,0,0.00868937,31472.9300
1628354967205000,0,0.06000000,31468.7700
1628354983502000,0,0.06870902,31485.4100
1628354995938000,0,0.01161028,31458.6400
1628354998719000,0,0.00152000,31457.4200
1628355006197000,1,0.00646639,31432.6600
1628355008576000,0,0.00091000,31466.1000
1628355013415000,0,0.06868826,31470.5300
1628355016997000,0,0.06000000,31461.0100
1628355017047000,0,0.06870399,31465.1400
1628355032915000,0,0.06871966,31459.6500
1628355047704000,0,0.06871261,31463.7600
1628355047704000,0,0.06128739,31463.7700
1628355047749000,0,0.00743764,31463.7700
1628355047867000,0,0.01000000,31463.7600
1628355084326000,1,0.02264832,31414.4000
1628355084375000,1,0.00235168,31414.4000
1628355098748000,0,0.06000000,31426.5600
1628355100602000,0,0.06881607,31444.8600
1628355100602000,0,0.06118393,31446.6200
1628355100667000,0,0.00761618,31446.6200
1628355134530000,0,0.06000000,31453.1100
1628355156690000,1,0.00406449,31403.1800
1628355156730000,1,0.02093551,31403.1800
1628355163452000,0,0.06882255,31408.0900
1628355175021000,0,0.06000000,31416.1400
1628355175060000,0,0.00878223,31416.1400
1628355176220000,0,0.06879892,31408.5300
1628355176220000,0,0.06120108,31416.1400
1628355176248000,0,0.00758115,31416.1400
1628355177591000,0,0.06880286,31408.3900
1628355177591000,0,0.06119714,31408.5300
1628355177626000,0,0.00760178,31408.5300
1628355178985000,0,0.06880286,31408.3900
1628355178985000,0,0.06119714,31408.5300
1628355179190000,0,0.00760178,31408.5300
1628355180320000,0,0.06880286,31408.3900
1628355180320000,0,0.06119714,31408.5300
1628355182124000,0,0.06879876,31404.6600
1628355182124000,0,0.06880286,31408.3900
1628355182124000,0,0.00239838,31408.5300
1628355182347000,0,0.00520340,31408.5300
1628355184597000,0,0.06884125,31390.5400
1628355184597000,0,0.06115875,31391.3200
1628355185595000,1,0.02500000,31379.8300
1628355185800000,0,0.06000000,31386.1800
1628355185822000,0,0.00884380,31386.1800
1628355187558000,0,0.06884380,31386.1800
1628355187558000,0,0.00115620,31390.5400
1628355187583000,0,0.05000000,31390.5400
1628355187595000,0,0.01768505,31390.5400
1628355187680000,0,0.00768249,31391.3200
1628355187693000,0,0.00000001,31391.3200
1628355188849000,0,0.06000000,31401.2500
1628355188850000,0,0.00880603,31401.2500
1628355189181000,0,0.00427538,31401.2600
1628355189924000,0,0.06000000,31401.2600
1628355190392000,0,0.06880603,31401.2500
1628355190392000,0,0.00119397,31401.2600
1628355190674000,0,0.00335281,31401.2600
1628355191060000,0,0.06000000,31412.8700
1628355196170000,0,0.06880648,31401.6300
1628355196170000,0,0.06119352,31405.0600
1628355196203000,0,0.00761296,31405.0600
1628355197049000,0,0.00884640,31412.8700
1628355197049000,0,0.06115360,31418.0600
1628355197049000,0,0.00768163,31418.0600
1628355197657000,0,0.02000000,31421.9400
1628355198407000,0,0.01000000,31421.9400
1628355199654000,0,0.06000000,31418.0600
1628355201219000,0,0.00883522,31418.0600
1628355201273000,0,0.00000001,31418.0600
1628355202303000,0,0.02000000,31418.0600
1628355202305000,0,0.04883523,31418.0600
1628355204181000,0,0.06878079,31413.1300
1628355204181000,0,0.06121921,31418.0600
1628355204233000,0,0.00761602,31418.0600
1628355206195000,0,0.06878079,31413.1300
1628355206195000,0,0.06121921,31418.0600
1628355206211000,0,0.00761602,31418.0600
1628355206779000,0,0.03638364,31421.9400
1628355206841000,0,0.00244104,31421.9400
1628355206878000,0,0.00000001,31421.9400
1628355208949000,0,0.06882468,31421.9400
1628355208982000,0,0.00000001,31421.9400
1628355210407000,0,0.06879458,31431.1600
1628355210407000,0,0.06878607,31436.1500
1628355210407000,0,0.06241935,31440.3700
1628355210515000,0,0.00634314,31440.3700
1628355210842000,0,0.06879458,31431.1600
1628355210842000,0,0.06120542,31436.1500
1628355213242000,0,0.06874298,31426.4900
1628355213242000,0,0.06125702,31431.1600
1628355215072000,0,0.00753755,31431.1600
1628355215110000,0,0.00000001,31431.1600
1628355216316000,0,0.06000000,31431.1600
1628355216406000,0,0.00879458,31431.1600
1628355218412000,0,0.00711384,31426.8800
1628355218513000,0,0.05000000,31426.8800
1628355218759000,0,0.01162742,31426.8800
1628355219817000,0,0.01000000,31420.2500
1628355219904000,0,0.00348162,31420.2500
1628355219998000,0,0.05527860,31420.2500
1628355219998000,0,0.06472140,31420.4100
1628355221206000,0,0.06876022,31420.2500
1628355221206000,0,0.00123978,31420.4100
1628355222872000,0,0.04000000,31416.6200
1628355223151000,0,0.02000000,31416.6200
1628355223666000,0,0.00876196,31416.6200
1628355223666000,0,0.06876022,31420.2500
1628355223666000,0,0.00247782,31420.4100
1628355224442000,0,0.06000000,31416.6200
1628355225454000,0,0.00876196,31416.6200
1628355226872000,0,0.06000000,31420.2500
1628355227785000,0,0.00876022,31420.2500
1628355227785000,0,0.00032122,31420.4100
1628355229200000,0,0.06876022,31420.2500
1628355229200000,0,0.06123978,31420.4100
1628355229926000,0,0.00752043,31420.4100
1628355229954000,0,0.00000001,31420.4100
1628355229963000,0,0.06874126,31426.8800
1628355230320000,0,0.00184068,31431.1600
1628355230322000,0,0.06695390,31431.1600
1628355241119000,0,0.06000000,31430.4100
1628355241143000,0,0.00874127,31430.4100
1628355241352000,0,0.06873365,31435.5000
1628355241352000,0,0.06873770,31435.6300
1628355242280000,0,0.02293397,31443.3900
1628355242285000,0,0.04582103,31443.3900
1628355242389000,0,0.04122023,31446.3700
1628355242393000,0,0.01366100,31446.3700
1628355243635000,0,0.01059264,31446.3700
1628355243669000,0,0.00327308,31446.3700
1628355246122000,0,0.00139000,31441.6600
1628355257544000,0,0.06873676,31437.4500
1628355263444000,1,0.02500000,31425.7000
1628355265544000,0,0.06000000,31421.8500
1628355265866000,0,0.06875434,31425.9000
1628355269070000,0,0.06000000,31428.4200
1628355269119000,0,0.00874951,31428.4200
1628355269433000,0,0.05000000,31434.9600
1628355269460000,0,0.01873604,31434.9600
1628355269460000,0,0.06872859,31435.0700
1628355270457000,0,0.06733076,31441.6600
1628355270492000,0,0.00000001,31441.6600
1628355273289000,0,0.02231144,31443.6900
1628355274843000,0,0.00506535,31443.6900
1628355275016000,0,0.02924618,31443.6900
1628355275311000,0,0.01209378,31443.6900
1628355275391000,0,0.00000001,31443.6900
1628355276473000,0,0.06874113,31451.4800
1628355276473000,0,0.00177079,31454.7200
1628355288502000,0,0.03000000,31443.5700
1628355294991000,0,0.06000000,31451.8700
1628355295049000,0,0.00869309,31451.8700
1628355295346000,0,0.02000000,31455.9100
1628355295400000,0,0.04868421,31455.9100
1628355295400000,0,0.06872024,31461.5200
1628355295868000,0,0.10000000,31460.1000
1628355298245000,0,0.06000000,31455.9100
1628355301993000,0,0.06000000,31454.3200
1628355302191000,0,0.00868753,31454.3200
1628355312949000,0,0.00610000,31444.3300
1628355327954000,1,0.02500000,31437.5800
1628355337866000,0,0.06876561,31420.7700
1628355337866000,0,0.00090040,31423.9900
1628355337868000,0,0.06876561,31424.4400
1628355346116000,0,0.06875070,31427.2200
1628355346116000,0,0.06124930,31431.6000
1628355346145000,0,0.00751631,31431.6000
1628355356970000,0,0.06000000,31434.2500
1628355357000000,0,0.00873251,31434.2500
1628355363810000,0,0.06000000,31435.0500
1628355374471000,0,0.06000000,31426.7600
1628355374483000,0,0.00874976,31426.7600
1628355379968000,1,0.02500000,31420.8400
1628355387214000,0,0.03000000,31415.3600
1628355387363000,0,0.03000000,31415.3600
1628355387552000,0,0.00877240,31415.3600
1628355387754000,0,0.06876451,31419.1600
1628355392841000,0,0.03000000,31415.0600
1628355393099000,0,0.03000000,31415.0600
1628355398046000,0,0.00876979,31415.0600
1628355398046000,0,0.00268021,31418.1100
1628355404423000,0,0.06876979,31415.0600
1628355404423000,0,0.06123021,31418.1100
1628355414608000,1,0.02000000,31407.1800
1628355414680000,1,0.00500000,31407.1800
1628355416165000,0,0.00610000,31404.4100
1628355416761000,0,0.04000000,31404.4100
1628355416882000,0,0.00096660,31409.8400
1628355416882000,0,0.01059904,31412.3300
1628355416920000,0,0.05817859,31412.3300
1628355417447000,0,0.06000000,31417.7000
1628355420619000,0,0.00876532,31417.7000
1628355420680000,0,0.06875584,31422.9800
1628355420710000,0,0.06879613,31428.1200
1628355452047000,0,0.06000000,31407.9900
1628355452387000,0,0.06879131,31417.0500
1628355480082000,0,0.06878456,31434.3800
1628355525222000,0,0.06000000,31432.0400
1628355525512000,0,0.06873232,31435.3400
1628355525512000,0,0.06872510,31438.5000
1628355525512000,0,0.06254258,31441.8000
1628355534391000,0,0.13000000,31459.6400
1628355534654000,0,0.03000000,31461.2100
1628355551671000,0,0.06000000,31464.1100
1628355551705000,0,0.00871908,31464.1100
1628355551705000,0,0.06869134,31468.4600
1628355551762000,0,0.06870616,31470.7000
1628355584073000,0,0.06862370,31488.2800
1628355588566000,0,0.06859251,31504.8500
1628355588569000,0,0.00597000,31512.7900
1628355602559000,0,0.06000000,31505.5900
1628355602600000,0,0.00857923,31505.5900
1628355602600000,0,0.06857923,31509.0400
1628355602785000,0,0.06859333,31513.9200
1628355602785000,0,0.06859455,31522.9900
1628355602785000,0,0.06858427,31525.5800
1628355622951000,1,0.01101184,31467.4500
1628355623792000,1,0.01398815,31467.4500
1628355623916000,1,0.00000001,31467.4500
1628355627338000,0,0.00077471,31475.1100
1628355670369000,0,0.00138000,31397.6900
1628355671897000,1,0.00931268,31372.7000
1628355671899000,1,0.00000001,31372.7000
1628355692227000,0,0.02987000,31370.0900
1628355793270000,1,0.02500000,31419.4800
1628355794058000,1,0.02500000,31410.5600
1628355849711000,0,0.00915000,31448.3000
1628355919675000,1,0.02499999,31436.9200
1628355919676000,1,0.00000001,31436.9200
1628355938092000,1,0.02499999,31420.3900
1628355938133000,1,0.00000001,31420.3900
1628355947426000,1,0.02499999,31407.4400
1628355947428000,1,0.00000001,31407.4400
1628355969370000,0,0.00198000,31469.3400
1628356003384000,1,0.02194050,31411.1500
1628356003388000,1,0.00305950,31411.1500
1628356050648000,0,0.06000000,31407.3300
1628356050717000,0,0.00880080,31407.3300
1628356050759000,0,0.06880080,31409.6000
1628356067751000,1,0.00329399,31402.4500
1628356111068000,1,0.02499999,31414.2300
1628356127099000,0,0.01000000,31426.5800
1628356145706000,1,0.00313274,31410.5100
1628356145717000,1,0.02186726,31410.5100
1628356157611000,1,0.02499999,31374.3100
1628356157626000,1,0.00000001,31374.3100
1628356163800000,0,0.06000000,31362.9800
1628356163860000,0,0.00888059,31362.9800
1628356181615000,0,0.06888008,31366.5400
1628356181762000,0,0.06886988,31373.2300
1628356181762000,0,0.06887904,31374.2300
1628356187926000,0,0.06000000,31377.5100
1628356212278000,1,0.02499999,31359.3200
1628356212391000,1,0.00000001,31359.3200
1628356266901000,0,0.05000000,31399.0800
1628356267043000,0,0.06880474,31404.1300
1628356267043000,0,0.06880789,31407.3500
1628356319606000,0,0.06886173,31377.8800
1628356319606000,0,0.06884996,31382.3400
1628356328259000,0,0.01507918,31401.2500
1628356329465000,0,0.00094119,31394.0400
1628356329465000,0,0.00333881,31401.2500
1628356357487000,0,0.06890588,31360.0000
1628356386393000,1,0.02500000,31323.6600
1628356522886000,0,0.01103000,31358.0900
1628356560160000,0,0.00315000,31310.4800
1628356594085000,0,0.06290000,31269.6800
1628356600073000,0,0.00307000,31246.9800
1628356605172000,0,0.06914628,31256.0200
1628356605172000,0,0.00000001,31256.0200
1628356605372000,0,0.06911893,31262.4100
1628356628194000,1,0.05016406,31209.9700
1628356628195000,1,0.18274494,31209.9700
1628356628195000,1,0.01709099,31208.4000
1628356661253000,1,0.08896471,31278.1000
1628356728855000,0,0.06904059,31297.0800
1628356728858000,0,0.00000001,31297.0800
1628356819348000,0,0.00093076,31253.7200
1628356819348000,0,0.01720351,31256.6600
1628356823718000,0,0.06913300,31256.6700
1628356823718000,0,0.06913331,31256.7600
1628356823720000,0,0.00000001,31256.7600
1628356845920000,1,0.45000000,31310.9300
1628356846059000,1,0.02900000,31310.9300
1628356929092000,0,0.00094187,31343.7100
1628356929205000,0,0.00096239,31356.2100
1628356929205000,0,0.00821761,31359.3700
1628356958034000,0,0.00096241,31355.0900
1628356958034000,0,0.00061759,31355.2400
1628357099298000,0,0.06901378,31310.2200
1628357210305000,1,0.13196718,31257.1000
1628357214185000,0,0.05000000,31256.7100
1628357221184000,0,0.03475780,31278.2900
1628357238256000,0,0.03000000,31277.2000
1628357250896000,0,0.05000000,31258.6300
1628357250941000,0,0.01914122,31258.6300
1628357269994000,0,0.06000000,31264.5800
1628357270019000,0,0.00913675,31264.5800
1628357270019000,0,0.06912756,31266.0700
1628357292119000,0,0.03907712,31277.2000
1628357292119000,0,0.06092288,31278.7300
1628357396695000,0,0.06000000,31311.6600
1628357397052000,0,0.06902223,31317.5400
1628357397052000,0,0.00097777,31318.7100
1628357401533000,1,0.00161302,31310.9600
1628357401579000,1,0.06058447,31310.9600
1628357404621000,1,0.14008628,31298.9400
1628357404626000,1,0.11599575,31298.9400
1628357450703000,0,0.06000000,31265.6200
1628357450905000,0,0.00912211,31265.6200
1628357453996000,0,0.02000000,31270.2400
1628357453997000,0,0.04912211,31270.2400
1628357457993000,0,0.06000000,31277.0800
1628357458049000,0,0.00911711,31277.0800
1628357458049000,0,0.06912211,31278.9800
1628357598110000,1,0.11406513,31194.5000
1628357598117000,1,0.03665884,31194.5000
1628357627123000,0,0.06000000,31223.8400
1628357627187000,0,0.00925276,31223.8400
1628357628251000,0,0.03000000,31228.2000
1628357628254000,0,0.01000000,31228.2000
1628357628276000,0,0.02923014,31228.2000
1628357628276000,0,0.06922596,31228.7200
1628357730486000,0,0.01000000,31198.9900
1628357730495000,0,0.05928419,31198.9900
1628357731101000,0,0.06000000,31198.9900
1628357760431000,0,0.00242505,31193.5800
1628357770665000,0,0.00202000,31193.5800
1628357804794000,0,0.06936036,31157.2700
1628357805499000,0,0.06000000,31164.7000
1628357805601000,0,0.00936036,31164.7000
1628357846199000,0,0.06930891,31193.5800
1628357865040000,0,0.00316000,31233.1000
1628357900059000,0,0.06921020,31223.8500
1628357900059000,0,0.06078980,31224.7900
