timestamp ms,type,amount,price
1628381018535000,1,0.06739226,32034.8900
1628381018539000,1,0.00000001,32034.8900
1628381018604000,1,0.06736485,32030.6900
1628381021274000,0,0.00090000,32003.2700
1628381048818000,0,0.00308000,32048.9500
1628381066877000,1,0.06740614,32021.2300
1628381101740000,0,0.00090913,32048.5900
1628381101740000,0,0.00070633,32050.5500
1628381101842000,0,0.00000001,32050.5500
1628381122198000,1,0.06000000,32083.1800
1628381383156000,1,0.06730698,32072.7700
1628381383156000,1,0.01210930,32072.7700
1628381462355000,1,0.49269487,32089.3400
1628381515785000,0,0.06709303,32199.4300
1628381515789000,0,0.00000001,32199.4300
1628381523491000,1,0.00165235,32199.9300
1628381583473000,1,0.00457899,32204.5000
1628381588850000,0,0.06648299,32238.3400
1628381601952000,1,0.00457899,32231.4500
1628381622615000,1,0.06699144,32186.5500
1628381622615000,1,0.00094918,32186.2100
1628381622774000,1,0.06704866,32191.3700
1628381622774000,1,0.06699144,32186.5500
1628381907534000,1,0.19994980,32091.5300
1628381907536000,1,0.10005019,32091.5300
1628382009710000,0,0.01792000,32120.9000
1628382026151000,1,0.00849869,32094.5500
1628382144788000,0,0.12000000,32110.0100
1628382144800000,0,0.00852915,32110.0100
1628382198750000,0,0.06000000,32149.7600
1628382456413000,1,0.06000000,31980.2900
1628382489063000,1,0.06742719,32014.6700
1628382489063000,1,0.00850726,32009.4300
1628382489063000,1,0.06743911,32008.8300
1628382489185000,1,0.06739548,32027.6900
1628382489185000,1,0.06741112,32020.9100
1628382702904000,1,0.06469567,31849.4300
1628382703047000,1,0.06779021,31842.6800
1628382769842000,0,0.00212576,31889.6600
1628382874818000,0,0.00131700,31981.5200
1628382893651000,1,0.06752205,31972.1600
1628382912886000,1,0.06751341,31978.0800
1628382913014000,1,0.00800000,31973.9800
1628382917046000,0,0.00091291,31980.4400
1628383147387000,1,0.00159868,31865.1800
1628383239461000,0,0.00300000,31937.8000
1628383450711000,0,0.06760362,31952.8500
1628383450714000,0,0.06764423,31956.3100
1628383450714000,0,0.06763555,31960.5700
1628383458181000,1,0.00324496,31937.9600
1628383631046000,0,0.01973017,31980.4500
1628383698933000,0,0.00155623,31968.1500
1628383809309000,0,0.00464000,31961.1400
1628383890057000,1,0.06000000,31991.3800
1628383988753000,0,0.00133226,32043.9900
1628384147056000,0,0.16000000,32176.4300
1628384147121000,0,0.00301633,32176.4300
1628384194218000,0,0.00149000,32199.0300
1628384457547000,1,0.00158937,32066.4400
1628384479686000,1,0.06735475,32023.3600
1628384479696000,1,0.00000001,32023.3600
1628384479696000,1,0.06739162,32022.7000
1628384648918000,0,0.00210000,32042.6100
1628384688818000,1,0.07000000,32044.8100
1628384688845000,1,0.00812310,32044.8100
1628384781842000,1,0.01000000,31976.5700
1628384781861000,1,0.00910311,31976.5700
1628384788589000,1,0.00764123,31969.2900
1628384788730000,1,0.00000001,31969.2900
1628384789237000,1,0.01000000,31962.6100
1628384789253000,1,0.00911267,31962.6100
1628384896989000,1,0.05700054,31926.7800
1628384948413000,1,0.05489590,31928.1200
1628384948419000,1,0.01271209,31928.1200
1628385450883000,0,0.00458307,31819.7700
1628385498171000,0,0.00458498,31808.9700
1628385501566000,0,0.00096963,31792.0900
1628385501566000,0,0.00361726,31801.4400
1628385503556000,0,0.02750000,31787.6600
1628385506497000,1,0.22820075,31764.9900
1628385507895000,0,0.00458797,31750.3700
1628385511355000,0,0.00458948,31778.9500
1628385662714000,0,0.00459029,31774.6900
1628385730580000,0,0.00459161,31765.4400
1628385738139000,0,0.00459333,31753.9400
1628385759330000,0,0.00459507,31743.4200
1628385766329000,0,0.00459667,31733.8300
1628385938545000,1,0.45716981,31777.7500
1628386000671000,1,0.02000000,31859.7200
1628386045744000,0,0.00443815,31878.1900
1628386148670000,0,0.06783407,31830.8900
1628386413279000,1,0.06000000,31737.7600
1628386455324000,0,0.00459730,31729.4600
1628386465526000,0,0.00459888,31716.9600
1628386482637000,0,0.00460092,31702.9100
1628386497745000,0,0.00460164,31697.9900
1628386576410000,1,0.03000000,31673.3300
1628386583121000,0,0.00460396,31676.3300
1628386586279000,0,0.00460540,31672.0300
1628386590541000,0,0.00460650,31661.5800
1628386600446000,0,0.00460813,31654.8600
1628386614720000,0,0.00460900,31648.9400
1628386617101000,1,0.06822364,31637.2500
1628386617103000,1,0.00000001,31637.2500
1628386841249000,0,0.00461101,31627.0600
1628387169394000,0,0.00755000,31776.6800
1628387170731000,1,0.06799903,31746.7200
1628387170731000,1,0.03200097,31743.0500
1628387408752000,1,0.02000000,31745.2800
1628387452635000,0,0.00299000,31758.2100
1628387931770000,1,0.06803753,31729.5700
1628388214293000,0,0.05991842,31733.2100
1628388214295000,0,0.00815168,31733.2100
1628388214295000,0,0.06806240,31736.8300
1628388214480000,1,0.00091275,31738.3900
1628388328894000,0,0.06811978,31711.9700
1628388453777000,1,0.06800089,31742.7100
1628388453893000,1,0.06800089,31742.7100
1628388453898000,1,0.06800416,31741.0100
1628388453911000,1,0.00000001,31741.0100
1628388847120000,0,0.06822969,31659.1100
1628388847120000,0,0.06821706,31663.9300
1628388847286000,0,0.00800000,31668.2100
1628388954993000,0,0.00461214,31624.8500
1628388993791000,0,0.00461338,31609.1400
1628389277071000,1,0.00800000,31634.7300
1628389318061000,0,0.00251000,31638.7500
1628389404024000,1,0.00094156,31650.1200
1628389469107000,0,0.00461538,31604.0500
1628389475744000,0,0.00461620,31590.1000
1628389487823000,0,0.00461848,31583.8800
1628389539981000,0,0.00461937,31553.4900
1628389667896000,1,0.06000000,31581.7900
1628389711950000,0,0.00086245,31567.9800
1628389717319000,0,0.00462078,31568.2300
1628389809815000,0,0.00486000,31590.6700
1628389865812000,1,0.06828779,31607.0100
1628389865851000,1,0.00000001,31607.0100
1628389940606000,1,0.06000000,31690.1000
1628390044375000,1,0.04756727,31737.0500
1628390100625000,1,0.06793090,31778.9200
1628390100625000,1,0.00090460,31777.9800
1628390101651000,1,0.00090638,31777.2600
1628390101651000,1,0.04702637,31774.6300
1628390110720000,1,0.00096069,31787.1900
1628390110720000,1,0.00096014,31780.1300
1628390112125000,1,0.06791536,31783.3600
1628390119657000,1,0.00000001,31780.1300
1628390119657000,1,0.05999999,31772.0100
1628390158656000,1,0.06802403,31727.0700
1628390194174000,1,0.00065693,31704.5000
1628390214463000,0,0.00148949,31729.6900
1628390513962000,1,0.06175279,31725.6800
1628390514002000,1,0.00629445,31725.6800
1628390603326000,0,0.00471000,31683.9400
1628390667268000,0,0.00303000,31676.6000
1628390695556000,1,0.04250590,31632.3300
1628390756256000,1,0.06505324,31636.6600
1628390756259000,1,0.00317255,31636.6600
1628390766367000,1,0.02499999,31618.0300
1628390766374000,1,0.00000001,31618.0300
1628390885307000,1,0.01449796,31688.0400
1628390890277000,1,0.13314448,31693.1900
1628390890388000,1,0.07155956,31693.1900
1628390890678000,1,0.06810184,31691.6100
1628390891782000,1,0.06810183,31691.6500
1628390891876000,1,0.01232946,31691.6100
1628390892184000,1,0.05577237,31691.6100
1628390892200000,1,0.00000001,31691.6100
1628390894184000,1,0.05247086,31693.0100
1628390895483000,1,0.05693316,31695.7900
1628391182117000,0,0.06000000,31785.8500
1628391217812000,1,0.06804643,31743.5600
1628391231013000,1,0.08337177,31743.5600
1628391910153000,0,0.00090284,31718.7200
1628391910494000,0,0.01000000,31735.1100
1628391967623000,1,0.02000000,31713.2900
1628392038846000,1,0.06000000,31734.2400
1628392476876000,0,0.06000000,31779.4000
1628392476911000,0,0.00796479,31779.4000
1628392746308000,0,0.00104108,31858.0400
1628393606710000,1,0.06000000,31912.3500
1628394413718000,0,0.01355579,31867.5000
1628394413721000,0,0.00000001,31867.5000
1628394413741000,0,0.01355488,31869.3200
1628394435942000,0,0.01354083,31901.4600
1628394642876000,0,0.00095741,31905.5400
1628394642876000,0,0.06769624,31905.7200
1628394928110000,0,0.01557001,31953.0900
1628395379207000,1,0.00462078,31991.2200
1628395401021000,1,0.00461937,32005.6900
1628395664198000,0,0.06000000,31879.8000
1628395668230000,0,0.00148410,31892.2900
1628395778585000,0,0.00074108,31928.6900
1628395838814000,1,0.01000000,31948.4600
1628396271960000,0,0.00490000,32014.8500
1628396770761000,0,0.02731059,32024.5700
1628396780636000,1,0.00461848,32024.6000
1628396780903000,0,0.00094465,32040.1500
1628396780903000,0,0.00204535,32046.4600
1628396787437000,1,0.00461620,32022.3800
1628396822243000,1,0.00461538,32033.2400
1628396956652000,1,0.00461338,32043.9200
1628396981172000,0,0.06737282,32052.2000
1628396981172000,0,0.00000001,32052.2000
1628397009270000,0,0.03136618,32078.6800
1628397009276000,0,0.03599920,32078.6800
1628397540775000,0,0.06760322,31952.4100
1628397599025000,1,0.06762839,31914.5700
1628397599025000,1,0.47574262,31911.0800
1628397599025000,1,0.06763467,31911.0700
1628397599025000,1,0.06764167,31907.7400
1628397599025000,1,0.02500000,31905.3700
1628397599025000,1,0.06762057,31896.7400
1628397599025000,1,0.00095657,31896.2000
1628397599025000,1,0.06762858,31892.8900
1628397599025000,1,0.00742155,31888.7000
1628397599025000,1,0.00096229,31888.6900
1628397599025000,1,0.05788270,31884.9900
1628397856271000,0,0.06000000,31908.2100
1628398195941000,0,0.06780091,31854.4900
1628398224031000,0,0.00092195,31845.5900
1628398450692000,1,0.06768239,31890.8700
1628398831766000,1,0.00700000,31925.3300
1628398892182000,0,0.02937000,31888.9600
1628399450909000,0,0.06000000,31976.2600
1628399487263000,0,0.02000000,31994.0900
1628399657826000,1,0.02000000,31999.2900
1628399660764000,0,0.06746955,32011.2400
1628399660765000,0,0.00000001,32011.2400
1628399681368000,0,0.06000000,31985.8500
1628399681395000,0,0.00751335,31985.8500
1628399982740000,0,0.00152746,32006.6100
1628399995501000,0,0.26000000,32026.0900
1628400002238000,1,0.19994337,32001.0700
1628400002243000,1,0.06005663,32001.0700
1628400009140000,1,0.19954828,32007.4100
1628400021644000,0,0.06742036,32035.8000
1628400021657000,0,0.00000001,32035.8000
1628400021906000,0,0.06744914,32046.4300
1628400042881000,1,0.00461214,32051.4500
1628400104823000,0,0.03146228,32028.2500
1628400306229000,0,0.06738493,32048.5700
1628400527986000,1,0.02498782,32057.6600
1628400875386000,0,0.00399999,32013.0400
1628400875444000,0,0.00000001,32013.0400
1628400977501000,1,0.00461101,32065.0200
1628400989630000,1,0.00460900,32076.1500
1628401006348000,1,0.00460813,32093.4700
1628401017935000,1,0.00460650,32096.0800
1628401027245000,0,0.06756131,32126.3300
1628401028033000,1,0.00460540,32106.9800
1628401071572000,0,0.06000000,32110.1600
1628401079479000,1,0.00460396,32114.7300
1628401099302000,1,0.00460164,32127.1500
1628401153310000,0,0.06000000,32154.4700
1628401169836000,1,0.00081027,32144.0500
1628401179813000,1,0.00459888,32144.3500
1628401217087000,1,0.00459730,32154.9100
1628401228619000,1,0.00459667,32160.3900
1628401282754000,1,0.00460092,32179.9100
1628401303310000,1,0.00459507,32187.2100
1628401311706000,1,0.00459333,32190.7500
1628401425632000,1,0.00459161,32200.4300
1628401531637000,0,0.00149000,32225.3300
1628401551525000,1,0.00459018,32213.1200
1628401577754000,1,0.00458875,32223.5500
1628401693306000,1,0.03262286,32182.6300
1628401752480000,1,0.00458733,32238.6000
1628401756237000,0,0.00490000,32264.9600
1628401756286000,0,0.00010000,32264.9600
1628401780459000,1,0.00458591,32241.1000
1628401819442000,0,0.00095446,32290.1800
1628401819442000,0,0.05896700,32290.9300
1628401819444000,0,0.20007853,32290.9300
1628401893192000,1,0.03134177,32150.3000
1628401893301000,1,0.08897439,32150.3000
1628401893307000,1,0.09092023,32150.3000
1628401893317000,1,0.17827671,32150.3000
1628401894353000,1,0.03148829,32150.3000
1628401894898000,1,0.01453152,32150.3000
1628401894911000,1,0.02746709,32150.3000
1628402356918000,1,0.00458449,32257.9200
1628402411351000,0,0.06691706,32305.0400
1628402419836000,1,0.01374370,32301.4800
1628402426693000,1,0.00457899,32311.9800
1628402440443000,0,0.06681553,32326.5600
1628402440443000,0,0.06679754,32332.9700
1628402440443000,0,0.00097192,32334.0600
1628402443749000,1,0.00457899,32337.9600
1628402444827000,0,0.06676879,32355.2400
1628402444827000,0,0.00000001,32355.2400
1628402476633000,0,0.06676354,32350.4500
1628402478102000,0,0.06676214,32350.9700
1628402495282000,0,0.06674006,32358.4800
1628402495424000,0,0.00800000,32362.6800
1628402495530000,0,0.06678620,32367.0900
1628402495695000,0,0.06000000,32362.6500
1628402698376000,1,0.00457899,32352.7100
1628402707762000,1,0.00082511,32365.4400
1628402714411000,0,0.26000000,32388.5700
1628402714411000,0,0.06671469,32393.4300
1628402714411000,0,0.06670667,32397.3000
1628402714411000,0,0.06670164,32401.1200
1628402714411000,0,0.02500000,32408.0300
1628402714411000,0,0.00092694,32412.8200
1628402714411000,0,0.18108169,32414.1900
1628402714411000,0,0.00087026,32415.3200
1628402758609000,0,0.06671468,32393.4300
1628402758626000,0,0.00000001,32393.4300
1628402758651000,0,0.06666758,32395.8000
1628402769112000,0,0.00334000,32354.8000
1628402825196000,0,0.06000000,32256.7200
1628402831255000,1,0.00096438,32252.8300
1628402831255000,1,0.03003999,32251.0700
1628403191974000,1,0.06000000,32230.3700
1628403722130000,0,0.06000000,32374.5100
1628403778040000,1,0.06000000,32362.3100
1628403816385000,0,0.06681136,32322.3600
1628403816385000,0,0.06680470,32325.8500
1628403816606000,0,0.06681136,32322.3600
1628403816650000,0,0.06000000,32325.8500
1628403857861000,1,0.05516524,32364.9800
1628403857867000,1,0.01152334,32364.9800
1628403931908000,1,0.00457899,32376.8200
1628403940738000,0,0.00533000,32394.4900
1628403959253000,0,0.05446909,32425.8700
1628403960365000,0,0.00658241,32425.7000
1628403960374000,0,0.13263725,32425.7000
1628403960378000,0,0.05987190,32425.7000
1628403960387000,0,0.06090844,32425.7000
1628403994638000,1,0.00457899,32406.5000
1628404001252000,1,0.00457899,32439.1500
1628404013422000,0,0.06659159,32487.2500
1628404013430000,0,0.00000001,32487.2500
1628404016522000,0,0.02334530,32491.5400
1628404016547000,0,0.04311487,32491.5400
1628404016821000,0,0.06657064,32497.1900
1628404018223000,1,0.00457899,32464.7800
1628404020644000,0,0.06000000,32494.3700
1628404022825000,0,0.03628898,32516.9200
1628404022867000,0,0.06186063,32516.9200
1628404023074000,0,0.06441133,32518.5400
1628404023074000,0,0.00204522,32518.5400
1628404047880000,1,0.00457899,32484.1600
1628404066719000,0,0.06000000,32509.2200
1628404223657000,1,0.39000000,32391.5700
1628404307448000,1,0.06661487,32399.0500
1628404307453000,1,0.00000001,32399.0500
1628404476489000,1,0.00063834,32358.3200
1628404518853000,1,0.09177495,32399.7100
1628404518929000,1,0.07987064,32399.7200
1628404525774000,1,0.06662268,32396.1400
1628404525775000,1,0.00000001,32396.1400
1628404533960000,1,0.15990128,32415.4100
1628404533960000,1,0.04009775,32415.4000
1628404533962000,1,0.19999903,32415.4000
1628404534198000,1,0.01990322,32415.4000
1628404534938000,1,0.25999972,32410.1100
1628404536462000,1,0.06443437,32410.6800
1628404669883000,0,0.01995365,32469.7400
1628404813978000,1,0.00457899,32508.5000
1628404836097000,1,0.02000000,32504.3900
1628404893408000,1,0.00457899,32525.8000
1628404906873000,1,0.08336002,32507.0700
1628404918056000,1,0.00095274,32554.5100
1628404918056000,1,0.00095331,32549.4900
1628404918056000,1,0.01771903,32538.2500
1628404924479000,1,0.01613788,32560.6600
1628404925228000,0,0.00093335,32591.3300
1628404930849000,0,0.06106763,32587.6400
1628404932793000,1,0.00457899,32556.6600
1628404936978000,1,0.00077296,32556.9500
1628404941957000,0,0.00149852,32598.8300
1628404941957000,0,0.06624146,32598.8300
1628404946941000,1,0.00457899,32591.2200
1628404947102000,1,0.06619535,32589.5600
1628404947102000,1,0.02240465,32583.9700
1628404957741000,0,0.03430433,32613.6500
1628404957784000,0,0.04524002,32613.4400
1628404960524000,0,0.02713111,32644.6300
1628404990986000,1,0.00147328,32580.3100
1628405056150000,0,0.06634309,32550.1300
1628405184611000,1,0.06038943,32525.9900
1628405184748000,1,0.00800000,32522.3300
1628405207762000,0,0.04093095,32558.4900
1628405217839000,1,0.01000000,32539.9000
1628405409295000,0,0.01471000,32601.2400
1628405429555000,0,0.00090843,32541.5100
1628405429555000,0,0.00214885,32546.8400
1628405432302000,0,0.00221000,32559.8400
1628405555018000,0,0.00207000,32510.4400
1628405614371000,1,0.06634336,32530.2900
1628405614373000,1,0.06634798,32525.6600
1628405614469000,1,0.06635946,32520.9000
1628405614469000,1,0.06636967,32516.9200
1628405630696000,1,0.11370999,32460.1800
1628405690850000,0,0.00540000,32494.0900
1628405882693000,0,0.00694000,32461.9800
1628406072175000,1,0.00203783,32348.3400
1628406122303000,0,0.00800000,32415.5600
1628406122561000,0,0.13409523,32415.5600
1628406122574000,0,0.19220477,32415.5600
1628406185359000,0,0.00152000,32439.4500
1628406341567000,0,0.26000000,32466.6500
1628406341567000,0,0.06650324,32467.2900
1628406476431000,1,0.04838628,32499.7300
1628406476447000,1,0.01803139,32499.7300
1628406841486000,0,0.01529247,32533.0000
1628407208775000,0,0.02208000,32586.1900
1628407222254000,1,0.02499999,32545.1300
1628407222255000,1,0.00000001,32545.1300
1628407261863000,0,0.00589000,32558.3300
1628407289471000,1,0.00765089,32513.1300
1628407289479000,1,0.00000001,32513.1300
1628407303758000,0,0.00262000,32563.1400
1628407320280000,0,0.00374829,32551.7300
1628407384321000,1,0.01325407,32555.0400
1628407809155000,0,0.01033000,32499.1700
1628407850606000,1,0.11759150,32472.7000
1628407855813000,1,0.16051935,32472.7000
1628407855840000,1,0.00800000,32472.7000
1628407856849000,1,0.00665169,32472.7000
1628407856857000,1,0.00665249,32472.7000
1628407857276000,1,0.46877240,32472.7000
1628407951532000,0,0.03009824,32386.2400
1628408213316000,0,0.00800000,32408.8300
1628408393976000,1,0.02710910,32420.7200
1628408416335000,0,0.00098400,32447.5700
1628408416335000,0,0.00086244,32459.4400
1628408416335000,0,0.02500000,32460.0200
1628408416335000,0,0.40400000,32461.4400
1628408416335000,0,0.11735113,32484.3300
1628408791035000,0,0.20023119,32300.5000
1628408791038000,0,0.20023118,32300.5000
1628408791043000,0,0.10853763,32300.5000
1628409202945000,1,0.00167168,32386.1900
1628409213474000,0,0.04067889,32433.8600
1628409294340000,0,0.18850863,32408.9800
1628409346525000,0,0.00208000,32391.6200
1628409355988000,0,0.05245418,32392.7900
1628409355993000,0,0.01421823,32392.7900
1628409361242000,1,0.06158565,32409.0100
1628409381680000,1,0.03477735,32378.5000
1628409381683000,1,0.03188675,32378.5000
1628409529496000,0,0.00307931,32312.3500
1628409572595000,1,0.06686585,32276.6200
1628409572730000,1,0.00800000,32268.3900
1628409578593000,0,0.13706841,32254.4600
1628409578803000,0,0.07027401,32254.4600
1628409578981000,0,0.00800000,32254.4600
1628409741163000,1,0.06680000,32295.9500
1628409741237000,1,0.00002795,32295.9500
1628409741237000,1,0.06684021,32290.0900
1628409741237000,1,0.05912083,32284.2300
1628409741306000,1,0.02400000,32285.8400
1628409741672000,1,0.03394876,32285.8500
1628409743768000,1,0.10401506,32285.8400
1628409744572000,1,0.12694640,32292.2400
1628409744574000,1,0.13305360,32292.2400
1628409744574000,1,0.06683364,32290.6300
1628409746774000,1,0.09834851,32295.2600
1628409746879000,1,0.05851797,32301.9900
1628409746915000,1,0.00830154,32301.9900
1628409746915000,1,0.06682386,32296.8200
1628409747165000,1,0.00000001,32290.6300
1628409747165000,1,0.02782329,32290.6300
1628409750529000,1,0.06684549,32289.7500
1628409750529000,1,0.05203532,32285.8400
1628409750601000,1,0.03110000,32285.8400
1628409751232000,1,0.06682183,32274.6300
1628409751232000,1,0.08319736,32270.3000
1628409819868000,0,0.00148000,32382.0000
1628409923915000,1,0.02500000,32343.2900
1628409923915000,1,0.00020000,32343.2500
1628410013290000,0,0.00460568,32405.6000
1628410054933000,1,0.10000000,32394.4900
1628410097886000,1,0.02500000,32392.9200
1628410114395000,0,0.01458521,32404.7400
1628410155256000,1,0.00157777,32384.0900
1628410185123000,1,0.01057959,32392.4300
1628410195079000,1,0.06659948,32399.1400
1628410195154000,1,0.06650000,32399.1400
1628410216259000,1,0.02966211,32407.4600
1628410393808000,0,0.01091000,32428.6900
1628410447637000,1,0.06659534,32405.8200
1628410447637000,1,0.06660439,32401.5500
1628410468300000,0,0.06672847,32360.8600
1628410468354000,0,0.00000001,32360.8600
1628410469085000,0,0.06554242,32365.8100
1628410518345000,0,0.06670975,32375.8800
1628410518375000,0,0.00000001,32375.8800
1628410523351000,0,0.00276460,32379.4400
1628410613823000,1,0.06680000,32298.9300
1628410626638000,1,0.04480000,32266.2700
1628410626716000,1,0.02203969,32266.2700
1628410626716000,1,0.06684775,32261.8200
1628410626716000,1,0.00092524,32261.5800
1628410626716000,1,0.01538732,32257.9400
1628410664609000,0,0.06692766,32266.7900
1628410664611000,0,0.00000001,32266.7900
1628410667962000,0,0.07912912,32270.0600
1628410668581000,0,0.04754970,32269.5700
1628410690571000,0,0.02452692,32289.0700
1628410690649000,0,0.03452262,32289.0700
1628410690747000,0,0.05110924,32289.0700
1628410691189000,0,0.01972804,32290.6800
1628410691246000,0,0.03541222,32290.6800
1628410691249000,0,0.01177882,32290.6800
1628410701013000,1,0.06680000,32250.9300
1628410722224000,1,0.06689226,32246.9300
1628410782134000,1,0.00002823,32246.9300
1628410782134000,1,0.02977177,32234.3900
1628410858148000,1,0.06690000,32239.4300
1628410903369000,1,0.06689259,32264.6100
1628410903369000,1,0.01900741,32261.2000
1628410903441000,1,0.04789227,32261.2000
1628410903441000,1,0.01620773,32258.6600
1628411015028000,1,0.03464488,32277.0600
1628411036221000,1,0.02151372,32269.6800
1628411036227000,1,0.06687486,32266.2300
1628411036579000,1,0.05119050,32257.1400
1628411036712000,1,0.00679551,32257.1400
1628411037842000,1,0.15000000,32257.1400
1628411059545000,1,0.00004789,32239.4300
1628411067274000,0,0.00751000,32228.3300
1628411256501000,0,0.00595000,32265.2000
1628411279294000,0,0.00154129,32278.0100
1628411426279000,0,0.00297000,32255.4700
1628411474351000,0,0.06300000,32230.1800
1628411636178000,0,0.00298000,32203.5000
1628411651097000,0,0.05092062,32223.1500
1628411653834000,0,0.06185070,32223.1500
1628411739439000,0,0.00146720,32210.9200
1628411863302000,0,0.00468918,32169.7000
1628411949395000,0,0.00000001,32223.1500
1628412010589000,0,0.00873000,32251.1700
1628412370451000,0,0.00587829,32247.7800
1628412515303000,1,0.06696371,32222.8800
1628412517617000,1,0.06696371,32222.8800
1628412521607000,1,0.01109345,32217.8600
1628412581004000,1,0.00802610,32193.3900
1628412651243000,1,0.00923000,32221.8300
1628412706375000,0,0.06701391,32220.0900
1628412849863000,0,0.00307000,32188.7200
1628412930313000,1,0.16999104,32144.8300
1628412947183000,0,0.00468078,32144.8900
1628412974180000,0,0.00468210,32129.3800
1628412977728000,0,0.00093394,32121.2400
1628412977728000,0,0.00374962,32125.1500
1628412996097000,0,0.00468498,32119.6100
1628413087661000,0,0.02346843,32055.1700
1628413106082000,0,0.00469435,32047.6300
1628413110469000,0,0.00469632,32038.8800
1628413187422000,0,0.00469663,32039.9300
1628413191978000,0,0.00469927,32008.2300
1628413472021000,1,0.06810500,32142.4200
1628413480317000,1,0.00000001,32142.4200
1628413524449000,0,0.06458239,32127.3500
1628413536589000,1,0.26000000,32132.9500
1628413536589000,1,0.00093997,32131.3500
1628413536589000,1,0.23364062,32125.7300
1628413562505000,0,0.06714409,32162.5800
1628413566625000,0,0.00301000,32206.0200
1628413650057000,1,0.06702546,32199.7000
1628413650066000,1,0.00000001,32199.7000
1628413753583000,0,0.00146876,32191.8500
1628413793791000,0,0.00298000,32205.1800
1628413944144000,0,0.00742372,32225.7300
1628413984357000,1,0.00341513,32225.4900
1628414125149000,1,0.00326910,32237.5700
1628414165383000,1,0.00092277,32227.5600
1628414165383000,1,0.00310329,32226.3400
1628414249317000,0,0.06708630,32192.0500
1628414249317000,0,0.02586893,32195.5500
1628414354294000,0,0.00089000,32217.8500
1628414384815000,0,0.09291615,32209.7900
1628414425958000,1,0.00225009,32161.1400
1628414571140000,1,0.06712214,32157.9000
1628414583432000,1,0.06000000,32154.4300
1628414583585000,1,0.06000000,32150.9400
1628414587581000,1,0.06713573,32151.3100
1628414587581000,1,0.02286427,32147.8800
1628414587644000,1,0.04427932,32147.8800
1628414649334000,0,0.00283000,32179.3500
1628414650043000,0,0.01549972,32181.2200
1628414653979000,0,0.00310000,32177.6000
1628414725752000,0,0.00767000,32171.7100
1628414937405000,1,0.06000000,32198.2600
1628414937419000,1,0.00704595,32198.2600
1628414988178000,1,0.06687450,32269.1500
1628415003825000,1,0.06000000,32249.4800
1628415003895000,1,0.06691421,32244.7800
1628415022054000,1,0.06690639,32261.7300
1628415022054000,1,0.06691865,32255.8600
1628415022161000,1,0.06692505,32251.9900
1628415022161000,1,0.06693267,32248.3500
1628415022161000,1,0.06691421,32244.7800
1628415126117000,1,0.06679936,32309.5700
1628415137419000,0,0.01198835,32301.4900
1628415193593000,1,0.06685713,32282.6600
1628415193626000,1,0.06686359,32279.0800
1628415237654000,1,0.00092604,32275.9700
1628415237654000,1,0.00532080,32270.0300
1628415381244000,1,0.06000000,32216.0200
1628415465629000,1,0.06000000,32219.7300
1628415487974000,0,0.00182060,32233.4800
1628415554589000,0,0.00146576,32242.4500
1628415578669000,1,0.01090000,32220.6500
1628415630787000,1,0.06700077,32220.4000
1628415644604000,1,0.06000000,32213.2800
1628415648306000,1,0.00100105,32209.7200
1628415670809000,1,0.02000000,32190.4800
1628415675530000,1,0.06706707,32185.0000
1628415681636000,1,0.06000000,32177.2200
1628415731372000,1,0.06710177,32175.3400
1628415731404000,1,0.00000001,32175.3400
1628415731461000,1,0.06704434,32172.1100
1628415731481000,1,0.06710762,32169.2500
1628415731602000,1,0.06000000,32160.8800
1628415828585000,0,0.00677166,32222.0600
1628415918155000,1,0.06700424,32197.9700
1628415919114000,1,0.01000000,32197.9700
1628415973817000,1,0.06706679,32164.2100
1628415973817000,1,0.06710741,32164.1000
1628415987649000,1,0.01000000,32156.0500
1628416028868000,0,0.00646219,32172.1300
1628416231642000,1,0.06703744,32200.6800
1628416256349000,1,0.06000000,32172.1000
1628416256703000,1,0.01000000,32163.4600
1628416285320000,1,0.05630984,32159.2100
1628416319653000,1,0.06000000,32199.8700
1628416380026000,0,0.00097297,32195.8100
1628416380026000,0,0.00343792,32198.6200
1628416458184000,1,0.06707799,32161.1900
1628416461415000,1,0.00241189,32156.8200
1628416463869000,1,0.06000000,32157.9400
1628416476151000,1,0.03000000,32157.1900
1628416478027000,0,0.03376000,32175.4500
1628416500025000,1,0.06000000,32171.1300
1628416500050000,1,0.06711749,32167.7200
1628416550187000,1,0.06000000,32194.5500
1628416557396000,1,0.01000000,32205.5600
1628416562773000,0,0.00138000,32218.7700
1628416632305000,1,0.06702098,32215.9000
1628416632336000,1,0.00000001,32215.9000
1628416632363000,1,0.06702773,32212.6800
1628416632363000,1,0.06703735,32208.1700
1628416632363000,1,0.06704608,32204.7000
1628416650349000,1,0.00202583,32201.0300
1628416684974000,0,0.02085000,32215.2900
1628416689831000,1,0.06000000,32192.3900
1628416689846000,1,0.00706735,32192.3900
1628416804592000,1,0.06000000,32216.5100
1628416831859000,1,0.01000000,32245.5100
1628416831994000,1,0.05000000,32245.5100
1628416851705000,1,0.06692343,32257.2400
1628416891441000,1,0.02000000,32279.7500
1628416936748000,1,0.06000000,32284.7900
1628416936781000,1,0.00686002,32284.7900
1628416964951000,1,0.06684308,32272.3300
1628416965082000,1,0.31300000,32270.7100
1628416965082000,1,0.06685214,32267.8500
1628417067436000,0,0.03199939,32282.1700
1628417084653000,1,0.06691616,32265.8700
1628417084653000,1,0.06691861,32262.5600
1628417084653000,1,0.70000000,32261.4300
1628417084653000,1,0.06692532,32259.1700
1628417084653000,1,0.06693304,32255.6000
1628417084653000,1,0.46331469,32252.3000
1628417084653000,1,0.06693675,32252.2900
1628417084653000,1,0.00090072,32250.8300
1628417084653000,1,0.00095340,32243.9500
1628417084653000,1,0.00094613,32237.1500
1628417084653000,1,0.42400000,32234.6700
1628417084653000,1,0.02500000,32233.8000
1628417084653000,1,0.00093471,32230.6900
1628417084653000,1,0.00715692,32210.9100
1628417084653000,1,1.53004707,32210.9000
1628417084653000,1,0.01789231,32207.0700
1628417084653000,1,0.07600000,32207.0600
1628417084653000,1,0.04651683,32129.0200
1628417084653000,1,0.26200000,32129.0100
1628417084653000,1,0.63800000,32129.0000
1628417084653000,1,1.47170734,32117.8100
1628417138927000,1,0.06692944,32259.9600
1628417138927000,1,0.00000001,32259.9600
1628417138927000,1,0.06692945,32256.7300
1628417139203000,1,0.06694643,32249.4900
1628417191225000,1,0.01000000,32256.0600
1628417205077000,1,0.03000000,32233.8900
1628417269264000,0,0.06710766,32189.5200
1628417270709000,0,0.02000000,32193.9200
1628417270721000,0,0.00500000,32193.9200
1628417294023000,1,0.06000000,32174.8800
1628417310002000,0,0.02500000,32182.1100
1628417310002000,0,0.04041112,32186.6100
1628417408516000,0,0.00154000,32171.5800
1628417425891000,0,0.00661528,32149.7700
1628417472007000,1,0.06731110,32073.0600
1628417472007000,1,0.06268890,32066.9000
1628417472018000,1,0.00458486,32066.9000
1628417494713000,1,0.06730971,32075.9200
1628417494815000,1,0.00800000,32070.8400
1628417494844000,1,0.05931758,32070.8400
1628417494844000,1,0.06732658,32065.7400
1628417494961000,1,0.06733617,32060.3000
1628417532723000,0,0.02499999,32055.8100
1628417532740000,0,0.00000001,32055.8100
1628417533299000,0,0.02499999,32073.8300
1628417533317000,0,0.00000001,32073.8300
1628417548257000,0,0.01703319,32096.0300
1628417548311000,0,0.00796681,32096.0300
1628417557901000,1,0.06000000,32104.5700
1628417557976000,1,0.00724441,32104.5700
1628417594502000,0,0.02000000,32107.7800
1628417594527000,0,0.00500000,32107.7800
1628417621046000,1,0.06000000,32119.3800
1628417624389000,0,0.02000000,32124.4300
1628417624492000,0,0.00499999,32124.4300
1628417624501000,0,0.00000001,32124.4300
1628417749598000,1,0.01000000,32041.2100
1628417813269000,0,0.00152372,32058.7300
1628417834451000,1,0.06738118,32039.0700
1628417857895000,1,0.04500227,32045.3300
1628417883076000,1,0.06737043,32043.5600
1628417883076000,1,0.26000000,32043.5600
1628417883076000,1,0.06737769,32039.8600
1628417883076000,1,0.06738691,32036.2000
1628417883076000,1,0.03877278,32032.2800
1628417949798000,0,0.00096386,32009.1600
1628417949798000,0,0.00373629,32013.7200
1628417951765000,0,0.00093216,32000.0100
1628417951786000,0,0.00001902,32000.0100
1628417953687000,1,0.00440000,32000.0000
1628417969200000,0,0.00093694,32017.7400
1628417969200000,0,0.00805306,32025.6100
1628417988414000,1,0.00150073,31984.4900
1628417988983000,1,0.00800551,31965.9300
1628418111287000,1,0.02148413,31952.6300
1628418111300000,1,0.08122385,31952.6300
1628418111304000,1,0.19929202,31952.6300
1628418120915000,0,0.00086477,31942.7500
1628418124664000,0,0.00906036,31938.4000
1628418127708000,1,0.04875627,31917.1900
1628418127775000,0,0.00093847,31933.3700
1628418127775000,0,0.00092381,31942.2900
1628418127775000,0,0.00266812,31947.0700
1628418127959000,1,0.06759247,31892.0200
1628418131187000,0,0.02268886,31897.1400
1628418158914000,1,0.06000000,31854.3400
1628418160330000,0,0.00908097,31872.8000
1628418204073000,0,0.06772735,31890.4400
1628418204073000,0,0.03468754,31892.2400
1628418204162000,0,0.00800000,31892.2400
1628418217960000,1,0.06770623,31874.1400
1628418222212000,0,0.01363335,31849.8300
1628418251558000,0,0.06772322,31895.4100
1628418251564000,0,0.00000001,31895.4100
1628418265501000,0,0.02500000,31908.3700
1628418277856000,0,0.02000000,31966.0300
1628418277882000,0,0.00500000,31966.0300
1628418288402000,1,0.39000000,31942.8400
1628418311346000,0,0.02499999,31966.4300
1628418311348000,0,0.00000001,31966.4300
1628418601811000,0,0.06759364,31956.5000
1628418605113000,0,0.06000000,31969.9300
1628418673218000,0,0.05605828,31987.7400
1628418673993000,0,0.04394171,31987.7400
1628418678920000,0,0.00000001,31987.7400
1628418850092000,0,0.00331122,31973.0700
1628418852665000,0,0.00725000,31973.0700
1628418890653000,1,0.00100000,31955.1900
1628418890766000,0,0.00150000,31961.3700
1628418891752000,1,0.00004914,31955.1900
1628419019864000,1,0.00096938,31961.0400
1628419019864000,1,0.02403062,31959.2200
1628419117940000,1,0.00700000,31949.0200
1628419126927000,0,0.00186000,31956.5000
1628419204973000,1,0.02521426,31950.5800
1628419204986000,1,0.04234297,31950.5800
1628419205131000,1,0.06756772,31941.7900
1628419245665000,0,0.06000000,31894.2800
1628419248674000,0,0.00878746,31901.2000
1628419380103000,0,0.00310000,31856.9900
1628419396569000,0,0.02458521,31856.9900
1628419402449000,0,0.02139521,31887.3200
1628419402780000,0,0.00360478,31887.3200
1628419403301000,0,0.00000001,31887.3200
1628419484252000,1,0.01684984,31905.5900
1628419484255000,1,0.05081024,31905.5900
1628419837034000,0,0.04519815,31971.1100
1628419890925000,0,0.00300000,31972.2200
1628419958618000,1,0.00091370,31983.5100
1628420078940000,1,0.00809796,31987.9500
1628420197204000,1,0.06753528,31965.4000
1628420197204000,1,0.06754334,31961.9900
1628420197204000,1,0.00747759,31958.7500
1628420227856000,0,0.00213640,31988.8900
1628420288113000,0,0.00305456,32008.3600
1628420412646000,0,0.00255000,31945.6600
1628420438388000,0,0.00177760,31985.5200
1628420664246000,0,0.00150000,32073.2200
1628420699568000,0,0.00304596,32065.9700
1628420719149000,0,0.04082376,32057.0600
1628420799846000,0,0.04504995,32065.0500
1628420840137000,0,0.00304732,32065.2900
1628420889364000,0,0.00616000,32067.9100
1628421120542000,0,0.04502842,32023.0900
1628421167785000,0,0.00472400,32015.2300
1628421234082000,0,0.00368421,32009.5200
1628421283188000,0,0.02000000,31973.3500
1628421395213000,0,0.00249000,31912.4600
1628421400114000,1,0.06770735,31858.5600
1628421400121000,1,0.06771505,31853.9000
1628421404321000,1,0.06630525,31841.9500
1628421429469000,1,0.06779467,31839.9100
1628421432065000,0,0.00909699,31819.8900
1628421441324000,0,0.00910122,31804.0900
1628421444489000,0,0.00090184,31793.6700
1628421444489000,0,0.00365018,31795.2300
1628421508563000,0,0.02499999,31838.2100
1628421508573000,0,0.00000001,31838.2100
1628421523405000,0,0.06782775,31849.5200
1628421523410000,0,0.00000001,31849.5200
1628421523496000,0,0.02499999,31852.7500
1628421523500000,0,0.00000001,31852.7500
1628421546017000,0,0.00077897,31926.5900
1628421574374000,0,0.06771360,31904.4000
1628421583161000,0,0.01217696,31921.5700
1628421596305000,0,0.06759118,31968.9000
1628421597364000,0,0.26000000,31991.6500
1628421740024000,0,0.05162142,32109.0300
1628421740028000,0,0.01565939,32109.0300
1628421747508000,0,0.03741990,32135.3800
1628421846391000,0,0.06734563,32068.2100
1628421846448000,0,0.06733104,32075.3700
1628421848638000,0,0.26000000,32094.4100
1628421895316000,0,0.02140000,32053.9500
1628421910190000,0,0.01179959,32043.4600
1628421924718000,0,0.00311000,32028.7600
1628421995444000,0,0.00599000,32023.7300
1628422011798000,0,0.00234809,32003.1100
1628422016003000,0,0.06514797,32003.1100
1628422016003000,0,0.05485203,32006.7900
1628422016399000,0,0.06748753,32031.0600
1628422089488000,0,0.01349000,32003.5500
1628422123882000,1,0.06743544,32012.8800
1628422123882000,1,0.06744238,32008.4500
1628422123882000,1,0.06502186,32004.0600
1628422123882000,1,0.00242596,32004.0600
1628422123882000,1,0.00097291,32002.8600
1628422124887000,1,0.19992758,32012.9000
1628422124909000,1,0.06007242,32012.9000
1628422124909000,1,0.06743544,32012.8800
1628422126281000,1,0.06742310,32017.5200
1628422126304000,1,0.00000001,32017.5200
1628422128079000,1,0.10807740,32022.3800
1628422128277000,1,0.10041584,32022.3800
1628422164238000,0,0.06743421,32033.6000
1628422164349000,0,0.00800000,32037.9200
1628422193345000,0,0.00421408,32083.4700
1628422193351000,0,0.06312174,32083.4700
1628422219253000,0,0.02499999,32139.3800
1628422242356000,0,0.03384710,32181.2000
1628422264761000,0,0.00247000,32185.1900
1628422373843000,0,0.02563979,32174.1100
1628422373845000,0,0.04150439,32174.1100
1628422373979000,0,0.06718385,32179.3400
1628422373979000,0,0.06715721,32189.2400
1628422375266000,0,0.29000000,32201.2500
1628422434391000,0,0.00298000,32193.0200
1628422579736000,1,0.06719786,32134.7800
1628422608106000,0,0.02109000,32147.8700
1628422688992000,0,0.01492000,32133.2600
1628422829966000,0,0.00618310,32184.4600
1628422848356000,1,0.06713712,32157.2100
1628422848356000,1,0.06714454,32153.3500
1628422924134000,0,0.00303889,32077.1900
1628422944393000,1,0.00161345,32062.8000
1628422988094000,0,0.00775463,32077.6100
1628423108867000,0,0.05779576,32040.7300
1628423108887000,0,0.00961963,32040.7300
1628423204153000,0,0.06000000,32106.3700
1628423204156000,0,0.00727683,32106.3700
1628423204180000,0,0.06727759,32110.3400
1628423204362000,0,0.06726116,32114.5300
1628423284939000,0,0.02818923,32116.8700
1628423330457000,0,0.01558000,32081.9700
1628423436030000,1,0.06110727,32070.1400
1628423459544000,0,0.00239000,32075.3000
1628423469498000,0,0.00135000,32087.0700
1628423728188000,0,0.00629000,32043.0200
1628423822827000,0,0.01472057,32070.0800
1628424004016000,1,0.00000001,32002.8600
1628424004016000,1,0.06663657,32000.7400
1628424004048000,1,0.00076927,32000.7400
1628424012316000,1,0.07000000,31977.6800
1628424037038000,1,0.00308746,31966.0600
1628424054383000,0,0.00584000,32025.5600
1628424055155000,0,0.00311784,32033.9600
1628424139178000,0,0.06718708,32157.1400
1628424139178000,0,0.06717752,32161.9400
1628424139178000,0,0.00092828,32164.0000
1628424139178000,0,0.06484570,32166.7900
1628424139179000,0,0.00231473,32166.7900
1628424148104000,0,0.04936994,32224.5300
1628424148108000,0,0.16874109,32224.5300
1628424148110000,0,0.04188897,32224.5300
1628424177684000,1,0.06711256,32167.5400
1628424177684000,1,0.06712115,32163.5300
1628424177729000,1,0.06712107,32160.1800
1628424305226000,1,0.06724596,32100.2600
1628424305302000,1,0.06725164,32096.2600
1628424579394000,0,0.01550090,32095.5500
1628424635974000,1,0.06728094,32086.0200
1628424635974000,1,0.06728817,32082.5500
1628424635974000,1,0.06730438,32078.0100
1628424635974000,1,0.06731152,32074.4900
1628424635974000,1,0.00095267,32067.4300
1628424635974000,1,0.08393737,32062.3500
1628424635974000,1,0.06728572,32062.3300
1628424635974000,1,0.46769320,32059.4900
1628424635974000,1,0.08959307,32058.7600
1628424700738000,0,0.06725676,32118.8500
1628424700738000,0,0.05572324,32119.0100
1628424754343000,0,0.46218971,32138.3000
1628424754343000,0,0.05781029,32138.3100
1628424801092000,0,0.04457518,32144.1200
1628424824670000,1,0.04377218,32139.6500
1628424968218000,0,0.00206211,32116.6900
1628425016165000,0,0.00523287,32127.6800
1628425178313000,0,0.00179000,32201.2900
1628425246206000,1,0.06700600,32194.1400
1628425289250000,0,0.06702397,32228.8500
1628425289250000,0,0.06707971,32232.8300
1628425297758000,1,0.00096343,32239.5000
1628425297758000,1,0.00358859,32237.9900
1628425304007000,1,0.00910122,32243.5400
1628425312299000,1,0.00909699,32263.3500
1628425328835000,0,0.00164000,32254.8800
1628425351271000,1,0.00680911,32279.3500
1628425456212000,1,0.00680700,32281.3300
1628425507548000,1,0.06695700,32236.9900
1628425564884000,1,0.06000000,32282.6200
1628425627168000,0,0.01634000,32298.2800
1628425661733000,1,0.00677792,32301.8200
1628425687872000,1,0.00232029,32318.6100
1628425700671000,0,0.00800000,32335.2700
1628425709661000,1,0.00672865,32322.2900
1628425741374000,1,0.00155539,32315.5700
1628425761368000,0,1.11477447,32350.0000
1628425766495000,1,0.00672656,32334.9900
1628425769329000,0,0.03355645,32361.4000
1628425777031000,1,0.00672448,32343.0500
1628425805157000,0,0.00308000,32376.4900
1628425806232000,1,0.06672409,32350.9300
1628425809556000,1,0.00063438,32345.9700
1628425813247000,1,0.00250917,32357.1800
1628425861254000,1,0.00453040,32376.4700
1628425879795000,0,0.00754382,32335.7800
1628425899921000,1,0.06679630,32317.9700
1628425899921000,1,0.06679767,32314.7200
1628425899996000,1,0.00800000,32310.3200
1628425955251000,1,0.06680957,32304.8700
1628425955262000,1,0.00000001,32304.8700
1628426104171000,0,0.00089000,32296.1600
1628426133691000,1,0.06000000,32285.3100
1628426252416000,0,0.00773000,32308.2500
1628426409434000,0,0.00594000,32276.1900
1628426571502000,0,0.00176118,32316.5700
1628426687725000,0,0.02969000,32309.3100
1628426691782000,0,0.00132092,32302.5700
1628426815073000,0,0.00307469,32360.9200
1628426861221000,0,0.06675897,32357.5400
1628426861347000,0,0.03000000,32357.5400
1628426953511000,0,0.06680942,32331.4300
1628426953512000,0,0.00000001,32331.4300
1628427131213000,0,0.00237000,32384.5000
1628427192742000,0,0.00150876,32397.5800
1628427215229000,1,0.00906036,32393.3000
1628427230457000,0,0.00296000,32447.4200
1628427245960000,0,0.19749972,32462.9500
1628427245960000,0,0.17134070,32462.9600
1628427251233000,1,0.00470015,32445.0700
1628427311300000,1,0.06661308,32401.0100
1628427496962000,1,0.00469927,32454.9500
1628427509237000,1,0.00092261,32468.6900
1628427509237000,1,0.00377402,32465.3100
1628427539604000,1,0.00469632,32482.0500
1628427545643000,1,0.06648484,32466.0700
1628427660040000,0,0.00089000,32461.8800
1628427727310000,0,0.00800000,32491.8900
1628427738200000,1,0.00469435,32489.6400
1628427747142000,1,0.00651123,32499.6500
1628427756226000,0,0.13639890,32533.6200
1628427757202000,1,0.00650923,32507.5300
1628427783680000,0,0.05638566,32535.5500
1628427789013000,1,0.00095199,32529.5000
1628427789013000,1,0.00949598,32527.7900
1628427804455000,0,0.00480000,32550.5000
1628427809789000,1,0.00077070,32529.8700
1628427834059000,1,0.06637936,32521.2900
1628427907065000,0,0.00153163,32481.6600
1628427913447000,0,0.06652548,32468.3400
1628427913447000,0,0.02867177,32472.0300
1628427913454000,0,0.03784630,32472.0300
1628427988844000,0,0.00872382,32506.3700
1628428156396000,1,0.06673123,32342.3900
1628428210631000,0,0.00207000,32383.7300
1628428251417000,0,0.06000000,32372.9600
1628428254783000,0,0.00296000,32380.2900
1628428294611000,0,0.00089000,32384.8200
1628428675304000,1,0.00096021,32356.0600
1628428765760000,0,0.00585164,32334.6300
1628428916238000,0,0.00290033,32341.6900
1628428959171000,0,0.00208000,32339.9400
1628428960443000,1,0.00158466,32328.1400
1628429055718000,0,0.01544000,32369.9900
1628429168465000,0,0.01184000,32402.5900
1628429197105000,1,0.00000001,32328.1400
1628429197105000,1,0.04459087,32320.3100
1628429238663000,0,0.00093691,32324.0000
1628429238663000,0,0.00505309,32327.7500
1628429315014000,0,0.00446000,32286.6300
1628429316779000,0,0.00927000,32290.1300
1628429336043000,0,0.04586000,32297.0600
1628429549747000,0,0.00475000,32305.5600
1628429549961000,0,0.00186000,32306.3600
1628429723553000,0,0.00091260,32305.2200
1628429723553000,0,0.00009740,32307.9100
1628429863289000,0,0.06000000,32184.6600
1628429864556000,0,0.06705868,32195.7700
1628429879044000,0,0.06000000,32218.8000
1628429879046000,0,0.00701636,32218.8000
1628429896102000,0,0.06000000,32186.2800
1628429896158000,0,0.00708148,32186.2800
1628429896348000,0,0.06706984,32191.1400
1628429900774000,0,0.06708712,32216.2600
1628429921664000,0,0.01000000,32224.0000
1628429937361000,0,0.06703922,32235.4400
1628430098752000,0,0.06708536,32198.8200
1628430203993000,0,0.06000000,32211.2500
1628430331759000,0,0.06701300,32227.8200
1628430331759000,0,0.15301522,32229.6500
1628430337992000,1,0.08040417,32189.3700
1628430355931000,1,0.01018105,32160.9900
1628430418242000,0,0.06716088,32156.3000
1628430418244000,0,0.00000001,32156.3000
1628430418245000,0,0.06715365,32159.8100
1628430418433000,0,0.06713843,32166.7000
1628430418486000,0,0.02000000,32169.9800
1628430420520000,0,0.06000000,32191.6300
1628430420568000,0,0.02000000,32191.6300
1628430420608000,0,0.40000000,32191.6300
1628430735717000,0,0.00104000,32188.7800
1628430809084000,1,0.00814746,32170.3200
1628430821972000,0,0.00089000,32184.1000
1628430865307000,1,0.06714079,32145.2700
1628430865310000,1,0.00000001,32145.2700
1628430890615000,1,0.10573082,32135.9600
1628430890616000,1,0.13404110,32135.9600
1628430914123000,0,0.00097390,32137.7500
1628430914123000,0,0.00573610,32139.6500
1628430930385000,1,0.06717268,32093.8400
1628430930385000,1,0.06718321,32090.3000
1628431040611000,1,0.00097103,32151.5200
1628431040611000,1,0.00465960,32151.0100
1628431072991000,0,0.01235486,32214.0300
1628431120975000,0,0.00263167,32220.8900
1628431372202000,1,0.05099851,32284.5900
1628431372380000,1,0.03849787,32276.3600
1628431419486000,0,0.00297000,32262.1200
1628431508173000,0,0.00096339,32096.2400
1628431508173000,0,0.00367312,32104.4300
1628431588191000,0,0.00463776,32094.2100
1628431591508000,0,0.01379637,32098.3000
1628431595550000,0,0.00149000,32102.2000
1628431601005000,0,0.00463885,32081.4900
1628431608937000,0,0.00464169,32057.8200
1628431613713000,0,0.05264310,32076.0400
1628431613713000,0,0.01470956,32076.0400
1628431648513000,0,0.00307000,32164.4700
1628431655102000,1,0.00800382,32130.1900
1628431768797000,0,0.06000000,32142.8200
1628431801817000,0,0.00147442,32209.8300
1628432053005000,0,0.00104000,32184.2300
1628432133083000,0,0.00589209,32124.5800
1628432155514000,0,0.06000000,32112.4500
1628432155526000,0,0.00724858,32112.4500
1628432163513000,1,0.00088870,32099.8900
1628432263876000,0,0.00456148,32104.9500
1628432340848000,0,0.06000000,32089.0300
1628432404183000,0,0.01141441,32138.0500
1628432571636000,0,0.00464189,32064.6000
1628432577069000,1,0.06735172,32046.3300
1628432577082000,1,0.00000001,32046.3300
1628432580840000,0,0.00929027,32047.4800
1628432589436000,0,0.00464691,32025.2800
1628432613141000,1,0.06739976,32019.1400
1628432622935000,1,0.06739300,32022.4800
1628432630983000,0,0.00464773,32026.9000
1628432634764000,1,0.06744420,31994.7000
1628432637635000,0,0.00464955,32013.2300
1628432729716000,0,0.00465110,31999.1000
1628432784224000,1,0.00734047,32015.4400
1628432784224000,1,0.06009663,32015.4400
1628432784267000,1,0.06744477,32008.7200
1628432784525000,1,0.06743615,31989.3300
1628432784525000,1,0.00632488,31982.4300
1628432787368000,0,0.00094587,31988.1200
1628432787368000,0,0.00370642,31991.3800
1628432798532000,0,0.00465454,31981.6200
1628432799925000,0,0.06000000,31992.9800
1628432831997000,1,0.06731487,32076.4300
1628432885368000,0,0.00151072,32051.4000
1628432886949000,0,0.06000000,32051.4000
1628432886950000,0,0.00591855,32051.4000
1628433010241000,0,0.00465481,31978.1700
1628433015667000,1,0.00545787,31954.9800
1628433022957000,0,0.00465654,31952.3100
1628433026664000,0,0.00465802,31951.8800
1628433057479000,1,0.01151543,31922.9000
1628433060094000,0,0.00932339,31933.2700
1628433082687000,1,0.16446019,31935.8800
1628433086027000,0,0.00086257,31925.1300
1628433104623000,0,0.00466253,31926.8400
1628433115372000,0,0.00933089,31906.5600
1628433138279000,1,0.00462452,31894.0600
1628433187161000,0,0.00751000,31925.1100
1628433214411000,0,0.00466660,31892.8200
1628433262016000,0,0.00361000,31897.1900
1628433270536000,0,0.00466842,31878.4000
1628433279070000,0,0.00467018,31873.9700
1628433294542000,0,0.01420825,31875.9400
1628433294558000,0,0.05355900,31875.9400
1628433294580000,0,0.06775891,31880.2600
1628433307020000,1,0.44000000,31861.7500
1628433307075000,1,0.00700000,31861.7500
1628433342149000,0,0.01548000,31903.5000
1628433347765000,0,0.06774277,31905.0900
1628433347765000,0,0.00000001,31905.0900
1628433463903000,1,0.06000000,31933.1600
1628433517283000,0,0.00296125,31939.9400
1628433563458000,0,0.02185473,31943.0500
1628433563476000,0,0.04577727,31943.0500
1628433601819000,0,0.00164000,31956.5700
1628433651365000,1,0.17000000,31870.8300
1628433651414000,1,0.02000000,31870.8300
1628433651431000,1,0.12000000,31870.8300
1628433676109000,0,0.00467192,31862.6600
1628433701499000,0,0.00467292,31852.1900
1628433706626000,1,0.06779539,31816.9600
1628433714021000,0,0.00467410,31834.9700
1628433728252000,0,0.01403798,31809.2600
1628433729298000,0,0.00097371,31810.8400
1628433729298000,0,0.01651629,31812.3200
1628433740534000,0,0.00936306,31793.7100
1628433744402000,0,0.02574000,31818.1500
1628433782486000,0,0.00250000,31826.6700
1628433804900000,1,0.06793648,31774.1900
1628433809419000,1,0.03540745,31745.8300
1628433814121000,0,0.00936879,31758.1700
1628433829858000,0,0.00086827,31712.1600
1628433831452000,1,0.13948636,31653.2500
1628433834938000,0,0.41000000,31705.4600
1628433835015000,0,0.00400000,31705.4600
1628433837874000,1,0.00094922,31714.1200
1628433837874000,1,0.00095770,31707.4700
1628433837874000,1,0.01957308,31698.7000
1628433854461000,1,0.06000000,31726.4300
1628433856943000,0,0.08949261,31775.8100
1628433857092000,0,0.08631889,31775.8100
1628433857124000,0,0.07141376,31775.8100
1628433878953000,1,0.06789809,31787.6100
1628433880461000,0,0.00603000,31794.8400
1628433888217000,0,0.00689854,31790.0800
1628433929978000,1,0.01000000,31780.8900
1628433939284000,1,0.03852122,31820.2800
1628433939310000,1,0.02932854,31820.2800
1628433941060000,1,0.32000000,31790.3600
1628433941084000,1,0.00600000,31790.3600
1628433958793000,1,0.01542559,31773.3500
1628434004746000,1,0.06784179,31817.6300
1628434004777000,1,0.00000001,31817.6300
1628434009174000,0,0.01428916,31835.9600
1628434142785000,1,0.04000000,31836.4500
1628434142845000,1,0.02780237,31836.4500
1628434240942000,1,0.00500000,31853.7500
1628434342008000,1,0.06785339,31786.3700
1628434352697000,0,0.00466000,31796.6000
1628434503610000,0,0.00091000,31772.8000
1628434581104000,0,0.00608098,31761.1000
1628434621648000,1,0.03453169,31693.7300
1628434653417000,1,0.43100000,31656.8300
1628434658625000,0,0.00426168,31660.2700
1628434682306000,1,0.02228266,31663.6300
1628434683891000,0,0.00091000,31686.1900
1628434725222000,0,0.00426278,31657.7300
1628434753233000,0,0.06826611,31644.9300
1628434753241000,0,0.00000001,31644.9300
1628434754260000,1,0.06822569,31639.3700
1628434754372000,1,0.06824204,31632.2300
1628434760411000,0,0.00426468,31643.6300
1628434770968000,0,0.00853399,31626.0400
1628434773023000,1,0.02477541,31600.0000
1628434773070000,1,0.08521865,31600.0000
1628434773171000,1,0.00800000,31600.0000
1628434773344000,1,0.02134531,31600.0000
1628434773351000,1,0.08908372,31600.0000
1628434773421000,1,0.77157691,31600.0000
1628434790859000,0,0.00136000,31642.0500
1628434796717000,0,0.06000000,31635.2400
1628434808900000,0,0.01966641,31645.4400
1628434814951000,0,0.18387357,31666.0900
1628434823725000,0,0.00272000,31681.8300
1628434843640000,1,0.00174007,31697.4200
1628434856446000,1,0.06000000,31678.4400
1628434856498000,1,0.00813841,31678.4400
1628434860745000,1,0.04875951,31652.6800
1628434861546000,1,0.08965257,31652.6800
1628434862244000,1,0.11993621,31652.6800
1628434863494000,1,0.26000000,31652.6800
1628434863506000,1,0.00565171,31652.6800
1628434873155000,0,0.00426908,31609.4000
1628434876450000,0,0.00426929,31595.4600
1628434890208000,1,0.20011866,31621.4200
1628434891798000,0,0.06240000,31616.6700
1628434908743000,0,0.00230000,31657.8700
1628434947401000,1,0.13000000,31670.1200
1628434952806000,0,0.00901172,31688.5400
1628434973594000,0,0.44000000,31685.6000
1628435003270000,0,0.00308547,31675.7500
1628435056350000,1,0.06816755,31663.8700
1628435189106000,0,0.00091000,31770.3700
1628435189721000,0,0.00302000,31765.5500
1628435232702000,0,0.04289827,31771.1100
1628435232702000,0,0.06798100,31771.6400
1628435239012000,1,0.00300000,31755.3700
1628435369232000,0,0.26000000,31764.0800
1628435369232000,0,0.06800112,31765.6600
1628435369232000,0,0.26000000,31767.5200
1628435369232000,0,0.03833264,31769.1000
1628435374658000,1,0.00679202,31739.6200
1628435426996000,0,0.06801068,31772.4400
1628435426996000,0,0.06805209,31773.6400
1628435477443000,0,0.06794986,31783.6700
1628435477607000,0,0.06000000,31787.3400
1628435477646000,0,0.00800121,31787.3400
1628435477843000,0,0.01000000,31787.8600
1628435514190000,0,0.00160000,31762.8600
1628435545552000,0,0.06804435,31740.8700
1628435545552000,0,0.06803484,31744.9100
1628435584423000,0,0.06000000,31750.8000
1628435613682000,0,0.10923584,31734.8400
1628435645011000,0,0.00069227,31723.2300
1628435646121000,0,0.03340714,31724.3900
1628435646134000,0,0.03467022,31724.3900
1628435680028000,0,0.06816635,31670.5300
1628435680043000,0,0.00000834,31670.5300
1628435680043000,0,0.06816636,31674.8000
1628435681337000,0,0.06817469,31670.5300
1628435681888000,0,0.02000000,31674.8000
1628435681975000,0,0.04000000,31674.8000
1628435682170000,0,0.00816636,31674.8000
1628435682841000,0,0.06000000,31674.8000
1628435683226000,0,0.00816635,31674.8000
1628435684333000,0,0.00000001,31674.8000
1628435684333000,0,0.00455213,31674.8000
1628435684412000,0,0.06000000,31674.8000
1628435684775000,0,0.00361423,31674.8000
1628435686425000,0,0.06000000,31674.8000
1628435686967000,0,0.00254565,31674.8000
1628435687226000,0,0.00235928,31674.8000
1628435687558000,0,0.00326143,31674.8000
1628435691398000,0,0.06000000,31671.0400
1628435691432000,0,0.00817047,31671.0400
1628435691536000,0,0.06680706,31671.0400
1628435691565000,0,0.00136341,31671.0400
1628435693057000,0,0.05000000,31662.2800
1628435693300000,0,0.01000000,31662.2800
1628435694403000,0,0.00818932,31662.2800
1628435694403000,0,0.06181068,31667.0900
1628435694742000,0,0.06818932,31662.2800
1628435694742000,0,0.00181068,31667.0900
1628435695235000,1,0.03767330,31644.5300
1628435695362000,1,0.01088139,31644.5300
1628435696672000,0,0.03519667,31661.8200
1628435696672000,0,0.03299671,31661.8200
1628435696757000,0,0.00455728,31667.0900
1628435696757000,0,0.06817047,31671.0400
1628435696757000,0,0.06816636,31674.8000
1628435697485000,0,0.03000000,31680.9600
1628435698149000,0,0.01000000,31680.9600
1628435699085000,0,0.02816224,31680.9600
1628435699412000,0,0.06000000,31688.3100
1628435705179000,0,0.01854800,31676.7000
1628435705195000,0,0.04962406,31676.7000
1628435705771000,0,0.06000000,31680.9700
1628435705796000,0,0.06815457,31685.1400
1628435712354000,0,0.06814101,31719.0000
1628435712354000,0,0.06810500,31719.7000
1628435733812000,0,0.05581636,31733.1600
1628435733844000,0,0.01224144,31733.1600
1628435737589000,0,0.06000000,31733.3500
1628435738975000,0,0.06000000,31742.2000
1628435744152000,0,0.06000000,31739.6100
1628435744589000,0,0.06000000,31744.5000
1628435746202000,0,0.06000000,31737.4700
1628435746840000,0,0.06000000,31741.6200
1628435748493000,0,0.06000000,31745.7100
1628435748542000,0,0.00801610,31745.7100
1628435748826000,0,0.06806554,31753.3800
1628435749978000,0,0.06802240,31765.7400
1628435749981000,0,0.00000001,31765.7400
1628435754739000,0,0.20023508,31767.2600
1628435754742000,0,0.05976491,31767.2600
1628435754771000,0,0.00000001,31767.2600
1628435755118000,0,0.02000000,31768.8000
1628435755170000,0,0.05000000,31768.8000
1628435755340000,0,0.03000000,31768.8000
1628435756189000,0,0.07000000,31768.5800
1628435759043000,0,0.20000000,31749.2900
1628435759074000,0,0.06000000,31749.2900
1628435759488000,0,0.06000000,31745.2200
1628435762011000,0,0.06799937,31750.8700
1628435762862000,0,0.06000000,31756.8400
1628435766421000,0,0.06000000,31751.6200
1628435766476000,0,0.00799306,31751.6200
1628435766948000,0,0.26000000,31750.0400
1628435768514000,0,0.01000000,31750.0400
1628435768944000,0,0.06000000,31751.6200
1628435770163000,0,0.00799305,31751.6200
1628435770271000,0,0.00000001,31751.6200
1628435774018000,0,0.06000000,31743.3800
1628435774220000,0,0.00799990,31743.3800
1628435774220000,0,0.06200010,31746.9200
1628435774307000,0,0.00599331,31746.9200
1628435775198000,0,0.06000000,31746.9200
1628435777729000,0,0.00799341,31746.9200
1628435777729000,0,0.06200659,31750.8900
1628435777925000,0,0.00597820,31750.8900
1628435778694000,0,0.00798968,31756.8400
1628435778694000,0,0.06201032,31762.7300
1628435778878000,0,0.00596723,31762.7300
1628435778891000,0,0.00000001,31762.7300
1628435779577000,0,0.06000000,31769.7500
1628435781048000,0,0.00799254,31769.7500
1628435781057000,0,0.00000001,31769.7500
1628435786848000,0,0.06000000,31771.7000
1628435786952000,0,0.00794478,31771.7000
1628435794431000,0,0.06795521,31767.3600
1628435795811000,1,0.04455957,31759.8100
1628435800724000,0,0.06000000,31758.0500
1628435800726000,0,0.00796326,31758.0500
1628435802613000,0,0.03000000,31758.0500
1628435802691000,0,0.03796326,31758.0500
1628435806104000,1,0.01143730,31735.2100
1628435816390000,0,0.04549920,31748.9400
1628435816459000,0,0.02000000,31748.9400
1628435816508000,0,0.00248601,31748.9400
1628435825779000,0,0.04513097,31739.3100
1628435826370000,0,0.02000000,31739.3100
1628435826396000,0,0.00287808,31739.3100
1628435827256000,0,0.04000000,31745.2800
1628435829480000,0,0.06000000,31755.5700
1628435829512000,0,0.00802792,31755.5700
1628435829722000,0,0.06801871,31759.8100
1628435837100000,0,0.26000000,31751.9600
1628435837100000,0,0.06000000,31753.5400
1628435847309000,0,0.01000000,31763.1000
1628435847361000,0,0.05702818,31763.1000
1628435847394000,0,0.00093121,31763.1000
1628435855614000,0,0.06796869,31759.7000
1628435869992000,1,0.06802376,31735.4200
1628435872232000,1,0.06802147,31735.4200
1628435873746000,0,0.06802323,31739.8800
1628435873746000,0,0.06197677,31739.8900
1628435896853000,1,0.01541439,31686.4200
1628435904841000,0,0.06000000,31708.7100
1628435904956000,0,0.06807149,31713.9700
1628435934735000,0,0.06000000,31722.0200
1628435959626000,0,0.06000000,31728.2200
1628435959678000,0,0.06802353,31731.6900
1628435959960000,0,0.06000000,31735.3200
1628435998594000,0,0.06803107,31731.7900
1628435998594000,0,0.00803602,31735.3200
1628436026195000,0,0.00091000,31744.5700
1628436043739000,1,0.02500000,31711.8400
1628436043739000,1,0.06804508,31699.2200
1628436043739000,1,0.46199255,31694.4600
1628436043739000,1,0.06805288,31694.4500
1628436043739000,1,0.06802012,31689.9100
1628436043739000,1,0.00091984,31687.1300
1628436043739000,1,0.06802616,31686.1500
1628436043739000,1,0.02540657,31686.1100
1628436087943000,0,0.06000000,31708.7200
1628436087961000,0,0.06806977,31712.9500
1628436106981000,0,0.06807506,31710.7700
1628436106981000,0,0.06806753,31714.4600
1628436117857000,1,0.00094409,31708.4400
1628436117857000,1,0.00761981,31708.3800
1628436140074000,0,0.06799834,31754.1300
1628436140074000,0,0.06200166,31754.3900
1628436148165000,1,0.00217980,31744.7300
1628436160928000,0,0.00470000,31758.0600
1628436193993000,0,0.06000000,31755.4900
1628436208546000,0,0.06796069,31763.8300
1628436208600000,0,0.06795949,31767.8900
1628436213842000,0,0.02000000,31772.5300
1628436218410000,1,0.00925144,31737.6800
1628436230865000,1,0.02499999,31736.4800
1628436251757000,0,0.06000000,31736.0700
1628436251868000,0,0.06799936,31744.5100
1628436264713000,1,0.08574660,31763.3700
1628436264756000,1,0.17637891,31763.3700
1628436264775000,1,0.11187449,31763.3700
1628436308643000,0,0.06795028,31772.5800
1628436308729000,1,0.00326028,31751.5600
1628436378049000,1,0.36000000,31704.7000
1628436378069000,1,0.09000000,31704.7000
1628436378467000,1,0.04799999,31704.7000
1628436378937000,1,0.00000001,31704.7000
1628436402284000,0,0.06000000,31703.7900
1628436410844000,0,0.05000000,31708.1300
1628436425276000,1,0.02499999,31688.7500
1628436448038000,0,0.06000000,31684.0600
1628436448436000,0,0.06000000,31699.3800
1628436456590000,1,0.06798924,31727.4300
1628436557185000,0,0.06821967,31649.3000
1628436599554000,1,0.00852356,31660.6100
1628436662401000,0,0.06830594,31603.9700
1628436685480000,0,0.00150045,31597.0700
1628436685488000,0,0.06681424,31597.0700
1628436685595000,0,0.06830010,31603.7900
1628436695001000,0,0.00091235,31574.4800
1628436695001000,0,0.00092249,31580.8900
1628436695001000,0,0.00095242,31588.9000
1628436695001000,0,0.00148413,31590.2700
1628436701786000,1,0.20015912,31561.8200
1628436701786000,1,0.07976986,31561.8200
1628436701830000,1,0.01607102,31561.8200
1628436701830000,0,0.00427267,31578.6800
1628436704989000,0,0.00427402,31574.4800
1628436728724000,0,0.00304000,31563.9600
1628436730157000,0,0.00427544,31563.9600
1628436737722000,0,0.06000000,31548.1300
1628436737738000,0,0.00843087,31548.1300
1628436742318000,0,0.00427614,31558.8100
1628436745284000,1,0.13882407,31533.3300
1628436754432000,1,0.00057795,31533.3300
1628436755358000,1,0.11353221,31511.6700
1628436755426000,1,0.02979256,31508.2300
1628436755449000,1,0.13497842,31508.2300
1628436755453000,1,0.03562807,31508.2300
1628436755541000,1,0.11590935,31508.2400
1628436755560000,1,0.00707008,31508.2400
1628436755560000,1,0.12360095,31508.2300
1628436756285000,1,0.13766275,31506.5700
1628436756961000,0,0.00855834,31532.8700
1628436800186000,1,0.00495422,31600.1200
1628436806292000,0,0.06000000,31629.2800
1628436806351000,0,0.00824912,31629.2800
1628436806351000,0,0.06827872,31629.8500
1628436806376000,0,0.06824640,31634.5300
1628436806376000,0,0.06834001,31634.8200
1628436880522000,0,0.00158528,31674.9800
1628436908243000,0,0.06000000,31723.4900
1628436909166000,0,0.15685567,31727.8700
1628436909166000,0,0.10314433,31727.8700
1628436909553000,0,0.06000000,31731.0400
1628436910774000,0,0.00143510,31738.7000
1628436923110000,0,0.00151000,31743.2800
1628436935475000,0,0.00091000,31719.2700
1628437011087000,0,0.00628066,31713.9500
1628437011172000,1,0.03361486,31689.3300
1628437064248000,1,0.30000000,31753.4600
1628437070381000,1,0.00606047,31741.4300
1628437112330000,0,0.00351000,31773.3300
1628437140741000,0,0.06000000,31762.7800
1628437140812000,0,0.00795298,31762.7800
1628437145577000,1,0.47400000,31768.9900
1628437162509000,0,0.06788738,31797.4600
1628437162583000,0,0.06788383,31802.0600
1628437171606000,1,0.00091117,31796.8600
1628437171606000,1,0.01242737,31794.2200
1628437260069000,0,0.26000000,31800.6900
1628437260069000,0,0.06788865,31810.2400
1628437260069000,0,0.06792480,31811.8100
1628437260069000,0,0.10137642,31822.0500
1628437280272000,1,0.14348139,31750.6300
1628437329138000,0,0.00755000,31738.8300
1628437412224000,0,0.00104402,31710.7800
1628437544784000,1,0.00649248,31716.2400
1628437631017000,0,0.00470000,31753.7100
1628437652557000,1,0.00120826,31702.3200
1628437672885000,1,0.02500000,31720.5300
1628437672885000,1,0.00500000,31718.1700
1628437680527000,0,0.00544000,31733.3100
1628437687205000,0,0.00315000,31745.5500
1628437773143000,1,0.00188616,31725.0600
1628437891262000,0,0.06792977,31775.2300
1628437961488000,0,0.06000000,31769.1600
1628437982095000,0,0.03000000,31766.8300
1628437993155000,0,0.06793629,31771.4000
1628437993175000,0,0.06792788,31775.2900
1628438254094000,1,0.01300012,31651.5300
1628438297596000,0,0.06819540,31651.3200
1628438297662000,0,0.00000001,31651.3200
1628438324388000,1,0.00166800,31625.6000
1628438355708000,0,0.06821415,31644.8800
1628438365314000,1,0.03270000,31654.8800
1628438482164000,1,0.00100000,31626.9600
1628438532422000,0,0.06825426,31633.1000
1628438532422000,0,0.06823330,31637.2900
1628438614746000,1,0.02500000,31607.6400
1628438614746000,1,0.45668399,31602.9000
1628438614746000,1,0.06821973,31598.9900
1628438614746000,1,0.06824084,31587.4600
1628438614746000,1,0.06825356,31584.1800
1628438614746000,1,0.00093430,31581.9900
1628438614746000,1,0.06826165,31580.4500
1628438614746000,1,0.07400000,31577.5100
1628438614746000,1,0.00719754,31564.0800
1628438614746000,1,0.01799384,31564.0800
1628438614746000,1,0.00093723,31564.0700
1628438614746000,1,0.00719603,31530.9300
1628438614746000,1,0.02511140,31530.9200
1628438643948000,1,0.17071240,31577.5900
1628438644063000,1,0.09397100,31577.5900
1628438659915000,0,0.00093868,31576.3600
1628438733401000,0,0.00091365,31725.8600
1628438784386000,0,0.06796258,31755.1800
1628438784451000,0,0.06801829,31759.0200
1628438784451000,0,0.06796143,31764.2600
1628438784551000,0,0.06799306,31773.9200
1628438784551000,0,0.06799190,31775.3200
1628438789497000,0,0.13769007,31786.7800
1628438789498000,0,0.05951683,31786.7800
1628438789498000,0,0.01025041,31786.7900
1628438789498000,0,0.05768360,31786.7900
1628438789520000,0,0.06793899,31781.5000
1628438790341000,0,0.04000000,31795.8400
1628438792594000,0,0.00814000,31795.8400
1628438813741000,0,0.15000000,31794.1900
1628438813770000,0,0.11000000,31794.1900
1628438815071000,1,0.00173434,31768.0700
1628438924796000,0,0.01143000,31757.6400
1628438958399000,1,0.06802861,31687.8000
1628438997361000,0,0.00212000,31718.0700
1628439009600000,0,0.02268000,31719.6500
1628439038328000,0,0.06806720,31719.6200
1628439038334000,0,0.00000001,31719.6200
1628439038334000,0,0.06806082,31723.3200
1628439038527000,0,0.00800000,31731.0400
1628439065859000,0,0.01385824,31792.9300
1628439204467000,0,0.00090000,31818.9800
1628439216147000,0,0.00134032,31826.3000
1628439280938000,1,0.00093816,31912.1300
1628439296387000,1,0.00150000,31872.3300
1628439370778000,0,0.06762678,31921.0200
1628439411417000,0,0.06000000,31884.2500
1628439428180000,0,0.26000000,31877.7000
1628439428180000,0,0.06771684,31878.6000
1628439428180000,0,0.06770888,31882.4500
1628439428180000,0,0.26000000,31884.5000
1628439428180000,0,0.06506018,31886.0900
1628439635660000,0,0.00365000,31822.2000
1628439647647000,0,0.00136000,31806.7500
1628439687887000,1,0.13537930,31796.3200
1628439730179000,0,0.00558000,31811.0000
1628439757074000,1,0.00091025,31791.6500
1628439788315000,0,0.06784983,31817.6300
1628439788692000,0,0.27000000,31817.6300
1628439789042000,0,0.01000000,31817.6300
1628439789641000,0,0.09000000,31817.6300
1628439790222000,0,0.00614499,31817.6300
1628439790402000,0,0.00000001,31817.6300
1628439805609000,0,0.00626000,31859.6100
1628439816963000,0,0.00301000,31860.3100
1628439965507000,1,0.00800000,31774.6500
1628440027568000,0,0.00446710,31795.8900
1628440039301000,0,0.06000000,31799.6100
1628440237794000,1,0.02499999,31774.8300
1628440259300000,1,0.02499999,31750.1800
1628440360805000,1,0.02499999,31706.1900
1628440367926000,1,0.01631770,31709.5400
1628440371154000,0,0.06000000,31729.5500
1628440375941000,1,0.09023779,31711.8500
1628440375942000,1,0.08986022,31711.8500
1628440375953000,1,0.06643592,31711.8500
1628440375955000,1,0.00232711,31711.8500
1628440375964000,1,0.05113896,31711.8500
1628440423770000,0,0.06000000,31698.7400
1628440423829000,0,0.00811820,31698.7400
1628440597333000,0,0.06821128,31643.8200
1628440648842000,1,0.00337033,31646.0900
1628440697975000,0,0.06000000,31717.1100
1628440698064000,0,0.00806484,31717.1100
1628440730158000,1,0.03290043,31650.8500
1628440730169000,1,0.20014572,31650.8500
1628440730174000,1,0.02468969,31650.8500
1628440797009000,1,0.02500000,31662.4500
1628440850017000,1,0.00211198,31654.4100
1628440880898000,0,0.00303000,31698.9500
1628440905377000,1,0.00093540,31677.5100
1628440905377000,1,0.02684238,31672.3200
1628440908987000,0,0.00121000,31706.3000
1628440939665000,0,0.06810655,31701.4900
1628441187869000,1,0.43000000,31612.9100
1628441269711000,1,0.22008389,31618.3000
1628441269711000,1,0.26000000,31618.2900
1628441269711000,1,0.06824340,31610.5200
1628441269711000,1,0.47933159,31607.1500
1628441269766000,0,0.00800000,31606.7300
1628441269772000,0,0.26000000,31606.7300
1628441269836000,0,1.08144501,31606.7300
1628441292156000,1,0.00800000,31613.8900
1628441362797000,0,0.00087340,31539.0200
1628441364684000,0,0.00247911,31533.1300
1628441377574000,0,0.00428044,31527.1300
1628441389576000,0,0.00186494,31537.8400
1628441407303000,0,0.00396000,31543.5400
1628441437261000,1,1.00000000,31500.0000
1628441437261000,1,0.00350000,31500.0000
1628441438695000,0,0.00091748,31500.0100
1628441438695000,0,0.00095840,31502.7000
1628441438695000,0,0.00240573,31504.9200
1628441438777000,1,0.00007968,31500.0000
1628441440111000,1,0.00149722,31464.3300
1628441441813000,0,0.01285798,31473.3900
1628441469270000,0,0.06000000,31462.3600
1628441481736000,1,0.00663391,31448.5700
1628441481736000,1,0.06858695,31444.4200
1628441481736000,1,0.00406914,31441.6900
1628441528461000,0,0.00915000,31442.9600
1628441535020000,0,0.00406470,31432.1300
1628441538354000,0,0.00406584,31427.6800
1628441541976000,0,0.00135625,31439.6600
1628441576652000,1,0.00468689,31496.9900
1628441592501000,0,0.06001285,31497.7700
1628441720519000,1,0.49400000,31421.3400
1628441720519000,1,0.06863630,31421.1000
1628441737248000,0,0.00406726,31416.1800
1628441737461000,0,0.06869580,31423.1600
1628441737469000,0,0.00000001,31423.1600
1628441772294000,0,0.00155295,31501.3000
1628441885784000,1,0.01970165,31514.3700
1628441885790000,1,0.20020853,31514.3700
1628441885795000,1,0.08708982,31514.3700
1628442017880000,0,0.00316000,31526.4700
1628442022995000,1,0.00155661,31489.4900
1628442036902000,0,0.07498150,31516.8400
1628442104667000,1,0.03084337,31507.4100
1628442104676000,1,0.05417930,31507.4100
1628442104754000,1,0.00701053,31507.4100
1628442104776000,1,0.08226261,31507.4100
1628442104786000,1,0.06834255,31507.4100
1628442104801000,1,0.13156946,31507.4100
1628442151854000,0,0.02858557,31497.6500
1628442222551000,0,0.06862978,31449.1200
1628442222728000,0,0.06860514,31457.7900
1628442233307000,0,0.00418447,31452.3700
1628442250500000,0,0.00406842,31406.1500
1628442266661000,1,0.00152836,31406.1500
1628442278787000,0,0.00407066,31383.9300
1628442280142000,0,0.01914922,31394.8900
1628442285248000,0,0.06877004,31386.1400
1628442285251000,0,0.00000001,31386.1400
1628442285277000,0,0.06875924,31391.0800
1628442305065000,0,0.00407076,31386.5000
1628442310615000,0,0.06873270,31409.8100
1628442340758000,0,0.06000000,31383.4700
1628442350915000,1,0.06876115,31363.2100
1628442355410000,0,0.00092437,31358.8300
1628442355410000,0,0.00093342,31365.5700
1628442355410000,0,0.00628974,31366.1900
1628442404078000,1,0.00315685,31359.7600
1628442433334000,1,0.02500000,31347.7200
1628442433334000,1,0.01462791,31347.5700
1628442433457000,1,0.00000001,31347.5700
1628442459572000,0,0.00407482,31355.5900
1628442490179000,0,0.00407640,31342.2700
1628442494051000,0,0.00087884,31340.0000
1628442498307000,0,0.06886590,31341.5600
1628442499347000,0,0.20036957,31380.4900
1628442499350000,0,0.20036957,31380.4900
1628442499424000,0,0.00952226,31380.4900
1628442500116000,0,0.00100000,31380.4900
1628442546357000,1,0.06690607,31421.4100
1628442546385000,1,0.20021485,31421.4100
1628442546390000,1,0.06187109,31421.4100
1628442669788000,1,0.03657110,31395.0300
1628442673950000,0,0.06000000,31404.9700
1628442684035000,1,0.12500790,31412.6000
1628442718369000,0,0.04940613,31376.7000
1628442718378000,0,0.01936829,31376.7000
1628442718405000,0,0.06876538,31380.5800
1628442729298000,0,0.02975879,31449.1100
1628442739357000,1,0.08730270,31458.4500
1628442739359000,1,0.20016814,31458.4500
1628442739522000,1,0.00298066,31458.4500
1628442739523000,1,0.04554850,31458.4500
1628442743058000,1,0.04162775,31444.1100
1628442848643000,1,0.00100000,31358.0200
1628442898062000,0,0.02708016,31379.7800
1628442898068000,0,0.00000001,31379.7800
1628443017505000,0,0.00283000,31409.0200
1628443054097000,0,0.03457000,31423.9000
1628443124823000,0,0.01055298,31417.9800
1628443265288000,0,0.00425102,31508.0100
1628443363667000,1,0.06532464,31499.1600
1628443385544000,0,0.01583333,31497.7700
1628443429458000,0,0.26000000,31507.7300
1628443429458000,0,0.06851680,31507.7800
1628443429458000,0,0.02500000,31516.1100
1628443429565000,1,0.64648320,31518.0100
1628443526353000,0,0.26000000,31511.1900
1628443526353000,0,0.06850338,31511.2500
1628443526466000,1,0.06850338,31513.3100
1628443526520000,1,0.26000000,31513.3100
1628443576021000,0,0.00077506,31511.8900
1628443661366000,0,0.06859398,31467.0000
1628443661366000,0,0.06858713,31470.4600
1628443661366000,0,0.06859022,31473.7400
1628443661366000,0,0.06858123,31476.9000
1628443661424000,1,0.26000000,31476.9300
1628443661471000,1,0.06859398,31476.9300
1628443661559000,1,0.39705346,31476.9300
1628443689846000,0,0.00609000,31488.1600
1628443720962000,0,0.26000000,31490.5700
1628443903432000,0,0.00800000,31572.0100
1628443940823000,0,0.00613000,31591.7200
1628444017394000,0,0.06840538,31565.5400
1628444017394000,0,0.09113462,31569.8200
1628444120368000,1,0.28000000,31535.5100
1628444120372000,1,0.04800000,31535.5100
1628444166912000,0,0.00463975,31548.2500
1628444189454000,1,0.34000000,31519.4100
1628444189542000,1,0.09600000,31519.4100
1628444270173000,0,0.02837183,31477.4500
1628444270183000,0,0.04019331,31477.4500
1628444270974000,0,0.06856513,31480.8200
1628444270979000,0,0.00000001,31480.8200
1628444273210000,0,0.80152031,31518.1500
1628444295714000,0,0.06849359,31548.1400
1628444297852000,0,0.00000001,31548.1400
1628444297852000,0,0.02932281,31553.5600
1628444298239000,0,0.03910876,31553.5600
1628444298376000,0,0.06847582,31556.5400
1628444302658000,0,0.06839122,31552.4500
1628444313047000,0,0.00000001,31552.4500
1628444313047000,0,0.00999999,31552.4500
1628444317402000,0,0.01000000,31545.7500
1628444317405000,0,0.01000000,31545.7500
1628444317748000,0,0.04839751,31545.7500
1628444317748000,0,0.06839751,31546.6000
1628444318027000,0,0.00000001,31556.5400
1628444318096000,0,0.06837732,31561.4500
1628444321543000,0,0.06000000,31570.7300
1628444321600000,0,0.00834466,31570.7300
1628444323687000,0,0.06834466,31570.7300
1628444323687000,0,0.06834466,31574.4400
1628444323687000,0,0.06834312,31579.4200
1628444323687000,0,0.06289939,31580.5200
1628444323721000,0,0.00546800,31580.5200
1628444327026000,0,0.06834465,31574.4400
1628444332122000,1,0.06835239,31563.5900
1628444333230000,1,0.32600000,31563.5800
1628444333320000,0,0.06836294,31555.7400
1628444333320000,0,0.06835873,31559.2800
1628444336741000,0,0.06000000,31560.9500
1628444336885000,0,0.00836913,31560.9500
1628444336885000,0,0.06837115,31562.1000
1628444350345000,0,0.06841280,31536.9900
1628444350345000,0,0.06158720,31540.0800
1628444350396000,0,0.00682903,31540.0800
1628444353038000,1,0.00097029,31532.4100
1628444354305000,1,0.00092504,31525.5900
1628444358987000,0,0.06843282,31525.9900
1628444359265000,0,0.06745266,31532.2300
1628444359265000,0,0.06254734,31532.4200
1628444359299000,0,0.00588374,31532.4200
1628444363786000,1,0.06842292,31530.2400
1628444364212000,1,0.42457708,31530.2400
1628444365421000,0,0.06844164,31526.5000
1628444365421000,0,0.06844164,31526.5100
1628444367837000,0,0.06843534,31526.5200
1628444367837000,0,0.00156466,31526.5400
1628444370153000,0,0.06842092,31529.9400
1628444370153000,0,0.06843459,31533.6200
1628444370153000,0,0.06314449,31533.6300
1628444370211000,0,0.00527570,31533.6300
1628444371454000,0,0.02876481,31533.6200
1628444376065000,0,0.06841958,31540.7100
1628444376065000,0,0.06082232,31540.7200
1628444376146000,0,0.00759726,31540.7200
1628444376427000,0,0.04565551,31540.7100
1628444376526000,0,0.06840955,31545.6400
1628444377590000,1,0.00092963,31537.9400
1628444377590000,1,0.00071154,31531.5400
1628444395014000,0,0.00000001,31545.6400
1628444395735000,0,0.06838265,31551.2900
1628444395735000,0,0.00161735,31555.0700
1628444395750000,0,0.06675986,31555.0700
1628444396393000,0,0.06000000,31551.2900
1628444443694000,0,0.06840364,31551.3900
1628444484113000,1,0.06839889,31543.0400
1628444491586000,1,0.06840109,31542.5500
1628444492126000,1,0.46059891,31542.5500
1628444493119000,0,0.06841978,31538.7000
1628444493119000,0,0.06841978,31538.7100
1628444500083000,0,0.06840502,31542.5700
1628444500189000,1,0.06840502,31542.5800
1628444513797000,0,0.06000000,31542.5700
1628444531077000,0,0.06000000,31568.1100
1628444531735000,0,0.00000001,31574.4400
1628444547628000,0,0.06830762,31586.6300
1628444547690000,1,0.26000000,31588.2600
1628444582333000,0,0.06831308,31584.2200
1628444582333000,0,0.06830571,31587.5800
1628444582333000,0,0.06830571,31590.7400
1628444582333000,0,0.06835445,31590.9600
1628444582356000,1,0.00095396,31590.9800
1628444582380000,1,0.00800000,31590.9800
1628444582438000,1,0.06831308,31590.9900
1628444600621000,1,0.02219698,31562.1600
1628444644352000,0,0.00315030,31584.2200
1628444665807000,1,0.06402360,31572.5100
1628444665898000,1,0.01972626,31572.5100
1628444665905000,1,0.20023073,31572.5100
1628444666567000,1,0.06834746,31572.5100
1628444666581000,1,0.06835363,31572.5100
1628444689712000,0,0.06832759,31581.3400
1628444689832000,1,0.06832759,31583.8500
1628444690919000,1,0.06832225,31583.8500
1628444709188000,0,0.06000000,31573.7200
1628444710577000,0,0.06000000,31580.2300
1628444710775000,0,0.06832399,31584.5900
1628444726157000,0,0.06000000,31592.9900
1628444726265000,0,0.00835376,31592.9900
1628444761907000,0,0.06000000,31592.9900
1628444761969000,0,0.00835376,31592.9900
1628444776097000,1,0.02500000,31569.4000
1628444799158000,1,0.25769267,31528.4900
1628444815877000,1,0.20021876,31539.4000
1628444815880000,1,0.05616891,31539.4000
1628444816027000,1,0.12061233,31539.4000
1628444816866000,0,0.00095600,31576.6500
1628444816866000,0,0.00095387,31584.5500
1628444816866000,0,0.00180013,31592.4400
1628444827799000,0,0.06844132,31549.5600
1628444827799000,0,0.06844132,31549.5700
1628444827917000,1,0.03690335,31552.1900
1628444827917000,1,0.03153797,31552.1800
1628444844410000,0,0.06000000,31537.0200
1628444858087000,0,0.01228000,31537.5800
1628444865630000,0,0.00463415,31537.5800
1628444913973000,0,0.06843329,31544.1800
1628444913973000,0,0.02248903,31544.5400
1628444928867000,1,0.38000000,31551.2600
1628444928921000,1,0.00200000,31551.2600
1628444944054000,0,0.01000000,31558.9600
1628444979538000,1,0.00095638,31516.5200
1628444980612000,1,0.00093906,31518.3600
1628444981796000,1,0.00096155,31515.4300
1628445006099000,1,0.06851589,31488.3800
1628445006102000,1,0.06850874,31488.3800
1628445010531000,0,0.00152000,31486.6500
1628445013771000,0,0.06000000,31493.0700
1628445013801000,0,0.00852432,31493.0700
1628445030505000,0,0.06852644,31489.3100
1628445030505000,0,0.06147356,31492.1200
1628445030574000,0,0.00704477,31492.1200
1628445038201000,1,0.06852489,31486.3800
1628445044700000,0,0.01358821,31474.3700
1628445044700000,0,0.05496531,31474.3700
1628445060352000,0,0.06000000,31484.3500
1628445060550000,0,0.06853035,31490.3000
1628445060550000,0,0.06852375,31490.5700
1628445064248000,0,0.06853730,31502.6300
1628445065349000,1,0.06851611,31492.5700
1628445078175000,0,0.06853730,31502.6300
1628445080230000,1,0.06848635,31504.6800
1628445136968000,0,0.06852140,31498.9600
1628445136968000,0,0.06851837,31499.4500
1628445136968000,0,0.06850234,31501.9000
1628445148827000,0,0.00135311,31501.9000
1628445160401000,0,0.06852123,31515.1400
1628445160401000,0,0.06847086,31516.4000
1628445160483000,1,0.06852123,31516.5700
1628445162238000,1,0.06847809,31516.5700
1628445162238000,1,0.06847809,31516.5700
1628445162242000,1,0.06847086,31516.5700
1628445199521000,0,0.00270448,31524.9100
1628445229311000,0,0.06000000,31535.8200
1628445229356000,0,0.00847076,31535.8200
1628445229356000,0,0.06845543,31536.9800
1628445258240000,0,0.06842621,31539.0200
1628445371257000,0,0.00457000,31471.3300
1628445463942000,0,0.06000000,31453.1100
1628445463972000,0,0.00860513,31453.1100
1628445609976000,0,0.00137000,31432.6000
1628445626093000,0,0.06000000,31436.8400
1628445627626000,0,0.06864979,31452.1600
1628445627626000,0,0.06135021,31452.5700
1628445645204000,0,0.00274000,31466.4600
1628445650551000,0,0.00363423,31474.7200
1628445655795000,0,0.01505308,31475.9300
1628445682854000,0,0.06860244,31448.1400
1628445682854000,0,0.06860244,31451.2800
1628445682854000,0,0.46418108,31456.0500
1628445682854000,0,0.06859385,31456.0600
1628445750208000,1,0.06868082,31360.3700
1628445750208000,1,0.06871236,31355.9100
1628445750208000,1,0.06872295,31351.1400
1628445781130000,0,0.00341510,31387.7000
1628445782995000,0,0.06534510,31387.7000
1628445782995000,0,0.06465490,31388.4200
1628445783072000,0,0.00410440,31388.4200
1628445783246000,0,0.06874076,31396.4000
1628445783246000,0,0.06125924,31397.3600
1628445808678000,1,0.02196306,31373.2000
1628445822992000,0,0.00092300,31381.2600
1628445822992000,0,0.00090700,31387.3800
1628445824275000,1,0.06880860,31355.4600
1628445841100000,1,0.00976096,31349.9000
1628445841138000,1,0.16583152,31349.9000
1628445841196000,1,0.15347717,31349.9000
1628445841456000,1,0.10690434,31349.9000
1628445841552000,1,0.01000000,31349.9000
1628445841661000,1,0.06902601,31349.9000
1628445891374000,0,0.06884464,31340.8200
1628445891386000,0,0.00000001,31340.8200
1628445896140000,0,0.02361358,31354.8700
1628445912690000,0,0.06000000,31364.6300
1628445940886000,0,0.06000000,31407.5700
1628445940909000,0,0.00876759,31407.5700
1628445944114000,0,0.06872992,31416.2600
1628445948298000,0,0.00000001,31416.2600
1628445948298000,0,0.06871423,31423.7200
1628445969202000,0,0.06870591,31426.9900
1628445969202000,0,0.06866729,31427.0000
1628445969222000,0,0.00000001,31427.0000
1628445989796000,1,0.02242516,31417.8200
1628446053275000,0,0.00244000,31438.3100
1628446075164000,0,0.06000000,31438.3100
1628446152127000,0,0.00090367,31438.8600
1628446152127000,0,0.00153633,31439.8700
1628446191163000,0,0.00183000,31448.2000
1628446209810000,0,0.06724122,31447.9900
1628446344347000,1,0.00300000,31486.8200
1628446366097000,0,0.02000000,31507.1800
1628446366349000,0,0.01000000,31507.1800
1628446457346000,1,0.06000000,31460.9900
1628446457354000,1,0.00859689,31460.9900
1628446457363000,1,0.06858388,31457.6000
1628446459401000,1,0.06000000,31457.6000
1628446460205000,1,0.00858388,31457.6000
1628446461822000,1,0.01000000,31453.3500
1628446461976000,1,0.05857534,31453.3500
1628446462545000,1,0.02000000,31449.2100
1628446462742000,1,0.04858389,31449.2100
1628446462743000,1,0.00000001,31449.2100
1628446467393000,1,0.06000000,31475.6100
1628446467408000,1,0.00857537,31475.6100
1628446469387000,1,0.06000000,31475.6100
1628446469440000,1,0.00857537,31475.6100
1628446471545000,1,0.06000000,31475.6100
1628446471687000,1,0.00857537,31475.6100
1628446472170000,1,0.01000000,31471.3600
1628446473406000,1,0.06000000,31475.6100
1628446473444000,1,0.00857537,31475.6100
1628446475390000,1,0.06000000,31475.6100
1628446475410000,1,0.00857537,31475.6100
1628446477378000,1,0.06000000,31475.6100
1628446477427000,1,0.00857537,31475.6100
1628446486218000,1,0.06000000,31475.6100
1628446486253000,1,0.00857537,31475.6100
1628446486610000,1,0.04000000,31475.6100
1628446486618000,1,0.02857537,31475.6100
1628446486892000,1,0.05000000,31471.3600
1628446487754000,1,0.06000000,31466.9000
1628446489249000,1,0.06000000,31459.5400
1628446489268000,1,0.00860751,31459.5400
1628446489268000,1,0.06861772,31454.9000
1628446489268000,1,0.06859019,31450.2500
1628446503951000,1,0.01000000,31432.9800
1628446504015000,1,0.02000000,31432.9800
1628446504200000,1,0.01281248,31432.9800
1628446504249000,1,0.02584977,31432.9800
1628446505160000,1,0.06478541,31432.9800
1628446505161000,1,0.00387684,31432.9800
1628446505668000,1,0.04000000,31426.7000
1628446535130000,0,0.00320000,31514.1300
1628446554494000,1,0.02000000,31512.4200
1628446554838000,1,0.04000000,31512.4200
1628446622698000,1,0.06000000,31508.8700
1628446624118000,1,0.06849237,31505.3000
1628446629376000,1,0.01000000,31504.0000
1628446629615000,1,0.02000000,31504.0000
1628446629817000,1,0.01000000,31504.0000
1628446637140000,1,0.06852921,31495.3200
1628446656642000,1,0.06000000,31522.3300
1628446656670000,1,0.00849611,31522.3300
1628446658205000,1,0.06000000,31527.8700
1628446658211000,1,0.00849455,31527.8700
1628446659546000,1,0.06000000,31527.8700
1628446659749000,1,0.00849455,31527.8700
1628446661263000,1,0.06847795,31532.6600
1628446661263000,1,0.06847795,31532.2400
1628446661263000,1,0.06304410,31527.8700
1628446661540000,1,0.00545045,31527.8700
1628446662695000,1,0.06847795,31532.6600
1628446662695000,1,0.06847795,31532.2400
1628446662695000,1,0.06304410,31527.8700
1628446664470000,1,0.06847795,31532.6600
1628446664470000,1,0.06847795,31532.2400
1628446664470000,1,0.00304410,31527.8700
1628446666412000,1,0.06847795,31532.6600
1628446666412000,1,0.06152205,31532.2400
1628446667363000,1,0.00695590,31532.2400
1628446667592000,1,0.06847795,31532.6600
1628446667592000,1,0.06152205,31532.2400
1628446667674000,1,0.00695590,31532.2400
1628446667674000,1,0.00240635,31527.8700
1628446669563000,1,0.06000000,31527.8700
1628446669567000,1,0.00849455,31527.8700
1628446669990000,1,0.05000000,31522.3300
1628446670678000,1,0.01000000,31522.3300
1628446671772000,1,0.00392000,31522.3300
1628446672072000,1,0.00457611,31522.3300
1628446673486000,1,0.06849010,31530.1300
1628446673486000,1,0.06150990,31530.1200
1628446674678000,1,0.06849010,31530.1300
1628446674678000,1,0.00150990,31530.1200
1628446677293000,1,0.06849010,31530.1300
1628446677293000,1,0.00150990,31530.1200
1628446677492000,1,0.06849010,31530.1300
1628446677492000,1,0.00150990,31530.1200
1628446679470000,1,0.06849010,31530.1300
1628446679470000,1,0.00150990,31530.1200
1628446680561000,1,0.00092179,31530.1200
1628446680754000,1,0.00001881,31530.1200
1628446681373000,1,0.06849010,31530.1300
1628446681373000,1,0.06150990,31530.1200
1628446682042000,1,0.00698020,31530.1200
1628446682643000,1,0.06000000,31522.3300
1628446685362000,1,0.06850254,31517.2800
1628446685957000,1,0.06000000,31508.7400
1628446696943000,1,0.00832746,31508.7400
1628446697033000,1,0.00016995,31508.7400
1628446697151000,1,0.04000000,31508.7400
1628446697178000,1,0.02849741,31508.7400
1628446697178000,1,0.04150259,31504.6200
1628446698371000,1,0.06000000,31508.7400
1628446698468000,1,0.00849741,31508.7400
1628446698468000,1,0.02699506,31504.6200
1628446698942000,1,0.06000000,31504.2500
1628446700390000,1,0.06000000,31508.7400
1628446700392000,1,0.00849741,31508.7400
1628446701650000,1,0.05000000,31504.6200
1628446702354000,1,0.06849741,31508.7400
1628446702354000,1,0.01150259,31504.6200
1628446703587000,1,0.06849741,31508.7400
1628446703587000,1,0.00150259,31504.6200
1628446703669000,1,0.00549247,31504.6200
1628446706731000,1,0.06849765,31504.6200
1628446706731000,1,0.00150235,31504.2500
1628446706751000,1,0.00699609,31504.2500
1628446713991000,1,0.06853874,31512.6300
1628446713991000,1,0.06146126,31507.8200
1628446714017000,1,0.00708785,31507.8200
1628446715442000,1,0.06853874,31512.6300
1628446715442000,1,0.06146126,31507.8200
1628446715551000,1,0.00708785,31507.8200
1628446717810000,1,0.06000000,31512.6300
1628446717973000,1,0.00853874,31512.6300
1628446719116000,1,0.06000000,31507.8200
1628446719328000,1,0.06000000,31512.6300
1628446720097000,1,0.00854911,31507.8200
1628446721408000,1,0.04000000,31507.8200
1628446721452000,1,0.02854911,31507.8200
1628446722843000,1,0.02000000,31514.4600
1628446723012000,1,0.00207368,31514.4600
1628446723330000,1,0.04645399,31514.4600
1628446724547000,1,0.06000000,31514.4600
1628446724690000,1,0.00852767,31514.4600
1628446725329000,1,0.03581708,31510.9900
1628446726001000,1,0.02000000,31510.9900
1628446727999000,1,0.06000000,31504.6700
1628446729663000,1,0.01000000,31501.8100
1628446730024000,1,0.01000000,31501.8100
1628446743795000,1,0.06000000,31515.6900
1628446751533000,1,0.06853067,31508.8500
1628446760056000,1,0.04000000,31501.8100
1628446767688000,1,0.06000000,31503.5800
1628446778790000,1,0.06000000,31498.3600
1628446802550000,1,0.06854819,31499.8300
1628446804442000,1,0.03000000,31499.8300
1628446808849000,1,0.06000000,31496.0800
1628446811859000,1,0.06000000,31487.6900
1628446811909000,1,0.00858289,31487.6900
1628446812238000,1,0.06000000,31487.6900
1628446812279000,1,0.00858289,31487.6900
1628446813394000,1,0.06000000,31487.6900
1628446813519000,1,0.00858289,31487.6900
1628446817022000,1,0.01000000,31487.6900
1628446817025000,1,0.05000000,31487.6900
1628446817816000,1,0.06000000,31483.3900
1628446818664000,1,0.00854187,31483.3900
1628446818664000,1,0.06145813,31477.4400
1628446832693000,1,0.00709748,31477.4400
1628446832693000,1,0.02290252,31474.7000
1628446834471000,1,0.06861592,31482.5700
1628446834471000,1,0.06581218,31477.4400
1628446834650000,1,0.00274343,31477.4400
1628446836450000,1,0.06860863,31486.0900
1628446836450000,1,0.05296625,31482.5700
1628446839193000,1,0.02744000,31486.0900
1628446839696000,1,0.04116863,31486.0900
1628446839830000,1,0.01564967,31482.5700
1628446841584000,1,0.05880000,31489.9200
1628446842024000,1,0.00979799,31489.9200
1628446842024000,1,0.06860863,31486.0900
1628446843641000,1,0.05488000,31493.6300
1628446845254000,1,0.06859799,31489.9200
1628446845254000,1,0.01977449,31486.0900
1628446854250000,0,0.02500000,31507.6300
1628446871122000,1,0.00364042,31493.8000
1628446882104000,1,0.05563512,31476.9800
1628446937063000,1,0.02000000,31449.0700
1628446949228000,1,0.03000000,31449.0700
1628446970871000,1,0.06864810,31457.8200
1628447020828000,0,0.00305000,31454.7500
1628447052657000,0,0.02500000,31443.2500
1628447052657000,0,0.00209073,31447.5900
1628447075577000,0,0.02000000,31429.3000
1628447075619000,0,0.00500000,31429.3000
1628447138978000,0,0.02499999,31444.6200
1628447142905000,0,0.02712569,31448.9200
1628447163729000,0,0.02500000,31454.5800
1628447182362000,0,0.01372000,31466.9200
1628447213148000,1,0.00494079,31455.7500
1628447213311000,0,0.02709643,31479.5400
1628447221700000,1,0.06000000,31468.0800
1628447221713000,1,0.06000000,31468.0800
1628447234307000,0,0.02499999,31481.8700
1628447234308000,0,0.00000001,31481.8700
1628447261121000,0,0.00304000,31509.5500
1628447293555000,0,0.02500000,31509.3700
1628447293555000,0,0.00208341,31512.7300
1628447311265000,0,0.00800000,31514.5000
1628447311328000,0,0.01700000,31514.5000
1628447353862000,0,0.02855815,31536.1000
1628447402816000,0,0.00315361,31551.0700
1628447407717000,1,0.06846867,31527.1900
1628447434355000,0,0.01187010,31586.5700
1628447439414000,1,0.06000000,31569.8600
1628447439489000,1,0.00840665,31569.8600
1628447439513000,1,0.06840665,31568.2100
1628447447405000,1,0.03000000,31579.6400
1628447447421000,1,0.03838272,31579.6400
1628447447498000,1,0.06839289,31575.3500
1628447454574000,1,0.00342448,31568.2100
1628447458694000,1,0.06000000,31575.3500
1628447458885000,1,0.00839002,31575.3500
1628447490350000,1,0.06834934,31585.2500
1628447494886000,0,0.02703751,31605.9000
1628447554231000,0,0.00468000,31622.2100
1628447587646000,0,0.00431000,31623.3400
1628447605756000,0,0.00179833,31603.6800
1628447636479000,0,0.06845331,31566.8200
1628447636487000,0,0.00000001,31566.8200
1628447636487000,0,0.06844437,31569.4800
1628447663533000,0,0.00091000,31624.5300
1628447689245000,0,0.00944557,31591.5600
1628447865865000,1,0.06854278,31498.4600
1628447875573000,1,0.06824154,31482.7400
1628448001680000,0,0.00091000,31506.5900
1628448168300000,1,0.06862750,31455.8400
1628448168527000,1,0.00000001,31455.8400
1628448249910000,1,0.01029935,31417.4800
1628448356789000,1,0.01430283,31417.8000
1628448407077000,0,0.00316430,31444.4700
1628448437107000,1,0.26000000,31456.4100
1628448437107000,1,0.03450468,31454.8400
1628448650231000,0,0.13876329,31507.7000
1628448650649000,0,0.20021540,31507.7000
1628448650651000,0,0.02602130,31507.7000
1628448682128000,0,0.00609000,31515.7900
1628448729434000,0,0.00304000,31512.7100
1628448784120000,0,0.00457000,31489.5900
1628448817959000,0,0.01553613,31463.8900
1628448846105000,1,0.06866662,31440.5200
1628448846105000,1,0.06866025,31439.7200
1628448854011000,1,0.06868164,31436.9600
1628448854011000,1,0.05281951,31433.3800
1628448854014000,1,0.01586486,31433.3800
1628448873056000,0,0.00946000,31441.2500
1628449006017000,1,0.26000000,31363.1600
1628449007190000,0,0.06883437,31358.9300
1628449007190000,0,0.06116563,31361.6800
1628449007191000,0,0.00766945,31361.6800
1628449008036000,1,0.06882680,31363.2400
1628449010041000,0,0.04000000,31359.7100
1628449011415000,0,0.01000000,31359.7100
1628449011540000,0,0.01883074,31359.7100
1628449012092000,0,0.02000000,31361.4900
1628449012755000,0,0.06883551,31355.2800
1628449012755000,0,0.06116449,31359.7100
1628449013489000,0,0.06883551,31355.2800
1628449013489000,0,0.00766625,31359.7100
1628449013489000,0,0.04884603,31361.4900
1628449013489000,0,0.06465221,31362.5200
1628449013588000,0,0.00417852,31362.5200
1628449013605000,0,0.00000001,31362.5200
1628449015007000,0,0.06883074,31359.7100
1628449015007000,0,0.06884603,31361.4900
1628449015007000,0,0.06232323,31362.5200
1628449016430000,0,0.06883074,31359.7100
1628449016430000,0,0.06884603,31361.4900
1628449016430000,0,0.00232323,31362.5200
1628449017277000,0,0.00418427,31362.5200
1628449017279000,0,0.00000001,31362.5200
1628449019379000,0,0.06883074,31359.7100
1628449019379000,0,0.06884603,31361.4900
1628449019379000,0,0.06232323,31362.5200
1628449019416000,0,0.00650751,31362.5200
1628449032194000,0,0.00447713,31361.4900
1628449033667000,0,0.00315000,31361.4900
1628449045765000,0,0.01224000,31340.1800
1628449047187000,0,0.00095949,31338.3000
1628449047187000,0,0.00026051,31340.1800
1628449048831000,0,0.00407841,31328.0000
1628449053318000,0,0.00407877,31328.0000
1628449064699000,0,0.06000000,31351.4100
1628449071137000,1,0.06893894,31292.0100
1628449071137000,1,0.13088944,31288.1300
1628449071139000,1,0.12911056,31288.1300
1628449071139000,1,0.06893652,31286.5600
1628449071139000,1,0.00178129,31286.1500
1628449075242000,0,0.06895215,31318.8300
1628449075408000,0,0.06000000,31324.9300
1628449108303000,0,0.06000000,31413.1700
1628449118228000,0,0.03000000,31343.9500
1628449118541000,0,0.06000000,31351.4400
1628449121892000,0,0.06000000,31351.2500
1628449132666000,0,0.06000000,31353.6200
1628449132892000,0,0.00883758,31353.6200
1628449132929000,0,0.00000001,31353.6200
1628449137241000,0,0.01000000,31336.5200
1628449137553000,0,0.05000000,31336.5200
1628449137968000,0,0.06886978,31344.3500
1628449140567000,0,0.06000000,31344.3500
1628449140575000,0,0.00886978,31344.3500
1628449140700000,0,0.06885012,31348.0500
1628449141946000,0,0.05768995,31353.6200
1628449142503000,0,0.01114763,31353.6200
1628449142508000,0,0.00000001,31353.6200
1628449142947000,0,0.06888645,31364.3700
1628449144069000,0,0.00000001,31364.3700
1628449144069000,0,0.05999999,31364.3700
1628449144108000,0,0.00888647,31364.3700
1628449144145000,0,0.06000000,31370.2800
1628449145446000,0,0.06000000,31364.3700
1628449147395000,0,0.06000000,31356.5800
1628449147950000,0,0.00883709,31356.5800
1628449149807000,0,0.06000000,31358.7000
1628449149843000,0,0.00883359,31358.7000
1628449151402000,0,0.06000000,31358.7000
1628449151441000,0,0.00883359,31358.7000
1628449152640000,0,0.00888646,31364.3700
1628449152640000,0,0.00111354,31370.2800
1628449152744000,0,0.00776014,31370.2800
1628449154411000,0,0.06000000,31370.2800
1628449155144000,0,0.06000000,31378.1700
1628449155440000,0,0.06884393,31382.2800
1628449155450000,0,0.00000001,31382.2800
1628449156802000,0,0.06882232,31389.6100
1628449156880000,0,0.06880990,31393.9800
1628449160600000,0,0.06000000,31388.4300
1628449160639000,0,0.00877280,31388.4300
1628449160763000,0,0.03376433,31393.8900
1628449160938000,0,0.03500616,31393.8900
1628449160989000,0,0.00000001,31393.8900
1628449189578000,0,0.06879035,31379.3300
1628449189578000,0,0.06120965,31382.7200
1628449189602000,0,0.00757331,31382.7200
1628449189602000,0,0.06878296,31385.9400
1628449189602000,0,0.06877337,31390.2700
1628449196975000,0,0.06000000,31386.7500
1628449196990000,0,0.00877041,31386.7500
1628449197125000,0,0.06877337,31390.2700
1628449197125000,0,0.06876829,31392.7600
1628449265864000,0,0.06000000,31356.9100
1628449265929000,0,0.00884706,31356.9100
1628449269667000,0,0.06000000,31353.1200
1628449270029000,0,0.06883729,31360.9300
1628449318774000,0,0.02000000,31383.3000
1628449318796000,0,0.04885016,31383.3000
1628449318808000,0,0.06884061,31387.5500
1628449335602000,0,0.01000000,31395.8800
1628449336233000,0,0.05000000,31395.8800
1628449336254000,0,0.00875755,31395.8800
1628449338989000,0,0.06875228,31395.1500
1628449344437000,0,0.06874879,31400.2800
1628449344437000,0,0.06125121,31402.7500
1628449344447000,0,0.00749818,31402.7500
1628449344559000,0,0.06873706,31405.1000
1628449345154000,0,0.06000000,31402.7500
1628449381042000,0,0.06000000,31395.2000
1628449381212000,0,0.06000000,31399.5000
1628449381301000,0,0.00873877,31399.5000
1628449382896000,0,0.06000000,31403.4100
1628449382911000,0,0.00873006,31403.4100
1628449393369000,0,0.06876390,31386.5700
1628449400251000,0,0.06000000,31377.0300
1628449400831000,0,0.17000000,31379.9400
1628449411002000,0,0.03000000,31354.3500
1628449411020000,0,0.06311119,31354.3300
1628449411020000,0,0.03884534,31354.3500
1628449411020000,0,0.06883180,31359.5400
1628449411020000,0,0.00092061,31363.1600
1628449411020000,0,0.02829106,31363.3200
1628449439322000,1,0.00097708,31348.9600
1628449480423000,0,0.00408004,31298.7000
1628449601177000,0,0.00408143,31307.6000
1628449601795000,0,0.06000000,31307.6000
1628449601858000,0,0.00486921,31307.6000
1628449606015000,0,0.06000000,31307.6000
1628449611750000,0,0.06000000,31302.7400
1628449612544000,0,0.03000000,31306.4300
1628449613639000,0,0.03894945,31306.4300
1628449613694000,0,0.00000001,31306.4300
1628449615141000,0,0.06893678,31313.0500
1628449615146000,0,0.00000001,31313.0500
1628449615205000,0,0.06892533,31318.1300
1628449620168000,0,0.06717435,31313.0500
1628449620182000,0,0.00176244,31313.0500
1628449623593000,1,0.02500000,31302.7400
1628449659167000,0,0.00816893,31276.6600
1628449663694000,0,0.06000000,31292.9500
1628449663798000,0,0.00897463,31292.9500
1628449663802000,0,0.00000001,31292.9500
1628449663811000,0,0.06901387,31300.6800
1628449667756000,0,0.06000000,31300.6800
1628449667840000,0,0.00901386,31300.6800
1628449680691000,0,0.06000000,31294.9000
1628449682150000,0,0.06000000,31309.6800
1628449682163000,0,0.00899597,31309.6800
1628449698208000,0,0.06000000,31305.9700
1628449698245000,0,0.00895351,31305.9700
1628449698286000,0,0.06894285,31310.9000
1628449704398000,1,0.00300000,31286.5600
1628449708866000,0,0.01560118,31291.0600
1628449708870000,0,0.05338325,31291.0600
1628449708901000,0,0.06898177,31295.9500
1628449709113000,0,0.06896613,31299.6200
1628449722023000,0,0.06000000,31321.4200
1628449745433000,0,0.06888378,31337.4400
1628449766899000,0,0.06887852,31333.8600
1628449766899000,0,0.06887594,31337.1600
1628449821561000,1,0.00500000,31311.8400
1628449842442000,0,0.06898673,31283.9000
1628449842442000,0,0.06897913,31287.7400
1628449862472000,0,0.06000000,31284.0600
1628449869270000,0,0.06000000,31278.2200
1628449872536000,0,0.00408527,31278.2200
1628449888420000,0,0.00408683,31266.2500
1628449909086000,0,0.00408784,31258.5600
1628449916792000,0,0.06000000,31238.9500
1628449919423000,0,0.00408986,31243.0900
1628449923489000,1,0.05543913,31203.2500
1628449923501000,1,0.19993996,31203.2500
1628449923501000,1,0.00462091,31203.2500
1628449927101000,0,0.02000000,31223.9800
1628449927168000,0,0.06911418,31225.8100
1628449927763000,0,0.04000000,31233.1600
1628449931113000,0,0.00315619,31247.9700
