timestamp ms,type,amount,price
1628640129710000,0,0.01441000,32950.4900
1628640143804000,0,0.06581115,32979.1100
1628640143859000,0,0.06579940,32985.3200
1628640238783000,1,0.02920214,32926.6000
1628640238785000,1,0.02319249,32926.6000
1628640441327000,0,0.00330000,32955.1100
1628640619910000,0,0.00800000,32900.7000
1628640937889000,0,0.02550235,33067.6200
1628640937895000,0,0.04007599,33067.6200
1628640960890000,0,0.06554238,33087.6700
1628640960898000,0,0.00000001,33087.6700
1628641053423000,1,0.00092259,33061.1100
1628641053423000,1,0.00077513,33060.0700
1628641287129000,0,0.00091899,32982.6700
1628641287129000,0,0.00058964,32984.8200
1628641408678000,0,0.05237837,32888.0800
1628641478592000,0,0.01040363,32874.9600
1628641628852000,0,0.00080674,32860.3700
1628641689078000,1,0.01200000,32863.8200
1628641754082000,0,0.00445000,32986.3600
1628641774465000,0,0.00087000,32970.2300
1628641779329000,0,0.09604987,32944.3400
1628641799577000,0,0.01481336,32942.7300
1628641842227000,0,0.06562626,33049.5900
1628641842259000,0,0.00000001,33049.5900
1628641925355000,0,0.06551346,33101.6000
1628641925355000,0,0.00000001,33101.6000
1628642199972000,1,0.00313035,32954.6600
1628642200077000,1,0.24686965,32954.6600
1628642200077000,1,0.06570699,32953.0200
1628642200077000,1,0.00094630,32950.9100
1628642200077000,1,0.06574328,32950.7400
1628642200077000,1,0.02537515,32939.9200
1628642200077000,1,0.06572977,32939.9100
1628642200077000,1,0.00089552,32935.7800
1628642200077000,1,0.06574265,32932.6800
1628642200077000,1,0.01299069,32279.2400
1628642202661000,0,0.00131000,32981.6000
1628642222013000,0,0.00755000,32974.5000
1628642425031000,0,0.00378000,33021.3000
1628642554841000,0,0.00096000,33086.4500
1628642636194000,1,0.06555918,33066.7700
1628642896876000,0,0.00300297,33133.7800
1628642929136000,1,0.00097271,33094.4400
1628642929136000,1,0.06552107,33093.8700
1628642929136000,1,0.07030621,33090.9600
1628643090299000,1,0.00800000,33046.5900
1628643921659000,1,0.00300000,33008.4000
1628643958700000,0,0.02424042,33025.3000
1628643960811000,0,0.09321656,33033.6100
1628643961316000,0,0.00678343,33033.6100
1628643961340000,0,0.00000001,33033.6100
1628644192024000,1,0.02417760,33001.5800
1628644192109000,1,0.01327420,33001.5800
1628644252335000,1,0.00440715,32987.5700
1628644302548000,1,0.00876000,32995.2300
1628644422831000,1,0.00093780,33019.1600
1628644422831000,1,0.00787020,33017.9300
1628644603212000,1,0.00262920,33017.7000
1628644833707000,1,0.00728832,33032.4600
1628644843277000,1,0.04705694,33050.8000
1628644843315000,1,0.00000001,33050.8000
1628644847702000,0,0.00435000,33054.2700
1628644923931000,0,0.25000000,33061.9900
1628644923931000,0,0.06562919,33063.6400
1628644923931000,0,0.02500000,33067.9300
1628644923931000,0,0.04482444,33069.0500
1628645361007000,1,0.00093005,33145.6600
1628645361007000,1,0.00639181,33136.1200
1628645370366000,1,0.00637537,33141.4300
1628645375786000,0,0.02499999,33175.3700
1628645375789000,0,0.00000001,33175.3700
1628645375789000,0,0.05612763,33178.5300
1628645396752000,0,0.02980000,33143.4700
1628645407324000,1,0.00278144,33165.7500
1628645414255000,1,0.00914873,33172.1700
1628645590071000,1,0.14827434,33125.2700
1628645594590000,1,0.00149800,33125.2700
1628645594699000,1,0.08530868,33125.2700
1628645595319000,1,0.01231941,33125.2700
1628645595320000,1,0.09869573,33125.2700
1628645595341000,1,0.09698989,33125.2700
1628645598159000,1,0.00597534,33125.2700
1628645612952000,1,0.00425826,33125.2700
1628645612968000,1,0.07230326,33125.2700
1628645612971000,1,0.07023181,33125.2700
1628645693786000,1,0.00097251,33100.0600
1628646239285000,0,0.06560253,33066.1600
1628646239287000,0,0.00000001,33066.1600
1628646319643000,1,0.06562926,33053.7500
1628646320060000,1,0.05202792,33053.7500
1628647206023000,0,0.06553678,33120.1100
1628647206023000,0,0.02499999,33121.1900
1628647206025000,0,0.00000001,33121.1900
1628647206474000,0,0.02233748,33127.2800
1628647228047000,0,0.06549421,33145.6100
1628647346484000,1,0.00841868,33167.3000
1628647359650000,1,0.00457209,33181.4200
1628647360947000,0,0.06533842,33201.2100
1628647366640000,1,0.00914028,33222.3200
1628647373082000,1,0.01082034,33222.3200
1628647389058000,1,0.00077501,33233.7200
1628647400858000,1,0.00624977,33234.1200
1628647496783000,0,0.00284937,33177.5100
1628648117261000,0,0.06540151,33168.3400
1628648117261000,0,0.03389764,33169.0100
1628648166822000,0,0.25000000,33160.6000
1628648166822000,0,0.06540997,33160.7500
1628648166822000,0,0.25000000,33164.1600
1628648166822000,0,0.03624015,33164.2200
1628649023014000,1,0.01836619,33025.2200
1628649487388000,0,0.02500000,32917.1100
1628649671782000,0,0.00090102,32849.1000
1628649671782000,0,0.00095227,32852.7800
1628650054203000,0,0.00455479,32798.3000
1628650057439000,0,0.00091647,32796.8700
1628650057439000,0,0.00363944,32797.5200
1628650868766000,1,0.01530208,32822.9600
1628651136684000,1,0.01086140,32819.9400
1628651136686000,1,0.00000001,32819.9400
1628651139435000,0,0.06607232,32824.0600
1628651139442000,0,0.00000001,32824.0600
1628651139442000,0,0.06607233,32824.7500
1628651499247000,0,0.00161000,32841.0000
1628652651294000,0,0.00119631,32930.3100
1628654132773000,1,0.00062845,32965.5400
1628654835537000,0,0.00372008,32977.6000
1628654858017000,0,0.02448113,32991.9300
1628654871026000,0,0.01463474,32999.1400
1628654901592000,0,0.00952843,33000.8800
1628654902071000,0,0.00218268,33000.8800
1628654924631000,0,0.01540014,33000.5800
1628655017733000,0,0.00976530,33028.8900
1628655020213000,0,0.00976579,33028.8900
1628655094772000,0,0.01387745,32996.1700
1628655099807000,0,0.00159325,32998.2900
1628655583275000,0,0.00466839,32980.2200
1628655583282000,0,0.06109047,32980.2200
1628655585008000,0,0.00147000,33023.6400
1628656349702000,0,0.00989000,32981.2800
1628656709517000,1,0.00788732,32866.6800
1628656709534000,1,0.00000001,32866.6800
1628657264715000,0,0.00301528,33081.4000
1628657273234000,0,0.06561107,33059.5300
1628657273236000,0,0.00000001,33059.5300
1628657325277000,0,0.00429345,33035.6200
1628657332842000,0,0.00181178,33033.8000
1628657606539000,1,0.10000000,33009.6200
1628657985823000,0,0.00200910,32988.5900
1628658449852000,0,0.00600000,33022.2100
1628658666734000,1,0.00940243,32995.6200
1628658934232000,1,0.00604930,32947.1400
1628658934517000,1,0.00000001,32947.1400
1628659141323000,0,0.00087000,32999.8800
1628659668762000,0,0.06567278,33018.0200
1628659668762000,0,0.03432722,33021.5700
1628659696019000,1,0.00424952,33000.0400
1628659696032000,1,0.00000001,33000.0400
1628660289523000,0,0.06555529,33080.9600
1628660289523000,0,0.03593471,33084.4300
1628660738444000,0,0.00200000,33146.9300
1628661066747000,0,0.00288876,33119.9600
1628661077535000,1,0.00317531,33097.9000
1628661077705000,1,0.00000001,33097.9000
1628661224905000,1,0.00306627,33126.8700
1628661579188000,0,0.02500000,33135.9900
1628661579188000,0,0.04369743,33138.7300
1628661959330000,1,0.00224218,33200.6400
1628661962164000,1,0.00000001,33200.6400
1628662049003000,1,0.00170934,33174.8000
1628662102068000,1,0.00000001,33174.8000
1628662119736000,0,0.00105578,33151.6800
1628662688777000,0,0.00149000,33142.8400
1628663065335000,1,0.00090634,33237.6000
1628663065335000,1,0.00364957,33229.9300
1628663070218000,0,0.00219581,33250.0200
1628663070219000,0,0.06306164,33250.0200
1628663072597000,0,0.02500000,33267.7700
1628663072597000,0,0.06526200,33268.0100
1628663072689000,0,0.00093994,33263.3400
1628663072759000,0,0.06428750,33263.3400
1628663082108000,0,0.00173000,33267.3600
1628663088757000,0,0.00000001,33268.0100
1628663089752000,0,0.01619842,33290.4000
1628663089907000,1,0.00093885,33269.5400
1628663089907000,1,0.00091544,33260.9100
1628663089907000,1,0.00390070,33252.9200
1628663094231000,0,0.03752165,33290.6800
1628663101306000,0,0.00737287,33274.0100
1628663127151000,1,0.00094460,33204.9900
1628663127151000,1,0.00093554,33204.6300
1628663165225000,1,0.00460055,33261.2500
1628663172918000,1,0.00459963,33273.9300
1628663179166000,1,0.00459802,33284.3200
1628663201725000,0,0.00864818,33311.7200
1628663259087000,1,0.00983247,33300.4500
1628663525571000,1,0.00491408,33314.0700
1628663636102000,1,0.00491315,33324.4900
1628663648485000,1,0.00982037,33340.9100
1628663703557000,1,0.00873960,33323.6500
1628663725732000,1,0.00490782,33351.6500
1628663766243000,1,0.00490678,33362.0900
1628663791227000,1,0.00600059,33381.3900
1628663834644000,1,0.00454607,33382.9600
1628663885914000,1,0.00490221,33391.9900
1628663919323000,1,0.00490040,33403.3200
1628663923876000,1,0.00080292,33419.4700
1628663930054000,1,0.00593534,33419.4700
1628664014836000,0,0.00096992,33416.8200
1628664014836000,0,0.00093382,33423.6300
1628664014836000,0,0.00437581,33425.2900
1628664034157000,0,0.00291000,33393.8400
1628664098155000,0,0.02306540,33376.4200
1628664117820000,1,0.04999999,33300.0000
1628664117831000,1,0.00000001,33300.0000
1628664123429000,1,0.00092654,33243.4300
1628664123429000,1,0.00095878,33235.1100
1628664123452000,1,0.00000001,33235.1100
1628664151633000,0,0.01501605,33217.7800
1628664156853000,1,0.00148796,33165.9600
1628664156870000,1,0.00000001,33165.9600
1628664465442000,1,0.02302051,33154.6700
1628664623838000,0,0.00800000,33270.0200
1628664915874000,1,0.00095915,33339.2400
1628664992619000,1,0.03490155,33315.3800
1628665018655000,0,0.00086000,33317.1200
1628665276256000,0,0.00095088,33426.0500
1628665276256000,0,0.00047147,33432.8500
1628665351366000,0,0.00094797,33427.0100
1628665351366000,0,0.00096687,33434.0600
1628665351470000,0,0.00000001,33434.0600
1628665365896000,0,0.06488994,33445.2900
1628665365896000,0,0.00870094,33446.7300
1628665365953000,0,0.00434236,33441.4500
1628665365982000,0,0.06054570,33441.4500
1628665365982000,0,0.05618376,33446.7300
1628665370134000,1,0.00875906,33440.8500
1628665376746000,1,0.00489439,33447.0100
1628665400509000,1,0.00489287,33450.6600
1628665466247000,0,0.00176791,33490.2000
1628665466278000,0,0.00000001,33490.2000
1628665466278000,0,0.00097001,33492.4300
1628665467775000,1,0.00585445,33465.8900
1628665478968000,1,0.01455608,33491.3500
1628665485023000,0,0.00118717,33525.0000
1628665505750000,0,0.04730618,33525.0000
1628665507521000,0,0.01732842,33525.0000
1628665508065000,1,0.00488559,33510.9500
1628665509120000,0,0.00200680,33525.0000
1628665509121000,0,0.01091594,33525.0000
1628665509496000,0,0.02125548,33525.0000
1628665509515000,0,0.00000001,33525.0000
1628665515797000,1,0.01064885,33528.9800
1628665519542000,1,0.00200000,33526.3100
1628665530166000,1,0.00427656,33537.3400
1628665555506000,1,0.00366039,33542.1400
1628665568182000,1,0.00298967,33555.8800
1628665699920000,1,0.03315234,33492.9800
1628665757714000,1,0.02129620,33498.6000
1628665782886000,1,0.00600000,33491.5300
1628665787933000,1,0.00721006,33461.1800
1628665924694000,0,0.00800000,33540.4400
1628665939501000,0,0.06464764,33540.4400
1628665939504000,0,0.06464564,33540.4400
1628665940534000,0,0.03423496,33540.4400
1628665940922000,0,0.06464564,33540.4400
1628665940923000,0,0.06464744,33540.4400
1628665942395000,0,0.06464508,33540.4400
1628665942396000,0,0.06464564,33540.4400
1628665943911000,0,0.06464508,33540.4400
1628665943912000,0,0.06464564,33540.4400
1628665944151000,0,0.04059724,33540.4400
1628666139889000,0,0.00129000,33587.3200
1628666200316000,0,0.00094164,33550.7500
1628666200316000,0,0.00419836,33557.7500
1628666289162000,0,0.00315000,33515.5700
1628666398602000,0,0.00577001,33497.5400
1628666459163000,1,0.00648158,33478.0900
1628666540661000,1,0.00385227,33488.6400
1628666638732000,0,0.00086000,33452.3200
1628666685440000,0,0.02866000,33462.6100
1628666690771000,0,0.01157000,33468.5400
1628666782223000,0,0.00097035,33510.2100
1628666782223000,0,0.05118113,33512.0200
1628666812421000,0,0.00200000,33509.1700
1628666823582000,1,0.06474947,33496.7700
1628666896680000,0,0.03454685,33498.8500
1628666987208000,1,0.06477983,33474.6800
1628666987230000,1,0.06478655,33470.5800
1628667043558000,0,0.02862000,33515.1500
1628667094983000,1,0.06471752,33515.0900
1628667220262000,0,0.00848371,33494.1200
1628667255722000,0,0.00573000,33486.8100
1628667307943000,0,0.00272000,33488.5200
1628667353633000,0,0.00950000,33513.4200
1628667424018000,0,0.00118740,33518.5000
1628667519229000,0,0.02863000,33505.6600
1628667561043000,0,0.04240377,33510.2300
1628667621476000,0,0.00073521,33499.9100
1628667809409000,0,0.00562262,33543.8300
1628667850297000,0,0.00088000,33523.4900
1628668160535000,0,0.02861000,33521.8200
1628668578179000,1,0.06465449,33550.7300
1628668578179000,1,0.07231177,33548.4900
1628668578182000,1,0.17768823,33548.4900
1628668578182000,1,0.02228944,33546.8200
1628668594310000,1,0.06136134,33551.6300
1628668623371000,1,0.00968862,33550.4200
1628668633594000,1,0.00755195,33548.8300
1628668644088000,0,0.00088000,33561.7500
1628668853599000,1,0.00572125,33583.9800
1628668858378000,0,0.18838151,33618.7800
1628668859255000,0,0.11233298,33618.7800
1628668863538000,1,0.00933725,33608.5800
1628668870452000,1,0.01066537,33624.0700
1628668875465000,0,0.00094629,33673.6700
1628668875465000,0,0.00093245,33675.1700
1628668875466000,0,0.00000001,33675.1700
1628668878278000,1,0.00999250,33646.4800
1628668879921000,0,0.10753726,33690.5100
1628668906008000,1,0.01398467,33678.1100
1628668956555000,1,0.01157860,33612.6600
1628668956578000,1,0.19983435,33612.6600
1628668956587000,1,0.00387414,33612.6600
1628668957898000,1,0.09299093,33612.6600
1628668957932000,1,0.00800000,33612.6600
1628668957960000,1,0.13377223,33612.6600
1628668957999000,1,0.03217376,33612.6600
1628668958058000,1,0.07009527,33612.6600
1628668958088000,1,0.00131221,33612.6600
1628668958108000,1,0.11055615,33612.6600
1628668958258000,1,0.06626644,33612.6600
1628668960100000,1,0.02306973,33612.6600
1628668960670000,1,0.03484135,33612.6600
1628668974568000,0,0.00095990,33620.5100
1628668974568000,0,0.00715655,33623.0000
1628668991659000,0,0.01441000,33610.3700
1628669038162000,0,0.02853000,33609.2600
1628669071235000,0,0.00739943,33618.7900
1628669134857000,1,0.00246475,33582.0900
1628669196588000,0,0.02785000,33650.0000
1628669267145000,0,0.00322000,33573.4200
1628669421114000,1,0.08845003,33476.2200
1628669425446000,0,0.02912233,33513.1200
1628669437853000,0,0.05895000,33509.6600
1628669475230000,0,0.02375460,33509.7100
1628669545967000,1,0.03000000,33468.5900
1628669606201000,0,0.00141647,33479.4500
1628669620049000,0,0.00287000,33447.5000
1628669844194000,0,0.00222918,33474.1000
1628669847460000,1,0.01039189,33446.0900
1628669904902000,0,0.00295000,33472.7500
1628669947726000,0,0.01751430,33443.2300
1628669948021000,1,0.06590142,33415.5500
1628670017567000,0,0.00448000,33411.5000
1628670084725000,0,0.00517000,33412.1700
1628670113469000,0,0.00144000,33364.7500
1628670129318000,0,0.00696000,33355.7100
1628670163083000,0,0.06517664,33299.2900
1628670163084000,0,0.00000001,33299.2900
1628670163087000,0,0.06516594,33304.4300
1628670196227000,0,0.06512656,33319.1200
1628670196232000,0,0.00000001,33319.1200
1628670269133000,0,0.06514813,33310.8100
1628670278732000,0,0.00230000,33344.9500
1628670308037000,0,0.04370410,33338.3900
1628670308071000,0,0.02144378,33338.3900
1628670309668000,0,0.02009577,33343.7400
1628670312175000,0,0.02723629,33351.5300
1628670324836000,0,0.05637500,33356.2300
1628670324902000,0,0.00872945,33356.2300
1628670329456000,0,0.06509495,33360.6600
1628670352293000,0,0.00000001,33360.6600
1628670434165000,0,0.02751000,33399.4600
1628670487243000,0,0.00851512,33404.0800
1628670638984000,0,0.00198464,33433.3700
1628670663183000,0,0.00177000,33425.7800
1628670926125000,0,0.01407000,33398.7100
1628670933333000,0,0.00545000,33416.3600
1628671359602000,0,0.00283507,33415.7400
1628671422411000,0,0.00660000,33417.2500
1628671600239000,0,0.00311639,33428.2200
1628671636491000,0,0.00115000,33443.7400
1628671670667000,0,0.00119385,33467.6600
1628671705593000,0,0.02410000,33441.0400
1628671865067000,0,0.00350000,33436.5500
1628671947485000,0,0.00287000,33403.9900
1628672308112000,1,0.00066534,33425.9900
1628672308112000,1,0.03894848,33424.2900
1628672465143000,0,0.00086000,33488.9100
1628672580759000,0,0.01361000,33489.9000
1628672657210000,0,0.05362000,33485.4200
1628673293953000,0,0.00658340,33361.4200
1628673464658000,1,0.00096896,33339.7200
1628673464658000,1,0.06511100,33332.5200
1628673464658000,1,0.00093369,33329.4200
1628673464658000,1,0.03361348,33323.6400
1628673517777000,0,0.00316000,33351.2500
1628673535132000,1,0.01231865,33348.7300
1628673576876000,0,0.02873000,33377.3300
1628673591542000,0,0.00862000,33381.7400
1628673648400000,0,0.00733000,33388.2400
1628673815794000,0,0.00739000,33399.1500
1628673844172000,0,0.00574000,33392.1600
1628673902015000,0,0.00707109,33419.1400
1628673935733000,0,0.02550787,33446.7000
1628673955006000,0,0.00143000,33446.9900
1628673959558000,0,0.00298232,33447.0100
1628673961467000,0,0.00599000,33447.0100
1628674007830000,0,0.00148000,33483.9000
1628674089445000,0,0.00229000,33439.7500
1628674131647000,0,0.02867000,33454.6200
1628674188212000,0,0.00095000,33479.5000
1628674235348000,0,0.03329000,33480.5100
1628674338671000,0,0.00172000,33470.5900
1628674352567000,0,0.00447000,33478.8500
1628674512569000,0,0.00885000,33483.7600
1628674598378000,0,0.00248000,33501.9100
1628674631530000,0,0.08926068,33525.5100
1628674718358000,0,0.00223000,33501.0800
1628674744773000,1,0.10000000,33492.1000
1628674748594000,0,0.00658753,33510.8400
1628674830901000,1,0.04941619,33473.2600
1628674880740000,0,0.00708372,33491.2200
1628674882754000,0,0.01498000,33491.2200
1628675006952000,0,0.00115000,33488.1900
1628675105677000,0,0.00742752,33490.3100
1628675139561000,0,0.00249000,33491.8500
1628675330235000,0,0.06496327,33436.0800
1628675330235000,0,0.00811290,33439.4800
1628675337040000,0,0.03940806,33425.3900
1628675370398000,0,0.01785375,33439.4600
1628675370649000,0,0.02906835,33439.4600
1628675435512000,0,0.00287000,33434.5600
1628675522782000,0,0.01049000,33459.1800
1628675567797000,1,0.06491736,33435.7200
1628675567797000,1,0.03532100,33431.9400
1628675581131000,1,0.25000000,33364.7200
1628675581131000,1,0.48720314,33363.0600
1628675581131000,1,0.23910587,33363.0500
1628675752967000,0,0.00523000,33431.6300
1628675777519000,0,0.00358000,33418.7800
1628675804744000,0,0.00272000,33430.8000
1628675851777000,0,0.01094278,33394.5700
1628675988851000,0,0.01437000,33380.3800
1628676043496000,0,0.01435000,33412.6800
1628676272639000,0,0.00415242,33434.5900
1628676366060000,0,0.00155172,33404.4300
1628676397194000,1,0.00239200,33392.4400
1628676431569000,0,0.01494700,33404.3300
1628676433100000,0,0.01094036,33404.3300
1628676491772000,0,0.00143000,33437.6100
1628676507858000,0,0.01493300,33435.9300
1628676561116000,0,0.00996465,33435.6500
1628676574520000,0,0.00686900,33435.6600
1628676608550000,0,0.00298800,33427.7200
1628676756232000,0,0.02238300,33464.1900
1628677015891000,1,0.00149200,33467.6300
1628677056026000,0,0.01492100,33462.9600
1628677089506000,0,0.00181000,33468.8900
1628677097078000,0,0.09700000,33467.5500
1628677097917000,0,0.01342800,33467.5900
1628677111249000,0,0.00430000,33479.8300
1628677188892000,1,0.06000000,33481.5100
1628677211790000,0,0.00787411,33480.6000
1628677227397000,0,0.00095363,33537.7300
1628677227397000,0,0.00404637,33545.8200
1628677282431000,0,0.00086000,33604.6300
1628677283279000,0,0.00086000,33614.2600
1628677304872000,1,0.00745946,33552.4000
1628677325014000,1,0.09829576,33509.5200
1628677325014000,1,0.11230895,33509.5200
1628677344410000,0,0.11752092,33512.5400
1628677398920000,1,0.02969000,33523.2800
1628677441600000,0,0.00268300,33505.9700
1628677450033000,0,0.01718000,33506.9800
1628677490914000,0,0.08305000,33492.5600
1628677528193000,0,0.00636000,33474.2300
1628677533156000,1,0.06486093,33444.2200
1628677561293000,1,0.01500788,33432.2200
1628677561310000,1,0.00999212,33432.2200
1628677606414000,1,0.02500000,33400.0000
1628677606414000,1,0.06495769,33397.9900
1628677606414000,1,0.00000001,33397.9900
1628677611919000,1,0.00132900,33357.3000
1628677612317000,1,0.00224300,33400.0100
1628677618652000,0,0.00258000,33404.5000
1628677634427000,0,0.00454500,33386.6500
1628677670564000,1,0.00112159,33330.8900
1628677670569000,1,0.00000001,33330.8900
1628677694431000,0,0.00096510,33330.3600
1628677701307000,1,0.00096510,33296.7900
1628677773374000,0,0.02616000,33323.1100
1628677960633000,0,0.00403000,33354.8900
1628678015098000,1,0.00233235,33358.7100
1628678036381000,1,0.00467900,33379.4900
1628678077779000,0,0.00086000,33417.0100
1628678134210000,0,0.01031000,33418.9500
1628678147295000,0,0.00148000,33377.5300
1628678241612000,0,0.01196300,33391.2800
1628678293618000,1,0.00450700,33327.1800
1628678331275000,0,0.01412000,33348.6400
1628678368215000,1,0.00726900,33337.6100
1628678376911000,1,0.16549000,33333.9200
1628678397133000,0,0.05395537,33343.2400
1628678410279000,0,0.00889000,33343.2400
1628678473956000,1,0.00840500,33358.1600
1628678537438000,0,0.01346501,33386.2500
1628678554740000,1,0.00439799,33378.9900
1628678554747000,1,0.00000001,33378.9900
1628678557639000,1,0.00378746,33361.3400
1628678573752000,0,0.00179500,33386.5400
1628678600848000,0,0.01196100,33395.3300
1628678601419000,0,0.05504000,33395.3200
1628678614803000,1,0.02991999,33378.9900
1628678614808000,1,0.00000001,33378.9900
1628678620496000,0,0.00164000,33377.6700
1628678678037000,0,0.00575000,33373.3100
1628678990779000,0,0.00144000,33390.2000
1628679025967000,0,0.01894000,33372.0900
1628679096539000,0,0.01983000,33359.8900
1628679153025000,0,0.00718000,33399.6400
1628679169162000,0,0.00731733,33396.3300
1628679250760000,0,0.00158000,33400.4900
1628679610370000,0,0.02446000,33335.2700
1628679630027000,1,0.02177783,33301.3100
1628679660645000,0,0.05974522,33308.7700
1628679706175000,0,0.02500000,33328.6500
1628679729633000,0,0.02299000,33374.5100
1628679856182000,0,0.00100000,33383.4800
1628679871537000,1,0.05000000,33362.4000
1628680004071000,0,0.02500000,33429.3900
1628680089363000,0,0.00888000,33450.2100
1628680096909000,0,0.06489473,33463.0000
1628680116895000,0,0.06037419,33462.7000
1628680116896000,0,0.00453644,33462.7000
1628680171124000,0,0.00067070,33444.2600
1628680221582000,1,0.00065160,33419.5100
1628680342230000,0,0.01461511,33406.1900
1628680345240000,0,0.00600000,33415.6800
1628680362447000,0,0.01093791,33412.7100
1628680428333000,1,0.01287378,33384.8800
1628680467487000,0,0.01129000,33403.5100
1628680555184000,0,0.00148976,33394.6300
1628680595995000,1,0.02500000,33348.0300
1628680622951000,0,0.03509803,33431.2900
1628680663167000,0,0.06488944,33463.2500
1628680663167000,0,0.25000000,33465.5500
1628680663167000,0,0.06492844,33467.2200
1628680663167000,0,0.06488434,33468.9400
1628680663167000,0,0.06490859,33477.5500
1628680663167000,0,0.06489115,33487.2000
1628680663167000,0,0.00095725,33491.3200
1628680663167000,0,0.24377732,33494.5600
1628680673361000,0,0.01013790,33447.0500
1628680703564000,0,0.00866888,33438.3400
1628680754530000,0,0.00145000,33419.7200
1628680843975000,0,0.17403211,33436.0700
1628680881834000,0,0.17420721,33454.0100
1628680944569000,0,0.00340060,33445.8900
1628681004833000,1,0.01551717,33416.8900
1628681110529000,1,0.02192203,33383.6600
1628681110542000,1,0.04307226,33383.6600
1628681115069000,0,0.00321812,33388.6000
1628681145540000,0,0.06188129,33371.1500
1628681292043000,0,0.06503027,33386.1500
1628681292043000,0,0.06502373,33390.3200
1628681292043000,0,0.04376604,33394.3000
1628681385326000,0,0.00246000,33398.7400
1628681395603000,0,0.00086000,33398.1400
1628681409102000,0,0.00574000,33397.3700
1628681496284000,0,0.02574251,33383.8000
1628681526477000,1,0.00096245,33364.6200
1628681526477000,1,0.00444603,33364.4300
1628681564260000,1,0.00092050,33364.1800
1628681564260000,1,0.00312421,33357.1400
1628681583870000,0,0.00087000,33371.7500
1628681584679000,0,0.06418344,33371.7500
1628681584679000,0,0.06504800,33375.5500
1628681584679000,0,0.04487511,33380.7200
1628681642011000,1,0.00096689,33358.5300
1628681642011000,1,0.01209848,33350.6700
1628681661441000,0,0.00431000,33363.2400
1628681670957000,0,0.00144000,33366.6400
1628681801432000,1,0.05000000,33315.0800
1628681930093000,0,0.00530876,33258.1900
1628681958393000,0,0.00086000,33269.7200
1628681996960000,0,0.00800000,33295.6600
1628682058353000,1,0.01450886,33268.7600
1628682134513000,0,0.00119000,33297.6400
1628682199232000,1,0.00155961,33263.8000
1628682219352000,0,0.06516418,33296.2500
1628682219362000,0,0.00000001,33296.2500
1628682259714000,0,0.06512855,33315.2700
1628682259714000,0,0.02500000,33318.7500
1628682259714000,0,0.05123483,33319.0700
1628682302858000,0,0.07428328,33320.2500
1628682302867000,0,0.02571672,33320.2500
1628682370142000,0,0.00121000,33318.4400
1628682427043000,0,0.01061000,33277.9500
1628682444101000,0,0.00610000,33259.7800
1628682483135000,0,0.00531109,33243.6000
1628682573212000,0,0.00531173,33235.0800
1628682593079000,0,0.00531350,33228.5500
1628682625177000,1,0.01799999,33200.0000
1628682625177000,1,0.00000001,33200.0000
1628682626053000,0,0.00090761,33187.4900
1628682626053000,0,0.00091637,33199.0700
1628682626053000,0,0.00349131,33204.0900
1628682641930000,0,0.00531724,33205.1900
1628682680969000,0,0.00531840,33193.8400
1628682698018000,0,0.00531973,33180.9200
1628682751280000,0,0.00735676,33239.2000
1628682756026000,0,0.00137000,33239.2800
1628682848216000,0,0.01000000,33203.1500
1628682851559000,0,0.00085500,33215.8100
1628682998981000,0,0.00173000,33231.1600
1628683002125000,1,0.14925094,33211.1300
1628683041828000,1,0.03394773,33221.5600
1628683052599000,0,0.00235145,33241.2100
1628683263381000,1,0.00095596,33211.6100
1628683263381000,1,0.00101906,33208.5100
1628683286590000,1,0.06535527,33170.7400
1628683286657000,1,0.06531686,33165.8800
1628683286657000,1,0.06531755,33165.6200
1628683286867000,1,0.00800000,33157.3200
1628683305648000,0,0.00532163,33176.1200
1628683354216000,0,0.02060091,33214.7100
1628683354300000,0,0.00077052,33214.7100
1628683449203000,1,0.02500000,33151.9500
1628683454601000,1,0.01543000,33155.3400
1628683464177000,0,0.00532328,33167.5200
1628683489278000,0,0.00532578,33140.6400
1628683497397000,0,0.00532645,33144.1700
1628683508714000,0,0.00149000,33166.4600
1628683705314000,1,0.00800560,33203.8300
1628683789863000,0,0.00116000,33160.6700
1628683835579000,0,0.06536420,33178.6900
1628683835579000,0,0.01285430,33182.3300
1628683851185000,0,0.00231000,33185.7200
1628683978814000,0,0.00149919,33184.4100
1628684036478000,0,0.01855690,33221.9400
1628684221154000,0,0.00289000,33233.0000
1628684249502000,0,0.00289000,33235.9600
1628684267074000,0,0.00282000,33226.5600
1628684290309000,0,0.00260000,33230.6600
1628684347199000,0,0.00470350,33221.4800
1628684366540000,0,0.00300361,33210.0100
1628684417458000,1,0.00516830,33193.5700
1628684436379000,0,0.00744000,33204.2100
1628684497863000,1,0.00695919,33139.9300
1628684516925000,1,0.00290352,33151.0000
1628684618182000,0,0.00588367,33188.6700
1628684699942000,0,0.17634269,33188.5600
1628684737200000,0,0.06537561,33171.8400
1628684737200000,0,0.03462439,33176.8300
1628685001190000,1,0.25000000,33175.8000
1628685001190000,1,0.46174274,33174.1500
1628685001190000,1,0.25000000,33173.4500
1628685001600000,0,0.20018133,33172.9400
1628685001602000,0,0.20018134,33172.9400
1628685001900000,0,0.20032143,33172.9400
1628685001904000,0,0.20032142,33172.9400
1628685002040000,0,0.20029914,33172.9400
1628685002040000,0,0.04804282,33172.9400
1628685002432000,0,0.10300317,33172.9400
1628685002549000,0,0.00230439,33172.9400
1628685002833000,0,0.13734077,33172.9400
1628685002926000,0,0.14224968,33172.9400
1628685056216000,0,0.03067739,33260.7100
1628685063598000,1,0.05012393,33221.3700
1628685063600000,1,0.19987606,33221.3700
1628685063812000,1,0.06519484,33216.1800
1628685093174000,1,0.05013082,33216.5400
1628685093181000,1,0.19986917,33216.5400
1628685169167000,1,0.06512960,33237.0300
1628685200663000,0,0.04348928,33242.0100
1628685371473000,1,0.07797208,33262.1300
1628685371564000,1,0.00352776,33262.1300
1628685403169000,1,0.02707209,33277.4700
1628685403193000,1,0.04690311,33277.4700
1628685403276000,1,0.09438655,33275.8100
1628685403298000,1,0.05437015,33275.8100
1628685432107000,1,0.02164652,33248.0200
1628685432163000,1,0.00000001,33248.0200
1628685844029000,0,0.05665489,33193.4800
1628685860893000,0,0.00800000,33177.2400
1628685962909000,0,0.00853725,33189.7600
1628685983155000,0,0.01140686,33183.0300
1628686287762000,0,0.00310000,33181.6200
1628686404035000,1,0.02510000,33176.8100
1628686677206000,1,0.06519589,33177.0300
1628686706344000,1,0.01000000,33136.5300
1628686706693000,1,0.00727376,33136.5300
1628686823957000,0,0.01250419,33161.9900
1628686919899000,1,0.00881559,33136.7300
1628686920394000,1,0.00021815,33136.7300
1628686954451000,0,0.01342600,33199.9300
1628687029572000,1,0.00631979,33216.5900
1628687030145000,1,0.00000001,33216.5900
1628687093915000,0,0.00076147,33273.0700
1628687161178000,0,0.06380759,33268.4000
1628687162485000,0,0.06509129,33277.3300
1628687166140000,0,0.06509954,33295.3200
1628687166140000,0,0.00091485,33295.9300
1628687166140000,0,0.02500000,33299.5400
1628687166140000,0,0.06508758,33300.6300
1628687166140000,0,0.00089588,33305.0200
1628687166140000,0,0.06507876,33305.8900
1628687166140000,0,0.00100311,33318.3000
1628687166140000,0,0.02976069,33318.9300
1628687466527000,0,0.13219394,33266.7600
1628687613041000,0,0.00548000,33275.4300
1628687664827000,0,0.06507222,33286.1300
1628687664827000,0,0.01848778,33289.1700
1628687684472000,0,0.00202000,33278.5800
1628687690775000,0,0.00269000,33278.5800
1628687751309000,0,0.00130000,33296.3300
1628687755285000,0,0.06000000,33296.3300
1628687755335000,0,0.06504605,33298.7600
1628687759129000,0,0.00610000,33319.6200
1628687830181000,0,0.00288000,33355.4900
1628687924974000,1,0.05000000,33356.1300
1628687930478000,0,0.06810491,33372.3500
1628687930661000,0,0.00600000,33372.3500
1628687933600000,1,0.06489807,33349.7400
1628687947994000,0,0.00575000,33364.7400
1628687959017000,0,0.00862000,33363.0000
1628687996059000,1,0.06486426,33363.3600
1628687996074000,1,0.16089146,33362.1400
1628687996239000,1,0.02339826,33362.1400
1628687997641000,1,0.00439165,33362.1400
1628687997642000,1,0.01131863,33362.1400
1628688009123000,0,0.01490322,33383.3800
1628688033738000,1,0.04359335,33333.6500
1628688067335000,0,0.00115000,33372.1100
1628688088316000,0,0.00172000,33376.0400
1628688141655000,0,0.00287000,33392.1900
1628688162121000,0,0.06486565,33410.6400
1628688162121000,0,0.02500000,33411.0100
1628688162121000,0,0.06485957,33413.6600
1628688164169000,0,0.00201000,33445.7000
1628688173652000,0,0.14931760,33438.7900
1628688175112000,0,0.00186000,33437.1100
1628688231340000,0,0.00143000,33462.4700
1628688283528000,0,0.00773000,33450.8700
1628688299637000,0,0.06343928,33457.8700
1628688309084000,1,0.00092655,33437.9500
1628688309084000,1,0.00181250,33433.7100
1628688318142000,0,0.06473424,33465.7600
1628688323328000,0,0.01100000,33454.6000
1628688334536000,0,0.00430000,33469.3700
1628688339789000,0,0.06000000,33469.3700
1628688371038000,1,0.00092854,33407.4900
1628688410678000,0,0.01648089,33419.7400
1628688446993000,0,0.00261000,33409.5800
1628688483030000,0,0.06000000,33401.5700
1628688483038000,0,0.00482053,33401.5700
1628688485663000,0,0.06481101,33409.3700
1628688529926000,0,0.00326400,33419.0800
1628688586892000,0,0.00141237,33461.2800
1628688590230000,0,0.00059876,33461.2800
1628688629268000,0,0.00788000,33464.2300
1628688649962000,0,0.06471465,33458.0800
1628688649962000,0,0.05528535,33458.9900
1628688670505000,1,0.00315927,33451.5200
1628688700369000,0,0.00089000,33430.1700
1628688758560000,0,0.00115000,33420.2100
1628688760713000,0,0.06000000,33420.2100
1628688808103000,0,0.00143000,33422.5900
1628688822545000,0,0.44921851,33425.1800
1628688857155000,0,0.00574000,33429.8300
1628688874594000,0,0.00344000,33425.5300
1628688917123000,0,0.00143000,33443.2000
1628688971605000,0,0.00255095,33418.0600
1628689001840000,0,0.00794605,33404.4900
1628689050473000,0,0.00300000,33421.4800
1628689132755000,0,0.00301000,33403.6500
1628689146577000,0,0.02871000,33403.8800
1628689166244000,0,0.00287000,33413.4300
1628689166863000,0,0.00290000,33413.4300
1628689223620000,1,0.00795064,33389.5000
1628689302373000,0,0.02085202,33402.5100
1628689495527000,0,0.02499999,33388.2300
1628689495532000,0,0.00000001,33388.2300
1628689518501000,1,0.00971488,33375.3000
1628689529551000,0,0.01149000,33407.1100
1628689600420000,0,0.02500000,33442.6100
1628689633882000,0,0.00287000,33460.5100
1628689634725000,0,0.01694035,33460.5100
1628689634739000,0,0.00518965,33460.5100
1628689649372000,0,0.06465443,33496.1600
1628689698767000,0,0.00430000,33476.5900
1628689723415000,0,0.00591902,33472.3000
1628689723424000,0,0.05875100,33472.3000
1628689776578000,1,0.00096906,33542.7200
1628689776903000,1,0.00090280,33537.0600
1628689777241000,1,0.00093167,33538.0200
1628689784565000,0,0.06415259,33553.7600
1628689785030000,0,0.00035855,33553.7600
1628689785030000,0,0.06452082,33558.1000
1628689786354000,0,0.06456654,33566.0500
1628689786402000,1,0.00094697,33553.7500
1628689819898000,0,0.00368000,33508.4400
1628689823710000,0,0.06460654,33510.1100
1628689827717000,0,0.00000001,33510.1100
1628689829641000,0,0.00643424,33529.0300
1628689829643000,0,0.05819682,33529.0300
1628689857219000,1,0.08034728,33516.8800
1628689857219000,1,0.01965272,33516.8800
1628689880420000,0,0.00372000,33503.5600
1628689942970000,0,0.00305293,33470.9000
1628689995205000,0,0.00208603,33447.0600
1628690005447000,0,0.00067150,33442.5100
1628690249364000,0,0.06000000,33430.6500
1628690249380000,0,0.00476856,33430.6500
1628690296529000,0,0.00434000,33435.2200
1628690333665000,0,0.00172000,33435.0700
1628690336278000,0,0.04383770,33427.1600
1628690447521000,0,0.00300000,33416.0000
1628690450022000,0,0.04466513,33416.0000
1628690476561000,0,0.00112000,33425.1500
1628690477268000,0,0.00707356,33425.1500
1628690480981000,0,0.02869000,33428.6600
1628690651184000,0,0.00092474,33393.2300
1628690651184000,0,0.00122526,33394.1800
1628690656378000,0,0.00096753,33385.4100
1628690656378000,0,0.00334247,33391.6400
1628690728047000,0,0.00287000,33370.4300
1628690739676000,1,0.04784544,33339.3500
1628690739716000,1,0.06776320,33339.3500
1628690772406000,0,0.00090000,33399.5700
1628690838909000,1,0.25000000,33392.0600
1628690838909000,1,0.06484878,33391.6800
1628690838909000,1,0.11995949,33389.7800
1628690883277000,0,0.00215000,33420.2200
1628690889868000,0,0.00115000,33419.2400
1628690906684000,1,0.01697811,33398.0200
1628690907261000,1,0.01281466,33398.0200
1628690932048000,0,0.06485019,33413.4700
1628690932048000,0,0.05703583,33416.8900
1628691037613000,0,0.01375868,33443.0400
1628691092190000,0,0.01000000,33459.1200
1628691097240000,0,0.02866000,33462.7200
1628691129422000,0,0.01147000,33463.5600
1628691131365000,0,0.05000000,33463.5600
1628691169046000,0,0.00424404,33510.1600
1628691207061000,0,0.00447000,33512.0000
1628691219601000,0,0.06000000,33496.8400
1628691665240000,0,0.01030225,33489.2900
1628691746962000,0,0.00229000,33494.5000
1628691805738000,0,0.02374582,33509.0000
1628691852340000,0,0.01688000,33533.8800
1628691909311000,1,0.02794310,33484.0400
1628691910581000,0,0.02919414,33500.3700
1628691912061000,1,0.00456555,33484.0400
1628691912215000,1,0.01972349,33484.0400
1628691912241000,1,0.04776786,33484.0400
1628692038649000,0,0.02435000,33485.2300
1628692059482000,0,0.00578000,33492.6700
1628692101076000,0,0.00282902,33485.3700
1628692122415000,0,0.00286000,33483.9800
1628692261916000,0,0.06462849,33512.2800
1628692261916000,0,0.06462735,33515.7700
1628692261916000,0,0.03449254,33515.8400
1628692333439000,1,0.00867707,33462.3500
1628692351863000,1,0.00150386,33462.8300
1628692369476000,0,0.01423000,33491.9200
1628692411693000,1,0.06470564,33451.6900
1628692411695000,1,0.00000001,33451.6900
1628692438348000,0,0.06470476,33474.9600
1628692438348000,0,0.25000000,33478.0100
1628692438348000,0,0.06469829,33478.5900
1628692447190000,0,0.00286000,33501.8500
1628692449461000,0,0.00088000,33501.8500
1628692462186000,0,0.00598442,33506.5600
1628692513962000,0,0.02000000,33539.3900
1628692519267000,0,0.02500000,33557.0700
1628692530107000,0,0.00143000,33554.3300
1628692562647000,0,0.00141336,33526.9500
1628692613139000,1,0.03094468,33502.9800
1628692678816000,0,0.00351000,33551.0500
1628692683382000,1,0.00065000,33532.3700
1628692704161000,0,0.00109000,33526.8600
1628692769621000,0,0.07714281,33536.1100
1628692773724000,1,0.00096787,33520.8800
1628692773724000,1,0.00261472,33515.6100
1628692847140000,0,0.06334089,33559.1400
1628692847202000,0,0.16481221,33559.1400
1628692848833000,0,0.22000000,33559.1400
1628692848840000,0,0.00184690,33559.1400
1628692851932000,0,0.00000001,33566.0500
1628692851932000,0,0.06453693,33573.3500
1628692851932000,0,0.06453040,33577.1200
1628692851932000,0,0.02610592,33582.9400
1628692863115000,0,0.06447100,33587.3400
1628692863125000,0,0.00000001,33587.3400
1628692863166000,0,0.06451045,33592.2200
1628692870289000,1,0.01065223,33594.2300
1628692884415000,1,0.03073290,33555.8600
1628692901312000,1,0.00090980,33621.5000
1628692901312000,1,0.00093767,33618.0600
1628692901312000,1,0.00092197,33609.8200
1628692901312000,1,0.00255384,33604.7000
1628692912991000,1,0.00532163,33615.2900
1628692934651000,1,0.00300000,33573.7400
1628692969804000,0,0.00295898,33626.3600
1628692971570000,0,0.00154000,33635.6200
1628693072569000,1,0.00531973,33620.7100
1628693074947000,1,0.00636104,33625.0000
1628693079471000,1,0.00531840,33630.6800
1628693095181000,0,0.00094578,33610.7000
1628693095181000,0,0.00093699,33619.0000
1628693095181000,0,0.00247352,33623.7500
1628693201557000,1,0.10000000,33615.4300
1628693253135000,0,0.00076170,33649.4900
1628693288018000,1,0.00531724,33643.9200
1628693323467000,1,0.06432552,33628.9100
1628693400672000,1,0.01000000,33630.7500
1628693407728000,1,0.00531529,33657.5400
1628693529644000,0,0.00088000,33608.1400
1628693617385000,0,0.01454048,33598.1300
1628693653546000,1,0.06443825,33568.9100
1628693658263000,0,0.00129000,33579.1200
1628693727632000,1,0.00858000,33537.5600
1628693799682000,0,0.00231000,33560.8500
1628693842075000,0,0.00572000,33558.5500
1628694009827000,0,0.00086000,33579.9600
1628694021567000,0,0.00543000,33576.6000
1628694228912000,0,0.00084651,33507.8000
1628694301264000,0,0.00215000,33555.9800
1628694332052000,0,0.06451057,33549.5300
1628694404770000,0,0.00285000,33637.8800
1628694437864000,0,0.01868080,33602.7300
1628694437979000,0,0.08131920,33602.7300
1628694458384000,1,0.00094323,33608.8000
1628694464024000,1,0.00091265,33601.2500
1628694464024000,1,0.06436968,33598.3400
1628694464024000,1,0.06437687,33594.7900
1628694464027000,1,0.00097350,33592.7700
1628694464124000,1,0.00800000,33590.8700
1628694464129000,1,0.05638278,33590.8700
1628694464129000,1,0.06438975,33587.2500
1628694499937000,0,0.06309720,33604.0600
1628694518387000,0,0.01441000,33607.3500
1628694610885000,1,0.09580000,33581.7900
1628694610969000,1,0.03087106,33581.7900
1628694701433000,0,0.00090508,33645.0500
1628694701433000,0,0.00083010,33650.8000
1628694702742000,0,0.00842713,33650.8000
1628694803004000,0,0.00100000,33671.9000
1628694819437000,1,0.00531350,33668.6200
1628694832673000,1,0.00531173,33680.2700
1628694839435000,0,0.00090045,33716.8200
1628694839435000,0,0.02860518,33723.6000
1628694839727000,1,0.00531109,33687.9500
1628694855114000,0,0.00417000,33694.6500
1628694861941000,0,0.02532398,33687.8900
1628694873321000,0,0.00435000,33686.9900
1628694879148000,0,0.00352000,33686.9900
1628694882157000,1,0.01189000,33652.0900
1628694932568000,1,0.00251402,33685.8200
1628694941638000,1,0.06426012,33675.6800
1628695041299000,0,0.00144000,33646.6500
1628695042196000,0,0.00086000,33643.7500
1628695073521000,0,0.00171000,33649.3100
1628695147991000,0,0.07334000,33664.1300
1628695151121000,1,0.01293805,33639.1500
1628695166006000,0,0.02085000,33664.2800
1628695183431000,0,0.06095215,33668.3400
1628695282257000,1,0.00530876,33698.0100
1628695301100000,1,0.00457899,33707.3900
1628695350665000,0,0.00370000,33722.6900
1628695409199000,0,0.00147000,33713.4800
1628695413744000,1,0.00223293,33694.4100
1628695569212000,0,0.00270000,33716.0400
1628695624556000,1,0.01477256,33679.4400
1628695737820000,0,0.00590283,33712.6000
1628695799161000,0,0.05663000,33703.6500
1628695834078000,0,0.06000000,33728.1800
1628695834118000,0,0.00314864,33728.1800
1628695865588000,1,0.03652673,33717.0600
1628695873416000,0,0.00144764,33744.5800
1628695881848000,1,0.00457899,33726.1700
1628695885020000,1,0.00142244,33744.5800
1628695885028000,1,0.00000001,33744.5800
1628695888678000,1,0.02920663,33720.4500
1628695888698000,1,0.05890134,33720.4500
1628695890582000,1,0.59000000,33698.7700
1628695932376000,0,0.00225000,33651.4300
1628695974920000,0,0.00242000,33675.5400
1628695986040000,0,0.06392468,33643.6700
1628695991643000,0,0.00214000,33654.2500
1628696125117000,0,0.00337000,33617.9300
1628696146510000,0,0.00281852,33623.2900
1628696206922000,1,0.06432245,33629.8300
1628696245822000,0,0.00200000,33621.2500
1628696288896000,0,0.00713000,33639.9700
1628696289703000,0,0.00542000,33638.2900
1628696346795000,0,0.04311938,33645.3300
1628696401441000,0,0.00285000,33643.5400
1628696558294000,1,0.00090998,33638.1000
1628696558294000,1,0.01309002,33637.7400
1628696587028000,0,0.01425000,33637.7400
1628696739450000,1,0.00142981,33639.3600
1628696815673000,0,0.00399000,33615.7600
1628696819944000,1,0.01077553,33586.4400
1628696910481000,0,0.02518086,33610.7900
1628696940761000,0,0.02988000,33584.0300
1628696961085000,0,0.00266000,33575.8900
1628697115965000,1,0.10947300,33540.2300
1628697130188000,1,0.22123154,33550.8800
1628697142120000,0,0.00661000,33567.0100
1628697237014000,0,0.06452039,33542.7200
1628697237014000,0,0.06415961,33545.6600
1628697241893000,0,0.00367010,33542.7200
1628697318408000,1,0.00105957,33500.0000
1628697318438000,1,0.00002162,33500.0000
1628697522763000,0,0.01473000,33518.9000
1628697554644000,0,0.00177000,33523.3500
1628697562673000,1,0.00618226,33500.7100
1628697566647000,0,0.00196200,33520.8900
1628697633119000,1,0.00772436,33511.5700
1628697654690000,0,0.00715000,33548.3100
1628697728659000,1,0.01499998,33477.5200
1628697767250000,0,0.05235999,33458.4800
1628697767715000,0,0.00313823,33458.4800
1628697779266000,0,0.25000000,33482.2800
1628697831584000,0,0.00118000,33446.1600
1628697863889000,1,0.06192963,33422.1800
1628697911296000,0,0.00090092,33422.2400
1628697911296000,0,0.01000489,33423.9100
1628697944955000,0,0.00086000,33421.0600
1628697972989000,0,0.06470469,33453.8000
1628697994589000,0,0.22749252,33473.8000
1628698002281000,0,0.00086000,33469.9200
1628698008254000,0,0.00287000,33477.8700
1628698062365000,0,0.00433564,33488.4900
1628698235548000,1,0.00784655,33450.1500
1628698247408000,0,0.02218988,33469.7200
1628698278190000,0,0.01500000,33480.2400
1628698335908000,1,0.00448591,33435.1100
1628698706950000,0,0.00145564,33564.4200
1628698745735000,0,0.00090000,33573.4600
1628698787346000,0,0.09999999,33574.2500
1628698789983000,0,0.00000001,33574.2500
1628698887684000,0,0.00063602,33576.6600
1628698887786000,0,0.03101701,33577.2000
1628698906681000,0,0.00229000,33561.3800
1628698948032000,0,0.00084665,33555.4200
1628699128140000,0,0.01459000,33514.5200
1628699170270000,0,0.02076000,33496.2200
1628699187156000,0,0.10149262,33473.6500
1628699188648000,0,0.01097325,33474.1500
1628699195679000,0,0.00405893,33471.7900
1628699264260000,1,0.06464845,33459.6700
1628699264264000,1,0.00000001,33459.6700
1628699264280000,1,0.06465132,33456.2500
1628699283748000,0,0.02106493,33477.1600
1628699297675000,0,0.00133000,33500.3900
1628699364124000,0,0.14903957,33501.1700
1628699385350000,0,0.01912749,33484.5600
1628699394046000,1,0.01000000,33470.4000
1628699487468000,1,0.04000000,33470.4000
1628699487560000,1,0.00122660,33470.4000
1628699503391000,1,0.25000000,33431.3400
1628699503391000,1,0.00091287,33429.1400
1628699520609000,0,0.00359799,33447.4900
1628699520686000,0,0.00000001,33447.4900
1628699526447000,1,0.00094771,33456.1500
1628699526447000,1,0.00976023,33451.6800
1628699579588000,0,0.00112000,33454.9400
1628699692788000,1,0.56000000,33454.0000
1628699692801000,1,0.01778681,33454.0000
1628699741082000,0,0.00700000,33450.4700
1628699779809000,1,0.01545927,33442.4600
1628699943455000,1,0.12344134,33462.9700
1628699994912000,0,0.00229000,33462.3400
1628700054180000,0,0.00086000,33449.5000
1628700072680000,1,0.08000000,33418.6600
1628700072765000,1,0.00903072,33418.6600
1628700331313000,0,0.04778158,33440.8600
1628700430441000,0,0.06468692,33443.4300
1628700430913000,0,0.00860000,33453.8400
1628700481597000,0,0.00321155,33457.4900
1628700488822000,0,0.00129000,33461.8900
1628700544025000,1,0.10000000,33441.0400
1628700612133000,1,0.01319000,33389.5700
1628700656223000,0,0.07449292,33393.2400
1628700662359000,1,0.00719038,33358.0000
1628700758610000,0,0.00213000,33372.9600
1628700789057000,0,0.00345000,33370.5700
1628700953770000,0,0.00070969,33385.8300
1628701075627000,1,0.25000000,33390.0200
1628701087029000,1,0.01000000,33404.7200
1628701087092000,1,0.04000000,33404.7200
1628701124448000,1,0.01194036,33403.0500
1628701264889000,0,0.00425434,33362.6700
1628701275113000,0,0.00175374,33383.7800
1628701423632000,0,0.02054326,33375.9800
1628701434479000,0,0.00411000,33383.9800
1628701519284000,0,0.00298576,33408.5700
1628701545870000,0,0.00292700,33410.4100
1628701736367000,1,0.00105509,33400.5200
1628701778897000,0,0.06466931,33427.2300
1628701778898000,0,0.06466258,33430.8200
1628701778898000,0,0.02500000,33433.0100
1628701779009000,0,0.00800000,33434.6200
1628701796400000,0,0.00561000,33429.4500
1628701830022000,1,0.01000000,33392.6500
1628701830043000,1,0.04000000,33392.6500
1628701830069000,1,0.02729873,33392.6500
1628701830069000,1,0.06465017,33392.6400
1628701834752000,1,0.23000000,33399.4000
1628701840952000,1,0.02000000,33397.6800
1628701864882000,1,0.06000000,33393.6200
1628701895463000,0,0.00192000,33420.5300
1628701966974000,0,0.10677567,33429.9600
1628702047430000,0,0.05737000,33434.5000
1628702050497000,0,0.00086000,33431.5500
1628702124510000,0,0.00086000,33441.3800
1628702127833000,0,0.01088841,33443.9400
1628702277350000,0,0.00144000,33414.0800
1628702315005000,1,0.00448167,33395.0100
1628702327416000,1,0.00009146,33395.0100
1628702340748000,0,0.00092504,33390.3400
1628702340748000,0,0.02575611,33391.0800
1628702348296000,0,0.00092216,33412.5300
1628702348296000,0,0.00295028,33417.9700
1628702388762000,0,0.01699346,33436.9100
1628702390306000,0,0.00431702,33436.9100
1628702413278000,0,0.00093660,33439.7900
1628702413278000,0,0.00291838,33440.4600
1628702445884000,0,0.00143000,33425.8100
1628702454511000,0,0.00357149,33431.4000
1628702683531000,1,0.25000000,33412.3600
1628702699562000,0,0.02029906,33433.0700
1628702760451000,0,0.00143000,33422.4900
1628702805537000,0,0.00186000,33433.6500
1628702883201000,0,0.00143000,33427.0600
1628702962032000,0,0.00089000,33410.5200
1628703129821000,0,0.00170058,33435.0100
1628703201257000,0,0.00207000,33440.1800
1628703249293000,0,0.20000032,33485.9600
1628703249293000,0,0.08667490,33485.9600
1628703267472000,1,0.24000000,33484.9400
1628703267482000,1,0.01000000,33484.9400
1628703282573000,0,0.06451620,33516.2100
1628703282573000,0,0.02500000,33518.8600
1628703282573000,0,0.06449667,33518.9500
1628703282573000,0,0.00093193,33520.8700
1628703282573000,0,0.06453048,33527.3900
1628703282573000,0,0.00315332,33530.1700
1628703400201000,1,0.00209700,33499.7200
1628703420504000,1,0.00185846,33485.6000
1628703474261000,1,0.01000000,33487.1800
1628703474302000,1,0.05452414,33487.1800
1628703476862000,1,0.02000000,33483.8200
1628703493666000,0,0.00699000,33501.5400
1628703514308000,1,0.06452170,33487.4400
1628703514308000,1,0.05547830,33483.8400
1628703547162000,1,0.06451221,33494.0300
1628703547162000,1,0.06451628,33490.3800
1628703547162000,1,0.06452327,33486.7400
1628703547162000,1,0.00092005,33480.9000
1628703547162000,1,0.02815679,33472.3900
1628703563336000,0,0.00143000,33517.6400
1628703615546000,0,0.06452285,33506.9700
1628703615546000,0,0.15685948,33509.3200
1628703627429000,1,0.22138233,33483.5800
1628703706510000,0,0.22020495,33494.7500
1628703755121000,0,0.00090535,33476.5400
1628703755121000,0,0.01036059,33482.3000
1628703771745000,0,0.01258084,33477.4600
1628703784757000,0,0.00142069,33478.8600
1628703842252000,0,0.00244787,33467.2300
1628703848747000,0,0.01322828,33486.6900
1628704042180000,1,0.00284709,33478.0300
1628704100086000,0,0.00088000,33479.1800
1628704104888000,0,0.01761036,33478.1800
1628704173072000,0,0.00707931,33472.1600
1628704210201000,0,0.00177000,33465.8500
1628704277266000,0,0.00086000,33474.9900
1628704453811000,1,0.00154577,33453.0000
1628704476216000,0,0.00595021,33490.3300
1628704514252000,1,0.00189033,33488.5700
1628704559264000,0,0.21452081,33581.7300
1628704604910000,0,0.03485129,33586.8200
1628704810369000,0,0.00286000,33545.3100
1628704922936000,0,0.06457033,33500.3200
1628704922936000,0,0.06456187,33504.6000
1628704922936000,0,0.06455362,33508.9700
1628704922936000,0,0.00623805,33513.1900
1628704922936000,0,0.04631483,33513.1900
1628704923021000,0,0.01199253,33513.1900
1628704923021000,0,0.06454458,33517.6500
1628704924821000,0,0.57000000,33525.2000
1628705427236000,1,0.00782886,33450.0100
1628705529067000,0,0.00201000,33463.4500
1628705655567000,0,0.00402000,33437.1000
1628705661881000,0,0.00591000,33437.8000
1628705669926000,0,0.06439638,33443.6500
1628705704459000,1,0.00149803,33417.1800
1628705727865000,0,0.00087000,33437.0300
1628705866670000,0,0.00290000,33402.2300
1628705993945000,0,0.00088000,33411.2200
1628706520793000,0,0.00744524,33410.5700
1628706603165000,0,0.00297799,33411.7200
1628706797677000,0,0.00101000,33394.3100
1628707256790000,0,0.09000000,33428.2500
1628707256803000,0,0.00285671,33428.2500
1628707569599000,0,0.00295000,33442.3700
1628707715320000,0,0.00143000,33499.0800
1628707725425000,0,0.00286000,33499.0700
1628707754198000,0,0.00430000,33493.9400
1628707808058000,1,0.05000000,33438.9300
1628707808183000,1,0.00525832,33438.9300
1628707810210000,0,0.00086000,33447.7200
1628707988534000,0,0.00287000,33427.8000
1628708052454000,0,0.00416000,33411.9900
1628708097542000,0,0.00818000,33406.7800
1628708169307000,0,0.02009000,33418.8700
1628708212385000,1,0.01000000,33403.0000
1628708215222000,0,0.00298439,33423.8200
1628708282633000,0,0.11445736,33401.8500
1628708292978000,0,0.00176919,33403.5000
1628708333235000,0,0.00431000,33401.8100
1628708363243000,1,0.00135732,33387.6900
1628708383835000,0,0.00088000,33417.7800
1628708423712000,1,0.00982392,33391.1800
1628708507188000,1,0.06965989,33378.2000
1628708507189000,1,0.03034011,33378.2000
1628708513334000,1,0.04848104,33357.1200
1628708587053000,1,0.19300000,33385.8700
1628708651712000,1,0.01494650,33436.0300
1628708653780000,0,0.00224000,33460.4800
1628708692509000,0,0.00086000,33444.2700
1628708970453000,0,0.00599000,33422.1800
1628709175323000,0,0.00283722,33385.5600
1628709355852000,0,0.00061187,33403.2300
1628709355947000,1,0.06479188,33379.7200
1628709722959000,1,0.18096903,33390.3600
1628709970187000,1,0.06485508,33348.2600
1628709970222000,1,0.06485569,33344.7700
1628709970232000,1,0.06484556,33353.1300
1628709970364000,1,0.00800000,33342.5400
1628709980953000,1,0.00177521,33344.8900
1628710056902000,1,0.00403108,33406.7100
1628710064078000,1,0.03861887,33412.0200
1628710064079000,1,0.02611329,33412.0200
1628710099778000,1,0.06000000,33422.4200
1628710099891000,1,0.00618655,33422.4200
1628710133577000,1,0.06470406,33424.0900
1628710148947000,1,0.06471788,33415.1000
1628710148994000,1,0.00000001,33415.1000
1628710187471000,1,0.00092013,33419.9300
1628710205999000,0,0.01637160,33427.3800
1628710297966000,1,0.00835292,33386.4800
1628710318208000,1,0.00061982,33389.9300
1628710376801000,0,0.05605000,33429.8900
1628710559973000,0,0.00298405,33427.6900
1628710565818000,0,0.00465000,33431.0100
1628710648610000,0,0.00085036,33436.9700
1628710795365000,0,0.00760000,33454.8100
1628710831589000,0,0.00172000,33448.0200
1628711119184000,1,0.03000000,33422.1900
1628711119276000,1,0.00507192,33422.1900
1628711119314000,1,0.00000001,33422.1900
1628711254304000,1,0.06469386,33428.4000
1628711254304000,1,0.00000001,33428.4000
1628711487505000,0,0.00086000,33486.4500
1628711597227000,0,0.00595897,33478.9100
1628711650314000,0,0.00286000,33492.3800
1628711712344000,0,0.00897000,33494.1300
1628711847288000,0,0.01380445,33516.7200
1628711899323000,0,0.00486000,33525.8300
1628711987805000,0,0.00143000,33523.5800
1628712033040000,0,0.01779543,33548.5000
1628712180196000,0,0.01029000,33571.4400
1628712253130000,0,0.00147000,33582.6800
1628712424123000,0,0.00357000,33626.6100
1628712431466000,0,0.00197319,33620.5200
1628712506986000,1,0.03873234,33598.9900
1628712531701000,0,0.06437388,33615.1800
1628712531701000,0,0.13032404,33619.4100
1628712564314000,0,0.00140629,33605.9600
1628712584166000,0,0.00592013,33614.1000
1628712610902000,0,0.00418000,33622.8100
1628712729182000,0,0.00128000,33635.4300
1628712749450000,1,0.03000000,33592.9700
1628712875782000,0,0.00376000,33632.3400
1628712960265000,0,0.00147000,33629.2500
1628712968853000,0,0.00086000,33633.0200
1628712992765000,0,0.00399000,33622.3600
1628713072444000,0,0.00563134,33626.2500
1628713077467000,0,0.00571000,33622.4600
1628713386498000,0,0.00143000,33621.9300
1628713443780000,0,0.00294000,33615.3100
1628713481544000,0,0.00248000,33613.1600
1628713507721000,0,0.00118000,33618.2700
1628713549056000,0,0.00147000,33622.6000
1628713568375000,0,0.00137000,33621.6900
1628713664804000,0,0.06436376,33647.1300
1628713694324000,0,0.06428571,33663.8500
1628713742526000,0,0.00157000,33678.3900
1628713807267000,1,0.03432785,33576.1600
1628713812323000,0,0.00971000,33581.9100
1628713969312000,1,0.00070437,33534.5500
1628713976579000,0,0.00271000,33557.9600
1628714055754000,0,0.00086000,33596.1900
1628714145007000,1,0.03143600,33589.6800
1628714318131000,0,0.00286000,33587.7400
1628714516275000,0,0.02617874,33559.3600
1628714720033000,0,0.00086000,33554.2300
1628714723276000,0,0.00577000,33557.6600
1628714735197000,1,0.03000000,33539.6500
1628714735205000,1,0.22000000,33539.6500
1628714756586000,0,0.00318000,33523.6200
1628714927690000,0,0.00127253,33488.2700
1628714931606000,0,0.00390000,33491.9300
1628714937914000,0,0.00664017,33513.6100
1628714955176000,1,0.25000000,33480.5100
1628714955176000,1,0.06460266,33478.8400
1628714955176000,1,0.06460993,33475.2300
1628714955176000,1,0.06459583,33471.7600
1628714955176000,1,0.00095871,33470.3000
1628714955176000,1,0.00564259,33463.2600
1628714955176000,1,0.00092837,33463.2500
1628714955176000,1,0.02500000,33461.2500
1628714955176000,1,0.06458179,33460.8700
1628714955176000,1,0.01577441,33459.9000
1628715017010000,0,0.00224000,33488.6400
1628715232385000,1,0.00164024,33434.0600
1628715250938000,0,0.00538000,33466.9400
1628715304154000,0,0.01432000,33473.7700
1628715322328000,0,0.00714000,33456.4600
1628715325504000,0,0.00148000,33460.4000
1628715348769000,0,0.00328422,33452.8400
1628715366259000,0,0.00143000,33456.3900
1628715438987000,0,0.00090070,33448.9700
1628715609104000,0,0.00094513,33427.2200
1628715609104000,0,0.00415426,33431.9800
1628715612230000,0,0.01477000,33431.9800
1628715628444000,1,0.25000000,33403.5800
1628715628998000,1,0.01000000,33393.0600
1628715629195000,1,0.01000000,33393.0600
1628715629802000,1,0.03000000,33393.0600
1628715630134000,1,0.02000000,33393.0600
1628715630156000,1,0.12000000,33393.0600
1628715630478000,1,0.06000000,33393.0600
1628715631140000,1,0.06000000,33393.0600
1628715631787000,1,0.07000000,33393.0600
1628715632509000,1,0.07000000,33393.0600
1628715633119000,1,0.05000000,33393.0600
1628715633818000,1,0.25000000,33393.0600
1628715633818000,1,0.02500000,33391.0400
1628715633818000,1,0.06475731,33388.0200
1628715633818000,1,0.00096385,33387.6600
1628715633818000,1,0.06475867,33387.3200
1628715636357000,1,0.06476266,33398.0700
1628715636408000,1,0.06476266,33394.7300
1628715636539000,1,0.25000000,33389.6900
1628715637284000,1,0.01000000,33389.6900
1628715637777000,1,0.06476266,33398.0700
1628715637777000,1,0.06476266,33394.7300
1628715637777000,1,0.24000000,33389.6900
1628715637777000,1,0.02047468,33388.0200
1628715638497000,1,0.25000000,33389.6900
1628715638497000,1,0.03000000,33388.0200
1628715639153000,1,0.01428263,33388.0200
1628715639153000,1,0.05571737,33387.3200
1628715640887000,1,0.06476266,33398.0700
1628715640887000,1,0.06476266,33394.7300
1628715640887000,1,0.06475731,33388.0200
1628715640887000,1,0.00571737,33387.3200
1628715642916000,1,0.06000000,33394.7300
1628715643079000,1,0.00476266,33394.7300
1628715644514000,1,0.06000000,33388.0200
1628715645548000,1,0.06000000,33394.7300
1628715649467000,1,0.00475731,33388.0200
1628715649467000,1,0.00332393,33387.3200
1628715650957000,1,0.06477054,33391.4400
1628715650957000,1,0.05522946,33388.0200
1628715651261000,1,0.00952785,33388.0200
1628715651261000,1,0.06047215,33387.3200
1628715651338000,1,0.00428652,33387.3200
1628715652391000,1,0.06475731,33388.0200
1628715652391000,1,0.05524269,33387.3200
1628715654835000,1,0.06000000,33391.6500
1628715654988000,1,0.00476857,33391.6500
1628715655258000,1,0.05000000,33388.0200
1628715655638000,1,0.01475731,33388.0200
1628715655638000,1,0.00524269,33387.3200
1628715656297000,1,0.06000000,33388.0200
1628715656352000,1,0.00475731,33388.0200
1628715656352000,1,0.00427329,33387.3200
1628715667120000,1,0.00733631,33364.7800
1628715667122000,1,0.05743928,33364.7800
1628715667125000,1,0.06478165,33361.1500
1628715677522000,1,0.11087018,33332.6600
1628715677609000,1,0.00000001,33332.6600
1628715681408000,0,0.00096916,33329.1400
1628715681408000,0,0.00091462,33336.7300
1628715681408000,0,0.00047622,33343.3200
1628715685364000,1,0.00093269,33278.6900
1628715685364000,1,0.00088438,33268.6500
1628715708893000,0,0.00924262,33372.5500
1628715727058000,1,0.00405742,33328.6400
1628715833094000,0,0.00090787,33277.2500
1628715833094000,0,0.00974180,33289.4900
1628715836302000,0,0.00532536,33286.0500
1628715852353000,0,0.00532782,33270.8400
1628715857679000,0,0.00532861,33262.6000
1628715895374000,0,0.02887000,33274.3900
1628715901912000,1,0.06000000,33240.8200
1628715902010000,1,0.00500542,33240.8200
1628715902010000,1,0.06503917,33239.1200
1628715903852000,1,0.06504552,33248.5100
1628715903852000,1,0.06504552,33244.9100
1628715903852000,1,0.05990896,33240.8200
1628715903887000,1,0.00509646,33240.8200
1628715904740000,1,0.06000000,33236.6100
1628715904863000,1,0.06000000,33240.8200
1628715904901000,1,0.00500542,33240.8200
1628715904901000,1,0.00501319,33236.6100
1628715905264000,1,0.06000000,33225.4400
1628715905945000,1,0.00504712,33225.4400
1628715905945000,1,0.06495288,33219.6600
1628715907795000,1,0.06504712,33225.4400
1628715907795000,1,0.00009873,33219.6600
1628715907795000,1,0.08485415,33215.4300
1628715908059000,1,0.14000000,33215.4300
1628715908598000,1,0.25769684,33215.4300
1628715908598000,1,0.06505811,33215.4200
1628715908598000,1,0.05724505,33211.1700
1628715909322000,1,0.06505811,33215.4200
1628715909322000,1,0.00494189,33211.1700
1628715910268000,0,0.00533124,33247.4600
1628715910293000,0,0.00594000,33247.4600
1628715910906000,1,0.06000000,33215.4200
1628715910913000,1,0.00505811,33215.4200
1628715915041000,1,0.02000000,33199.8100
1628715915058000,1,0.03000000,33199.8100
1628715915152000,1,0.01508372,33199.8100
1628715917632000,1,0.06000000,33199.8100
1628715918974000,0,0.01066701,33234.9100
1628715922069000,1,0.06509034,33194.1800
1628715922694000,0,0.00094616,33214.6100
1628715922694000,0,0.00438857,33219.9900
1628715924449000,0,0.00144000,33229.4900
1628715937800000,1,0.07000000,33217.8000
1628715938031000,1,0.38596131,33217.8000
1628715938031000,1,0.06403869,33217.7900
1628715938069000,1,0.00104519,33217.7900
1628715938243000,1,0.06000000,33211.3000
1628715938317000,1,0.00509953,33211.3000
1628715941495000,1,0.06000000,33227.1100
1628715941508000,1,0.00507714,33227.1100
1628715941508000,1,0.06507714,33223.2800
1628715941508000,1,0.00092907,33222.0300
1628715943389000,1,0.06506829,33231.7300
1628715943389000,1,0.06507714,33227.1100
1628715944378000,1,0.06000000,33227.1100
1628715945141000,1,0.06000000,33223.2800
1628715946000000,1,0.04000000,33216.2200
1628715946461000,1,0.02000000,33216.2200
1628715947128000,1,0.06000000,33214.5700
1628715948033000,1,0.06000000,33205.8500
1628716005340000,0,0.00533628,33212.3200
1628716018599000,0,0.00533799,33207.4300
1628716031154000,0,0.00533964,33198.8500
1628716060441000,0,0.22502211,33283.4400
1628716317647000,0,0.00096245,33256.7700
1628716317647000,0,0.00701755,33261.1800
1628716438080000,0,0.00271000,33233.8400
1628716535390000,1,0.02500000,33165.2300
1628716546391000,0,0.01603312,33169.4500
1628716551949000,1,0.00838931,33129.3000
1628716567062000,0,0.00534615,33156.7400
1628716584696000,0,0.34000000,33164.4900
1628716584733000,0,0.14764813,33164.4900
1628716604535000,0,0.01000000,33147.9300
1628716604598000,0,0.05528531,33147.9300
1628716609897000,0,0.00534814,33138.3900
1628716614062000,0,0.00534965,33131.3900
1628716619659000,0,0.00535226,33120.5800
1628716621077000,0,0.00144854,33126.1600
1628716662249000,1,0.00091802,33149.8200
1628716662249000,1,0.00097254,33143.1600
1628716662249000,1,0.03032076,33136.3100
1628716680858000,1,0.00102269,33139.8600
1628716691891000,0,0.00483000,33154.2900
1628716756022000,0,0.00535390,33108.7700
1628716762931000,0,0.05876157,33120.1500
1628716762932000,0,0.00655726,33120.1500
1628716856268000,0,0.00827000,33172.6900
1628716905235000,0,0.00097343,33189.3000
1628716905235000,0,0.00505657,33193.8900
1628716928234000,1,0.05736857,33160.1600
1628716929187000,1,0.01806676,33158.6800
1628716930177000,1,0.00693323,33158.6800
1628716930186000,1,0.00000001,33158.6800
1628716991857000,1,0.02499991,33136.9300
1628717007200000,0,0.49000000,33156.6100
1628717007226000,0,0.00021586,33156.6100
1628717063706000,0,0.00142853,33183.9600
1628717081511000,1,0.00110854,33178.3100
1628717081541000,1,0.00002262,33178.3100
1628717185146000,0,0.00404000,33242.8700
1628717259807000,0,0.00240400,33273.4200
1628717259807000,0,0.05759600,33274.9100
1628717271758000,0,0.06504595,33289.0400
1628717271758000,0,0.06495405,33289.9300
1628717334083000,0,0.06498026,33299.1800
1628717334083000,0,0.06500018,33299.3700
1628717334083000,0,0.04014501,33303.1200
1628717386634000,0,0.00137478,33292.5400
1628717487690000,0,0.00149000,33308.6600
1628717514065000,0,0.01774606,33332.2800
1628717559607000,0,0.06357789,33352.2500
1628717559638000,0,0.00129751,33352.2500
1628717628962000,0,0.06489425,33340.9600
1628717628964000,0,0.00000001,33340.9600
1628717629093000,0,0.06487854,33348.3600
1628717629093000,0,0.06489409,33348.4700
1628717629189000,0,0.06487540,33352.2500
1628717774987000,0,0.06485055,33376.5900
1628717774987000,0,0.02833042,33378.4800
1628718371026000,0,0.00086000,33457.0600
1628718406209000,1,0.00093925,33415.5500
1628718406209000,1,0.00014199,33412.9900
1628718526712000,1,0.00765753,33417.9100
1628718629973000,0,0.04000000,33408.2600
1628718629994000,0,0.02475105,33408.2600
1628718629994000,0,0.06475723,33408.2700
1628718677217000,0,0.00127395,33417.2800
1628718694605000,0,0.00087000,33405.4000
1628718737664000,0,0.00538500,33409.5800
1628718737664000,0,0.02064822,33417.2700
1628718737664000,0,0.06351836,33417.2800
1628718737664000,0,0.01563044,33419.2600
1628718747900000,0,0.00198450,33407.1900
1628718903778000,0,0.00090239,33453.2700
1628718903778000,0,0.01342761,33455.8500
1628719020240000,0,0.06471512,33469.4900
1628719020240000,0,0.04633722,33475.4200
1628719230476000,0,0.00166000,33412.2200
1628719383460000,0,0.06482916,33389.1500
1628719383464000,0,0.00000001,33389.1500
1628719537090000,1,0.06000000,33262.7800
1628719537096000,1,0.01000000,33262.7800
1628719538539000,1,0.10000000,33262.7800
1628719538554000,1,0.00893072,33262.7800
1628719553230000,0,0.48000000,33336.7600
1628719553245000,0,0.00623491,33336.7600
1628719559649000,0,0.00096815,33348.4100
1628719559649000,0,0.00602887,33351.7000
1628719650250000,0,0.06499993,33304.5600
1628719650250000,0,0.05500007,33304.5700
1628719679013000,0,0.06080926,33320.1900
1628719741365000,0,0.06000000,33304.4500
1628719741369000,0,0.00496917,33304.4500
1628719741476000,0,0.04139568,33309.1300
1628719800004000,1,0.00090188,33289.9000
1628719800004000,1,0.00065431,33283.5900
1628719943182000,0,0.06000000,33272.4800
1628719943200000,0,0.00503393,33272.4800
1628720010365000,1,0.00107336,33282.5400
1628720049939000,0,0.06501145,33286.4800
1628720103449000,0,0.06000000,33261.6100
1628720103744000,0,0.06000000,33265.2200
1628720110846000,1,0.00560000,33225.1100
1628720170746000,0,0.06513996,33212.7600
1628720174890000,0,0.06513595,33215.8000
1628720221370000,0,0.01093779,33198.4200
1628720269223000,0,0.06000000,33185.2800
1628720271641000,0,0.03000000,33201.3200
1628720508231000,0,0.02000000,33140.1900
1628720518165000,0,0.00241000,33127.0400
1628720532069000,1,0.00218625,33079.0900
1628720535468000,0,0.00535451,33100.2200
1628720538295000,0,0.01215612,33082.2800
1628720565328000,0,0.00380000,33123.3500
1628720571306000,0,0.00535612,33096.6800
1628720585756000,0,0.00238000,33095.6500
1628720592084000,1,0.18575859,33049.2500
1628720593279000,0,0.00535762,33067.6900
1628720606780000,0,0.00176000,33102.8100
1628720780577000,0,0.00535920,33067.9400
1628720788577000,1,0.00500000,33000.0000
1628720788577000,1,0.05000000,33000.0000
1628720789329000,1,0.00119450,32995.6500
1628720789405000,0,0.00094534,33019.9400
1628720789405000,0,0.01514762,33026.2900
1628720790520000,1,0.00000001,32995.6500
1628720790751000,0,0.00080675,32989.9800
1628720799626000,0,0.00080821,32986.1400
1628720803701000,0,0.04302118,32964.4600
1628720809456000,0,0.01614883,32915.6900
1628720809700000,1,0.00095480,32866.9700
1628720809700000,1,0.00092053,32863.5400
1628720809700000,1,0.00095205,32856.0000
1628720809700000,1,0.23977192,32850.5600
1628720809700000,1,0.05557847,32850.5500
1628720810841000,0,0.00080955,32901.2500
1628720833044000,0,0.02247634,32963.0300
1628720859046000,0,0.00581000,33002.5400
1628720889913000,0,0.00081037,32898.2100
1628720983417000,0,0.00081973,32999.2300
1628721043679000,0,0.00224595,33005.3800
1628721044140000,0,0.15000000,33005.3800
1628721053594000,0,0.09000000,33010.3200
1628721058312000,0,0.00800000,33010.3200
1628721058550000,0,0.00028355,33010.3200
1628721065658000,0,0.00093640,33055.1500
1628721065658000,0,0.26000000,33061.3200
1628721065658000,0,0.00091730,33062.4400
1628721065658000,0,0.03300221,33064.6200
1628721254037000,0,0.00128892,33058.8500
1628721262932000,0,0.06000000,33047.4700
1628721488745000,0,0.00290000,33042.5600
1628721533028000,0,0.00150000,33014.6000
1628721534665000,0,0.00114758,33014.6000
1628721555519000,0,0.00291000,33013.1900
1628721582530000,0,0.00267000,32986.4000
1628721732232000,0,0.00087000,33080.8800
1628721755432000,1,0.00062000,33027.9400
1628721842673000,1,0.00800000,32998.1000
1628722326212000,0,0.00229948,32919.9000
1628722586078000,1,0.06000000,32967.3000
1628722587912000,1,0.52000000,32934.5200
1628722826761000,1,0.00062057,32959.0000
1628723171136000,0,0.00896000,33069.9000
1628723294858000,0,0.01000000,33064.0100
1628723309606000,0,0.00580000,33084.0600
1628723382142000,0,0.06543960,33067.0500
1628723430744000,0,0.00150000,33049.1000
1628723465049000,0,0.06546309,33051.4600
1628723513869000,0,0.00150000,33033.0900
1628723551848000,0,0.00159283,33038.0700
1628723607074000,0,0.17150000,33009.0100
1628723657823000,1,0.01140000,32948.8500
1628723662785000,0,0.06000000,32976.7100
1628723696183000,0,0.02000000,32977.9900
1628723860100000,0,0.06567518,32949.1700
1628723860159000,0,0.06567250,32952.9400
1628723886742000,0,0.06554996,33014.1700
1628723886754000,0,0.00000001,33014.1700
1628723908209000,0,0.01600498,33025.0500
1628723947314000,0,0.06549025,33037.5100
1628724137199000,0,0.01104000,32999.7000
1628724147260000,1,0.00090652,32984.3500
1628724147260000,1,0.05099284,32975.7700
1628724599040000,0,0.00740814,32937.0400
1628724619295000,1,0.00683157,32881.9300
1628724709111000,0,0.00291000,32923.7300
1628725120071000,1,0.00301668,32957.2100
1628725209396000,0,0.00204000,32918.6200
1628725268886000,0,0.01000000,32947.7600
1628725268895000,0,0.25000000,32947.7600
1628725500693000,0,0.03669666,32937.6100
1628726017702000,0,0.06570034,32955.9000
1628726051923000,0,0.00074070,32954.6000
1628726202249000,0,0.00545914,32912.1200
1628726404361000,0,0.00484755,32844.5400
1628726405574000,0,0.00079757,32844.5400
1628726453966000,1,0.00600000,32800.0000
1628726453966000,1,0.00239949,32800.0000
1628726453970000,1,0.00000001,32800.0000
1628726454584000,0,0.00093186,32792.6100
1628726454584000,0,0.00877193,32809.0100
1628726475971000,0,0.00485310,32811.9800
1628726487019000,0,0.00485486,32783.9300
1628726557513000,0,0.06581493,32879.6500
1628726557513000,0,0.06580374,32885.5600
1628726557558000,0,0.06583409,32891.4800
1628726603341000,0,0.00151202,32902.9000
1628726641863000,0,0.06574172,32910.5800
1628726641868000,0,0.00000001,32910.5800
1628726641889000,0,0.06573168,32915.6500
1628726641889000,0,0.06572153,32920.5800
1628726641889000,0,0.06571362,32925.2800
1628726644713000,0,0.12403566,32948.3400
1628726644716000,0,0.11492671,32948.3400
1628726644716000,0,0.02547118,32948.3500
1628726644717000,0,0.04025293,32948.3500
1628726644717000,0,0.06571396,32953.7000
1628726652707000,1,0.00260807,32929.6300
1628726727804000,1,0.26000000,32856.8300
1628726727828000,1,0.00868981,32856.8300
1628726794694000,0,0.02000000,32943.4800
1628726794829000,0,0.02000000,32943.4800
1628726794935000,0,0.04000000,32943.4800
1628726795413000,0,0.18000000,32943.4800
1628726801060000,0,0.00868922,32943.4800
1628726801061000,0,0.00000001,32943.4800
1628727302707000,1,0.00091114,33048.5600
1628727753157000,1,0.00093351,33018.4800
1628727916373000,1,0.06551938,33003.3800
1628727916394000,1,0.00000001,33003.3800
1628728067686000,0,0.00122000,32999.4200
1628728114012000,0,0.04387382,33002.7800
1628729124966000,1,0.01049934,32926.7100
1628729125930000,1,0.05517026,32926.7100
1628729198648000,1,0.02165655,32906.2500
1628729214551000,1,0.06572163,32902.3600
1628729229138000,1,0.01000000,32899.9300
1628729356772000,1,0.06554314,32992.4600
1628729399925000,1,0.00091018,32977.3600
1628729412534000,1,0.00092685,32982.4100
1628729412534000,1,0.00094946,32979.9600
1628729598133000,1,0.00088592,32948.9800
1628729844581000,0,0.01000000,32950.0000
1628729844628000,0,0.63000000,32950.0000
1628729844632000,0,0.22000000,32950.0000
1628729844779000,0,0.00419440,32950.0000
1628729844840000,0,0.63000000,32950.0000
1628729844852000,0,0.02130956,32950.0000
1628730203774000,0,0.00829000,32973.2600
1628730258003000,0,0.00131000,32969.9700
1628730527517000,0,0.02000000,32986.7900
1628730527568000,0,0.00500000,32986.7900
1628730853449000,1,0.00766130,33037.4200
1628730886230000,0,0.00120700,33057.1200
1628730996751000,1,0.00700000,33025.8300
1628731519993000,1,0.06532471,33102.2600
1628731520038000,1,0.06533192,33098.0400
1628731747501000,1,0.03374640,33095.4600
1628731850237000,0,0.03244205,33138.8200
1628731850241000,0,0.01113673,33138.8200
1628731850279000,0,0.05642122,33138.8200
1628731852184000,0,0.00952000,33185.4800
1628731964647000,1,0.00485486,33235.1900
1628731993276000,1,0.00485310,33268.8900
1628732001733000,1,0.11540500,33247.7800
1628732113245000,0,0.05191240,33219.4200
1628732577087000,0,0.00579000,33129.3600
1628733062330000,0,0.00800000,33155.6900
1628733109964000,1,0.06000000,33113.6100
1628733130626000,1,0.06529797,33110.5700
1628733633960000,0,0.03007067,33171.8500
1628733669443000,1,0.02288680,33145.1600
1628733669482000,1,0.04233679,33145.1600
1628733769573000,0,0.00071401,33151.5200
1628734363114000,0,0.00557000,33196.8400
1628734454618000,0,0.06000000,33185.8100
1628734621238000,1,0.06523494,33148.2200
1628734637490000,0,0.06524802,33169.6300
1628734672476000,0,0.00723000,33169.7300
1628734773065000,1,0.01414943,33138.3500
1628735289638000,0,0.01154000,33235.2000
1628735329405000,1,0.01000000,33232.3000
1628735484931000,1,0.00071030,33232.3000
1628735566988000,1,0.00001450,33232.3000
1628735884854000,0,0.06000000,33263.4300
1628735892440000,1,0.00624323,33269.7400
1628735907111000,1,0.00346056,33276.0900
1628735914487000,0,0.06000000,33295.7700
1628735914512000,0,0.00498220,33295.7700
1628735918687000,1,0.00484755,33293.0800
1628735929954000,1,0.00620967,33298.3100
1628735937688000,1,0.06493694,33289.8600
1628735937702000,1,0.00000001,33289.8600
1628736127470000,1,0.06495690,33278.1000
1628736127470000,1,0.00000001,33278.1000
1628736826613000,0,0.00147851,33292.2200
1628736923423000,0,0.06495159,33302.5100
1628736923423000,0,0.00974340,33305.5100
1628737120329000,1,0.00620780,33302.1100
1628737420981000,0,0.00450000,33263.1300
1628738117255000,0,0.06000000,33291.2700
1628738131564000,0,0.06000000,33305.0400
1628738131577000,0,0.00495486,33305.0400
1628738154639000,0,0.06365553,33304.7400
1628738497626000,0,0.04488833,33249.8400
1628738748237000,0,0.06502490,33274.9200
1628738761854000,0,0.06000000,33278.2000
1628739122704000,1,0.00373136,33311.3400
1628739883632000,0,0.00865000,33273.2900
1628740424817000,0,0.00578000,33167.3700
1628740449291000,0,0.00298000,33169.7000
1628740682333000,1,0.06520823,33145.8200
1628740682358000,1,0.00000001,33145.8200
1628740701213000,0,0.06529606,33115.0100
1628740701213000,0,0.06470394,33118.5500
1628740701531000,0,0.06000000,33123.0300
1628740701606000,0,0.00529111,33123.0300
1628740936330000,0,0.06525715,33144.5600
1628741127574000,0,0.00724000,33133.8000
1628741300151000,0,0.00584000,33173.1700
1628741483670000,0,0.00867000,33175.5000
1628741828092000,0,0.03642408,33088.5700
1628741828095000,0,0.02894595,33088.5700
1628741973372000,0,0.00960000,33023.9700
1628741974852000,0,0.00090000,33023.9700
1628742063370000,0,0.00094571,33018.5800
1628742063370000,0,0.00865429,33021.4800
1628742064955000,0,0.00090000,33021.4800
1628742066911000,0,0.00090000,33021.4800
1628742068140000,0,0.00090000,33012.1100
1628742094400000,0,0.01150000,33009.4500
1628742096241000,1,0.00090000,33009.4500
1628742127200000,1,0.00960000,33007.8400
1628742497208000,0,0.01459734,32937.0800
1628742509550000,0,0.00486651,32931.5800
1628742515833000,0,0.00486798,32921.5600
1628742789140000,0,0.06560479,32976.6300
1628743170557000,0,0.00698000,32981.3600
1628743246846000,0,0.00574663,32994.4000
1628743597144000,1,0.10000000,32942.6700
1628743648188000,0,0.00486936,32918.0600
1628743858031000,0,0.00487103,32906.7800
1628743888113000,0,0.00487213,32899.3100
1628744154125000,1,0.06572114,32891.4400
1628744158566000,0,0.00487360,32889.3900
1628744265832000,0,0.00487574,32874.9800
1628744393134000,0,0.00487671,32865.4200
1628744539123000,1,0.00635904,32876.5700
1628744627814000,0,0.00487812,32858.9500
1628744780452000,0,0.00488030,32844.2800
1628744809652000,0,0.00488111,32838.8300
1628744867622000,0,0.00488243,32821.0000
1628744880113000,0,0.00488413,32818.5100
1628745009461000,0,0.00488585,32806.9200
1628745030745000,0,0.00488696,32799.4800
1628745037829000,0,0.00079882,32798.0400
1628745073764000,0,0.00488847,32789.3700
1628745082595000,1,0.06599695,32769.1600
1628745088584000,0,0.00489024,32777.5100
1628745112977000,1,0.01894783,32772.6600
1628745112982000,1,0.04704016,32772.6600
1628745179830000,0,0.00489260,32761.7000
1628745212318000,0,0.00489290,32759.6800
1628745253383000,1,0.06604993,32716.1100
1628745254064000,1,0.00624393,32700.0400
1628745254064000,1,0.18295996,32686.0700
1628745254064000,1,0.01561231,32686.0600
1628745254064000,1,0.04058557,32686.0400
1628745254064000,1,0.13459823,32683.7700
1628745255567000,1,0.00330176,32683.7700
1628745256787000,0,0.00096809,32698.6700
1628745256787000,0,0.00392706,32704.8400
1628745258055000,0,0.00080013,32703.2100
1628745275447000,0,0.00489598,32737.3600
1628745315844000,0,0.10000000,32748.6800
1628745484546000,1,0.01170169,32748.8100
1628745484550000,1,0.13330218,32748.8100
1628745484570000,1,0.13539055,32748.8100
1628745537795000,0,0.00489754,32723.2800
1628745631087000,0,0.00489884,32717.5600
1628745646283000,0,0.00490113,32704.6800
1628745653097000,0,0.00490237,32696.3900
1628745654695000,0,0.00080131,32696.3900
1628745679152000,0,0.00490414,32684.5800
1628745684442000,0,0.00981319,32669.2800
1628745828631000,0,0.00490852,32655.4000
1628745872056000,0,0.00490976,32636.0000
1628745873318000,0,0.00080251,32636.0000
1628745883513000,0,0.00093838,32625.0600
1628745883513000,0,0.00397360,32632.4400
1628745896979000,0,0.06633549,32657.9800
1628745896979000,0,0.06632704,32662.0800
1628745896979000,0,0.06630787,32662.2500
1628745896979000,0,0.06629472,32671.3000
1628745896979000,0,0.00091201,32673.8900
1628745896979000,0,0.06627932,32683.7300
1628745896979000,0,0.02591395,32684.7500
1628745896979000,0,0.00096220,32685.5900
1628745896979000,0,0.06477100,32692.9500
1628745896979000,0,0.02500000,32692.9600
1628745896979000,0,0.47152676,32705.8200
1628745896979000,0,0.07874697,32705.8300
1628745912368000,1,0.47000000,32608.9900
1628745947903000,0,0.01474862,32605.0700
1628746039601000,0,0.00983854,32585.1100
1628746041004000,0,0.00080404,32585.1100
1628746044262000,0,0.00984473,32564.6200
1628746054376000,0,0.00492324,32552.4700
1628746070385000,0,0.00492467,32548.3500
1628746071699000,0,0.00080495,32548.3500
1628746077932000,0,0.00492666,32535.1700
1628746079087000,0,0.00147473,32535.1700
1628746080810000,1,0.06655116,32522.0000
1628746082099000,1,0.06654233,32522.0000
1628746082183000,1,0.04596507,32522.0000
1628746084386000,1,0.02094144,32522.0000
1628746092085000,0,0.00492747,32514.9400
1628746092311000,0,0.06162617,32514.9400
1628746092311000,0,0.06655364,32514.9500
1628746094312000,1,0.00800000,32500.0000
1628746094997000,1,0.03016101,32500.0000
1628746095182000,1,0.05080944,32500.0000
1628746095419000,1,0.08933590,32500.0000
1628746095921000,0,0.00492973,32514.9400
1628746095985000,1,0.04082304,32500.0000
1628746096795000,1,0.00502906,32500.0000
1628746096975000,1,0.06658693,32500.0000
1628746097485000,1,0.05831139,32500.0000
1628746098561000,1,0.60094323,32500.0000
1628746103106000,0,0.00986439,32499.7200
1628746104641000,0,0.00080616,32499.7200
1628746157698000,0,0.06638685,32604.2800
1628746157708000,0,0.00000001,32604.2800
1628746203888000,0,0.00454000,32592.9800
1628746213829000,0,0.10031571,32583.9700
1628746213997000,0,0.19995561,32583.9700
1628746214000000,0,0.10028947,32583.9700
1628746214022000,0,0.11280876,32583.9700
1628746214171000,0,0.01263044,32583.9700
1628746214174000,0,0.00000001,32583.9700
1628746217036000,1,0.00095336,32578.6100
1628746265479000,1,0.06000000,32501.9500
1628746269791000,0,0.06459010,32522.6900
1628746287930000,1,0.05000000,32517.2600
1628746290999000,1,0.06000000,32506.0900
1628746291046000,1,0.00093734,32506.4400
1628746291046000,1,0.00652564,32506.0900
1628746298561000,1,0.00091097,32479.2100
1628746337772000,0,0.00493400,32486.8100
1628746341415000,1,0.00137411,32444.4600
1628746365491000,0,0.00097414,32461.6500
1628746365491000,0,0.00889958,32469.0000
1628746375533000,1,0.06000000,32427.8800
1628746379158000,1,0.26000000,32409.7300
1628746380646000,0,0.00080782,32432.6300
1628746382699000,1,0.26000000,32378.9300
1628746383841000,0,0.01977459,32410.3100
1628746385892000,1,0.00095498,32379.9600
1628746385892000,1,0.25904501,32374.2000
1628746413230000,1,0.06000000,32417.8100
1628746419484000,0,0.00091075,32422.7400
1628746419484000,0,0.00096188,32426.8600
1628746419598000,0,0.00000001,32426.8600
1628746471213000,1,0.06000000,32465.8300
1628746471275000,1,0.00659444,32465.8300
1628746475526000,1,0.06661907,32448.9200
1628746475526000,1,0.06656844,32448.8200
1628746533719000,0,0.01035000,32420.4900
1628746551082000,1,0.06544118,32386.3000
1628746568093000,1,0.19867150,32401.3400
1628746588944000,0,0.00080866,32383.7200
1628746607809000,0,0.00420025,32376.6100
1628746677042000,1,0.06533512,32434.4800
1628746682968000,1,0.06665031,32440.6500
1628746684173000,1,0.06000000,32430.2800
1628746684197000,1,0.00667555,32430.2800
1628746707642000,1,0.05000000,32399.5800
1628746735073000,1,0.06665082,32435.6200
1628746735073000,1,0.06334918,32434.2800
1628746735121000,1,0.00329943,32434.2800
1628746781566000,0,0.19659427,32450.8000
1628746781642000,0,0.00000001,32450.8000
1628746810153000,0,0.00092783,32506.9300
1628746812086000,0,0.01864380,32516.3600
1628746812103000,0,0.04345899,32516.3600
1628746812170000,0,0.04657703,32516.3600
1628746821866000,0,0.03272358,32521.0900
1628746831998000,1,0.06000000,32513.2100
1628746851018000,1,0.06000000,32529.3500
1628746862176000,1,0.06649312,32519.9200
1628746925899000,1,0.06000000,32569.5900
1628746929722000,1,0.06000000,32549.0900
1628746966569000,1,0.06000000,32533.4800
1628746966612000,1,0.00646775,32533.4800
1628746972087000,1,0.06647051,32533.4900
1628746973846000,1,0.06000000,32533.4900
1628747030637000,1,0.06000000,32574.4500
1628747037732000,1,0.06000000,32587.8600
1628747039051000,1,0.06000000,32578.8900
1628747047139000,1,0.06000000,32588.3300
1628747053032000,1,0.05000000,32583.7600
1628747053053000,1,0.01637045,32583.7600
1628747057291000,1,0.02000000,32586.9300
1628747057364000,1,0.04636044,32586.9300
1628747110091000,1,0.06643616,32545.2900
1628747200342000,0,0.00122228,32561.9600
1628747611376000,1,0.06626928,32629.1900
1628747707243000,0,0.00283968,32606.7100
1628747707250000,0,0.00000001,32606.7100
1628747707487000,0,0.06634594,32634.7900
1628747866067000,0,0.04508330,32640.7600
1628747866096000,0,0.02119659,32640.7600
1628747866210000,0,0.00800000,32644.3000
1628747932358000,0,0.00091770,32603.0900
1628747955614000,0,0.00060999,32623.1300
1628748317541000,1,0.06000000,32604.0300
1628748351768000,1,0.06643169,32553.1800
1628748351768000,1,0.06643981,32549.2400
1628748500870000,1,0.06000000,32510.3600
1628748601686000,1,0.03000000,32514.0300
1628748601876000,1,0.03000000,32514.0300
1628748606731000,1,0.06000000,32510.7400
1628748606939000,1,0.00651216,32510.7400
1628748607443000,1,0.06000000,32507.3700
1628748607543000,1,0.00651417,32507.3700
1628748609218000,1,0.05000000,32503.8200
1628748620385000,1,0.01000000,32494.8400
1628748620842000,1,0.02000000,32494.8400
1628748620845000,1,0.03649068,32494.8400
1628748626727000,1,0.06000000,32472.7200
1628748626804000,1,0.00654422,32472.7200
1628748626804000,1,0.06655297,32466.7800
1628748626832000,1,0.06656592,32459.3800
1628748627436000,1,0.02500000,32456.3200
1628748669484000,0,0.06669469,32445.1400
1628748669484000,0,0.06668657,32449.1400
1628748669484000,0,0.06668020,32453.0900
1628748669484000,0,0.23557167,32455.7900
1628748669484000,0,0.26000000,32455.8000
1628748669484000,0,0.48425210,32457.4200
1628748669484000,0,0.06667442,32457.4300
1628748669484000,0,0.00095925,32459.8100
1628748669484000,0,0.06667442,32461.2400
1628748669560000,1,0.00800000,32465.5600
1628748670079000,1,0.00092455,32441.1100
1628748670079000,1,0.00091058,32439.4900
1628748670079000,0,0.26000000,32439.2200
1628748670106000,0,0.00097064,32439.2200
1628748670164000,0,1.11360000,32439.2200
1628748734360000,0,0.10323104,32502.4700
1628748734513000,1,0.01338469,32486.5600
1628748794738000,1,0.00227646,32481.5100
1628748826383000,0,0.00162000,32470.7400
1628748879267000,0,0.06665225,32464.5100
1628748983304000,0,0.02980877,32465.7400
1628748983316000,0,0.04441742,32465.7400
1628748983417000,0,0.09976465,32465.7400
1628748984297000,0,0.11760689,32465.7400
1628748984308000,0,0.04842237,32465.7400
1628748984311000,0,0.06247702,32465.7400
1628748984387000,0,0.03458382,32465.7400
1628748984744000,0,0.14669437,32465.7400
1628748985224000,0,0.04729225,32465.7400
1628748985329000,0,0.07000000,32465.7400
1628748985332000,0,0.06493244,32465.7400
1628749059388000,1,0.06656398,32463.9300
1628749059388000,1,0.13328552,32462.3800
1628749059391000,1,0.19984949,32462.3800
1628749059413000,1,0.16252274,32462.3800
1628749059484000,1,0.20000000,32462.3800
1628749059719000,1,0.06000000,32462.3800
1628749089762000,0,0.05840000,32504.7700
1628749105618000,0,0.00088000,32519.9300
1628749143564000,1,0.49000000,32501.2700
1628749184593000,0,0.00301000,32468.2600
1628749395877000,1,0.00387303,32527.0400
1628749460609000,0,0.00112000,32525.9800
1628749619725000,0,0.06000000,32503.3800
1628749724582000,0,0.03957000,32480.6600
1628749750852000,1,0.01000000,32445.1300
1628749796502000,0,0.04097716,32512.2500
1628749796503000,0,0.02558483,32512.2500
1628749871516000,1,0.01000000,32445.1300
1628750617225000,1,0.06161788,32549.8400
1628750617273000,0,0.00076344,32575.8300
1628750703053000,1,0.06637634,32593.6700
1628750848838000,1,0.06646267,32557.1600
1628750848841000,1,0.00000001,32557.1600
1628750889103000,0,0.00500000,32554.7800
1628751052165000,0,0.02445114,32555.1200
1628751098135000,1,0.02467840,32495.1200
1628751179038000,1,0.06650237,32532.7700
1628751179038000,1,0.00000001,32532.7700
1628751215401000,1,0.00259817,32494.0500
1628751221648000,0,0.00122729,32510.5700
1628751243774000,0,0.00456000,32512.2200
1628751498746000,1,0.06634403,32616.9000
1628751498759000,1,0.00000001,32616.9000
1628751498841000,1,0.06256229,32613.5700
1628751516375000,0,0.00235000,32632.2000
1628751658777000,0,0.00174069,32637.2200
1628751677339000,1,0.01104933,32588.9800
1628751889669000,0,0.06626734,32711.7200
1628751889711000,0,0.06625740,32715.4200
1628752008622000,1,0.00096288,32694.1700
1628752008622000,1,0.00095339,32685.7400
1628752008654000,1,0.00000001,32685.7400
1628752027404000,1,1.73690000,32717.5900
1628752027594000,1,0.00129820,32717.5900
1628752027700000,1,0.01527651,32717.5900
1628752028265000,1,0.02162851,32717.5900
1628752029901000,1,0.00864923,32717.5900
1628752029901000,1,0.19982573,32717.5900
1628752030001000,1,0.16173280,32717.5900
1628752030539000,1,0.07673495,32717.5900
1628752030805000,1,0.06619246,32717.5900
1628752033703000,1,0.78400000,32717.5900
1628752034085000,1,0.07840000,32717.5900
1628752035997000,1,0.23977192,32717.6100
1628752035997000,1,0.03651993,32717.5900
1628752039616000,1,0.01176000,32717.5900
1628752039850000,1,0.02433646,32717.5900
1628752060568000,1,0.06617547,32717.5900
1628752061893000,1,0.06617593,32717.5900
1628752063010000,1,0.06617660,32717.5900
1628752063025000,1,0.05250516,32717.5900
1628752063094000,1,0.58287252,32717.5900
1628752063222000,1,0.03678839,32717.5900
1628752103525000,0,0.16000000,32700.0000
1628752103734000,0,0.15000000,32700.0000
1628752103854000,0,0.18000000,32700.0000
1628752103923000,0,0.01000000,32700.0000
1628752140924000,0,0.03042005,32709.3400
1628752143583000,0,0.06621016,32701.0400
1628752150145000,0,0.00000001,32701.0400
1628752150145000,0,0.03577868,32709.3400
1628752179470000,1,0.00091159,32701.1200
1628752179470000,1,0.00419061,32696.1800
1628752189659000,1,0.00091128,32711.6000
1628752189659000,1,0.02594143,32706.9100
1628752403458000,0,0.01243190,32686.7600
1628752614186000,0,0.02620000,32663.6600
1628752677610000,0,0.00150000,32660.0600
1628752702480000,0,0.04000000,32663.6600
1628752702513000,0,0.00008243,32663.6600
1628752702621000,0,0.06000000,32665.9700
1628752712707000,0,0.06000000,32676.7500
1628752712774000,0,0.00629624,32676.7500
1628752721126000,0,0.26000000,32685.2100
1628752721148000,0,0.06624791,32685.7200
1628752724470000,0,0.06000000,32689.8200
1628752724479000,0,0.00628029,32689.8200
1628752730422000,0,0.01114527,32701.6000
1628752795808000,0,0.01000000,32687.9600
1628752795833000,0,0.00330005,32687.9600
1628752945969000,0,0.00635000,32672.0500
1628752950708000,0,0.01555565,32672.0500
1628753017913000,0,0.06498554,32647.2900
1628753157208000,0,0.06000000,32634.6500
1628753184148000,0,0.00307000,32629.0400
1628753237236000,1,0.03268771,32600.5800
1628753301055000,0,0.06000000,32636.9800
1628753323618000,0,0.00094831,32627.5300
1628753323618000,0,0.06636120,32627.5900
1628753323618000,0,0.06634065,32634.0800
1628753323618000,0,0.01881291,32637.5200
1628753360736000,0,0.06000000,32627.5900
1628753470911000,0,0.00093919,32547.0700
1628753473171000,1,0.00095024,32543.5800
1628753473171000,1,0.02500000,32519.8000
1628753477581000,1,0.19982319,32513.7600
1628753477581000,1,0.06017681,32513.7600
1628753484713000,1,0.13270436,32503.3300
1628753529496000,0,0.01265000,32585.9900
1628753600023000,0,0.06656195,32528.4200
1628753600049000,0,0.06655041,32534.5400
1628753701499000,0,0.01526611,32589.1700
1628753704855000,0,0.00152658,32589.1700
1628753762474000,0,0.00203403,32590.6900
1628753766417000,0,0.06639741,32597.9000
1628753766490000,0,0.00000001,32597.9000
1628753766635000,0,0.06106507,32601.4000
1628753831978000,0,0.01508047,32600.4700
1628753874125000,0,0.00093703,32605.7200
1628753874201000,0,0.00001912,32605.7200
1628753884996000,0,0.06000000,32607.4600
1628753886461000,0,0.00092790,32605.7100
1628753891335000,0,0.06000000,32614.7100
1628753891656000,0,0.06000000,32618.6300
1628753892237000,0,0.00092229,32619.1700
1628753892258000,0,0.04285810,32623.9400
1628753892268000,0,0.02352419,32623.9400
1628753893358000,0,0.06631868,32625.3100
1628753893360000,0,0.00000001,32625.3100
1628753896111000,0,0.04000000,32613.5800
1628753896126000,0,0.02633490,32613.5800
1628753899813000,0,0.06000000,32609.3800
1628753899826000,0,0.00634188,32609.3800
1628753900668000,0,0.06500820,32613.5800
1628753901386000,0,0.00132670,32613.5800
1628753903153000,0,0.06000000,32613.5800
1628753903171000,0,0.00633490,32613.5800
1628753906960000,0,0.02000000,32614.1300
1628753907135000,0,0.04632851,32614.1300
1628753908871000,0,0.03195398,32614.1300
1628753908977000,0,0.03437453,32614.1300
1628753909335000,0,0.06000000,32617.5500
1628753909677000,0,0.06631952,32621.3800
1628753910016000,0,0.00972448,32621.3800
1628753910688000,0,0.05659504,32621.3800
1628753912790000,0,0.06000000,32617.6700
1628753912799000,0,0.00632146,32617.6700
1628753914857000,0,0.06000000,32617.6700
1628753915243000,0,0.00632146,32617.6700
1628753915243000,0,0.05367854,32621.3800
1628753916147000,0,0.01000000,32617.6700
1628753916980000,0,0.01000000,32621.3800
1628753919833000,0,0.00258816,32621.3800
1628753919946000,0,0.00005282,32621.3800
1628753920151000,0,0.04000000,32625.3100
1628753920707000,0,0.02000000,32621.3800
1628753921333000,0,0.03898222,32621.3800
1628753921466000,0,0.02631869,32625.3100
1628753922775000,0,0.06000000,32628.2800
1628753923453000,0,0.00629271,32628.2800
1628753924677000,0,0.06629271,32628.2800
1628753924677000,0,0.06370729,32629.0200
1628753924740000,0,0.00258480,32629.0200
1628753925833000,0,0.06629271,32628.2800
1628753925833000,0,0.06370729,32629.0200
1628753926803000,0,0.00258480,32629.0200
1628753927351000,0,0.06629271,32628.2800
1628753927351000,0,0.06364039,32629.0200
1628753928414000,0,0.00265170,32629.0200
1628753928813000,0,0.06629271,32628.2800
1628753928813000,0,0.06370729,32629.0200
1628753930626000,0,0.06000000,32628.2800
1628753930638000,0,0.00629271,32628.2800
1628753931793000,0,0.06000000,32628.2800
1628753932009000,0,0.00274008,32628.2800
1628753932890000,0,0.00348158,32628.2800
1628753933391000,0,0.00007105,32628.2800
1628753935774000,0,0.06628550,32629.0100
1628753935774000,0,0.06371450,32632.3300
1628753935833000,0,0.00256429,32632.3300
1628753937078000,0,0.05000000,32625.6500
1628753937346000,0,0.01000000,32625.6500
1628753938031000,0,0.00616261,32625.6500
1628753938742000,0,0.06000000,32622.0900
1628753939347000,0,0.00012577,32625.6500
1628753939347000,0,0.03987423,32629.0100
1628753940003000,0,0.06628838,32625.6500
1628753940003000,0,0.02371162,32629.0100
1628753940702000,0,0.06508304,32625.6500
1628753947879000,0,0.06000000,32609.9300
1628753950753000,0,0.00620703,32609.9300
1628753951150000,0,0.00012667,32609.9300
1628753951439000,0,0.06000000,32609.9300
1628753951445000,0,0.00633370,32609.9300
1628753952824000,0,0.01000000,32609.9300
1628753952919000,0,0.05633370,32609.9300
1628753955799000,0,0.01000000,32600.2400
1628753955845000,0,0.01000000,32600.2400
1628753955928000,0,0.01000000,32600.2400
1628753956097000,0,0.03634528,32600.2400
1628753957778000,0,0.06000000,32600.2400
1628753958131000,0,0.00634528,32600.2400
1628753961590000,0,0.06000000,32595.5100
1628753961597000,0,0.00635576,32595.5100
1628753966086000,0,0.06000000,32600.2400
1628753966131000,0,0.00634528,32600.2400
1628753966745000,0,0.06500820,32605.3400
1628753967443000,0,0.00130017,32605.3400
1628753967595000,0,0.00002653,32605.3400
1628753969818000,0,0.02000000,32597.2000
1628753970180000,0,0.02000000,32597.2000
1628753972043000,0,0.02000000,32597.2000
1628753972088000,0,0.00433944,32597.2000
1628753972765000,0,0.00200765,32597.2000
1628753972861000,0,0.00147000,32601.3300
1628753974086000,0,0.06357139,32601.3300
1628753978423000,0,0.00127143,32601.3300
1628753985228000,0,0.03000000,32591.0900
1628753985464000,0,0.03636533,32591.0900
1628753985574000,0,0.06636533,32591.1000
1628753986950000,0,0.05000000,32586.5900
1628753987260000,0,0.01636673,32586.5900
1628753987260000,0,0.05363327,32591.0900
1628753988570000,0,0.01273206,32591.0900
1628753989390000,0,0.00874642,32591.1000
1628753990744000,1,0.27028808,32581.5300
1628753992420000,0,0.06640082,32576.3500
1628753994030000,0,0.06000000,32581.0300
1628753994040000,0,0.00638675,32581.0300
1628753994644000,0,0.05000000,32586.5900
1628753996202000,0,0.06638459,32582.0400
1628753996202000,0,0.06361541,32586.2300
1628753997807000,0,0.06000000,32582.0400
1628754008380000,0,0.00625690,32582.0400
1628754008604000,0,0.00012769,32582.0400
1628754010200000,0,0.01000000,32578.1100
1628754010202000,0,0.05638989,32578.1100
1628754011764000,0,0.06000000,32578.1100
1628754011876000,0,0.00638989,32578.1100
1628754013406000,0,0.03000000,32582.0400
1628754013428000,0,0.03638459,32582.0400
1628754013907000,0,0.05000000,32578.3800
1628754013939000,0,0.00276752,32578.3800
1628754014210000,0,0.01000000,32578.3800
1628754014960000,0,0.00362263,32578.3800
1628754015551000,0,0.06000000,32578.3800
1628754018581000,0,0.06000000,32568.5200
1628754019586000,0,0.00641125,32568.5200
1628754019586000,0,0.06358875,32571.8300
1628754020880000,0,0.06000000,32568.5200
1628754021549000,0,0.06000000,32575.0900
1628754021777000,0,0.00640442,32575.0900
1628754023502000,0,0.06000000,32575.0900
1628754023519000,0,0.00640442,32575.0900
1628754027430000,0,0.06000000,32575.0900
1628754027431000,0,0.00640442,32575.0900
1628754027431000,0,0.00639015,32578.3800
1628754030953000,0,0.06000000,32578.3800
1628754030981000,0,0.00639015,32578.3800
1628754034650000,0,0.06000000,32575.2000
1628754034688000,0,0.00640014,32575.2000
1628754045957000,0,0.06000000,32582.0400
1628754045982000,0,0.00638459,32582.0400
1628754063205000,0,0.06108303,32579.2600
1628754063556000,0,0.00530641,32579.2600
1628754063594000,0,0.06638944,32582.5200
1628754063675000,0,0.06637655,32585.8000
1628754063768000,0,0.06636872,32589.4800
1628754064952000,0,0.00002595,32601.3300
1628754112533000,0,0.02150720,32649.6400
1628754112541000,0,0.00499394,32649.6400
1628754112542000,0,0.03211756,32649.6400
1628754112609000,0,0.00768202,32649.6400
1628754124016000,0,0.06625385,32650.0300
1628754124041000,0,0.00000001,32650.0300
1628754147984000,0,0.06000000,32641.7300
1628754175713000,0,0.06492699,32648.8300
1628754188778000,0,0.06000000,32623.6500
1628754210105000,0,0.05000000,32638.1000
1628754210125000,0,0.01628239,32638.1000
1628754230955000,0,0.06625439,32649.8700
1628754386779000,0,0.06628418,32660.8600
1628754398924000,0,0.00980000,32658.9300
1628754417637000,0,0.06491104,32659.6800
1628754458473000,0,0.06000000,32650.3500
1628754503814000,0,0.00435046,32655.2900
1628754534030000,1,0.02311641,32633.2500
1628754544244000,1,0.01011292,32632.0200
1628754594447000,0,0.03047079,32654.8800
1628754609129000,0,0.02498000,32647.1900
1628754622635000,0,0.03048623,32638.3400
1628754727945000,0,0.06000000,32630.2500
1628754826077000,0,0.06000000,32659.7300
1628754885687000,1,0.00070877,32647.8400
1628754935459000,1,0.04817072,32653.0300
1628754935466000,1,0.07041277,32653.0300
1628754935468000,1,0.05832427,32653.0300
1628754969584000,0,0.00147000,32657.7400
1628755016631000,0,0.00114744,32654.3800
1628755120641000,0,0.00162000,32637.5100
1628755178433000,0,0.01000000,32627.2600
1628755182695000,0,0.05000000,32627.2600
1628755182719000,0,0.00626344,32627.2600
1628755189233000,0,0.05000000,32626.9300
1628755189246000,0,0.00749112,32626.9300
1628755210388000,0,0.06000000,32630.2500
1628755210409000,0,0.00627025,32630.2500
1628755210558000,0,0.06626331,32633.6400
1628755229474000,0,0.00382000,32658.6500
1628755239983000,0,0.06000000,32651.8600
1628755239984000,0,0.06000000,32651.8600
1628755243367000,1,0.07359907,32633.6900
1628755243442000,1,0.00324256,32633.6900
1628755243776000,1,0.01443082,32633.6900
1628755330215000,0,0.06637476,32583.1400
1628755330225000,0,0.00000001,32583.1400
1628755378350000,0,0.00088000,32673.0200
1628755405385000,0,0.06623895,32647.9800
1628755416986000,0,0.00096247,32618.3700
1628755416986000,0,0.00142885,32618.4100
1628755515017000,0,0.06635277,32592.4700
1628755668071000,1,0.00245517,32557.8000
1628755688335000,0,0.06643786,32565.5900
1628755688335000,0,0.10935709,32575.9800
1628755688335000,0,0.12416480,32575.9900
1628755692366000,1,0.02860129,32528.8600
1628755795473000,1,0.11088239,32535.5900
1628755888991000,1,0.00111195,32584.1500
1628756035928000,0,0.02793000,32635.4500
1628756103559000,0,0.00147000,32698.9700
1628756131085000,0,0.06612368,32720.3800
1628756131085000,0,0.06611749,32724.8600
1628756131184000,0,0.00091343,32720.3800
1628756149476000,0,0.00261331,32741.5500
1628756153177000,0,0.06352307,32741.5500
1628756153177000,0,0.06612040,32746.6900
1628756153177000,0,0.02268852,32751.0100
1628756154470000,1,0.06610247,32705.0500
1628756154470000,1,0.03454146,32702.7300
1628756155057000,1,0.10000000,32699.4100
1628756155061000,1,0.01000000,32699.4100
1628756155062000,1,0.09000000,32699.4100
1628756356433000,0,0.00151000,32614.5600
1628756462089000,0,0.00277000,32655.6800
1628756530252000,0,0.00103000,32681.3300
