timestamp ms,type,amount,price
1626220871666000,1,0.00150512,23739.9300
1626221049052000,0,0.00143000,23715.1200
1626221092939000,0,0.00404000,23735.2900
1626221104536000,1,0.00229999,23763.9100
1626221220368000,0,0.31360000,23735.1800
1626221270715000,1,0.01161001,23725.1000
1626221320131000,0,0.00202000,23724.7300
1626221898619000,0,0.00811000,23652.2500
1626222673483000,0,0.00260071,23668.6200
1626222969310000,0,0.31360000,23580.6300
1626223297902000,0,0.31360000,23537.4100
1626223792888000,0,0.00204000,23539.8300
1626224063847000,0,0.31360000,23536.3300
1626224137226000,0,0.00090000,23444.6900
1626224137226000,0,0.00086400,23447.4200
1626224141349000,1,0.07024868,23444.2500
1626224141349000,1,0.32000000,23444.2400
1626224141349000,1,0.01433399,23443.0700
1626224158360000,1,0.00600000,23449.2100
1626224170067000,0,0.02000000,23445.8800
1626224632824000,0,0.00230000,23494.3300
1626224709533000,0,0.00090000,23505.0500
1626224709533000,0,0.00114000,23505.7700
1626225095571000,0,0.00090000,23427.4100
1626225095571000,0,0.00106050,23431.3100
1626225278276000,1,0.00230000,23352.9000
1626225288310000,0,0.01064282,23372.5500
1626225903657000,0,0.00834000,23437.0700
1626226400326000,0,0.00223000,23372.1500
1626226726697000,1,0.00090000,23456.9800
1626226726697000,1,0.00090000,23451.0200
1626226726697000,1,0.04445933,23448.6700
1626227283777000,0,0.32000000,23500.3900
1626228869404000,0,0.00600000,23481.9200
1626229462218000,0,0.09237336,23514.8700
1626229466526000,0,0.31360000,23519.2700
1626229471566000,0,0.32000000,23510.8000
1626229471566000,0,0.08413413,23511.9700
1626229479750000,0,0.32000000,23507.3700
1626229479750000,0,0.08415761,23508.5400
1626229563047000,0,0.09228530,23536.4900
1626229563047000,0,0.08858809,23539.6100
1626229565850000,0,0.09042588,23541.8500
1626229709411000,1,0.00291068,23517.4100
1626230123208000,0,0.00163000,23489.0000
1626230845400000,0,0.00852000,23536.6400
1626231150734000,0,0.25807451,23524.8200
1626231281002000,0,0.00543779,23540.7900
1626231428752000,0,0.00204000,23552.2100
1626232206582000,0,0.32000000,23497.4900
1626232449829000,0,0.00391000,23506.8800
1626233034416000,1,0.00139264,23350.1100
1626233034462000,1,0.00773085,23350.1100
1626233034487000,1,0.00824633,23350.1100
1626233034505000,1,0.00309251,23350.1100
1626233034634000,1,0.02000000,23350.1100
1626233034646000,1,0.01000000,23350.1100
1626233034676000,1,0.02000000,23350.1100
1626233036129000,1,0.00926187,23350.1100
1626233041744000,0,0.00090000,23333.2900
1626233041744000,0,0.00056856,23338.5400
1626233045339000,1,0.32000000,23298.4800
1626233047535000,1,0.00256310,23288.1100
1626233047537000,1,0.00000001,23288.1100
1626233050660000,0,0.00294325,23279.9400
1626233058232000,1,0.60000000,23223.8800
1626233059351000,0,0.00090000,23260.1200
1626233059351000,0,0.00057295,23260.1400
1626233059946000,1,0.02092811,23200.0000
1626233060300000,1,0.15000000,23192.0000
1626233063642000,1,0.00090000,23110.0300
1626233063642000,1,0.00090000,23110.0200
1626233063642000,1,0.00451977,23098.4900
1626233063642000,1,0.31368023,23098.4800
1626233063861000,1,0.00090000,23110.0200
1626233063861000,1,0.00089999,23104.2400
1626233063876000,1,0.00000001,23104.2400
1626233065806000,1,0.00090000,23110.0200
1626233065900000,0,0.00230000,23109.5000
1626233065904000,0,0.00090000,23109.5000
1626233068122000,1,0.00631977,23098.4800
1626233069761000,1,0.32000000,23083.2100
1626233069789000,1,0.00086700,23082.0600
1626233073143000,0,0.01039721,23079.2600
1626233075734000,1,0.32000000,23028.9700
1626233077664000,1,0.00267323,23000.0200
1626233077664000,1,0.20732677,23000.0000
1626233102756000,0,0.00088200,23067.2100
1626233106942000,0,0.00090000,23031.0300
1626233106942000,0,0.00058609,23042.5000
1626233110178000,1,0.00230000,23020.3500
1626233116441000,0,0.00230000,23019.5800
1626233124115000,0,0.00090000,23031.4400
1626233124115000,0,0.00058750,23031.4500
1626233124554000,1,0.00890669,23000.0000
1626233124563000,1,0.00007611,23000.0000
1626233141412000,0,0.00149002,23005.1600
1626233145512000,0,0.63000000,22976.6000
1626233145561000,0,0.00200000,22976.6000
1626233173408000,0,0.00149203,22974.1900
1626233177822000,0,0.00149225,22962.1100
1626233177970000,1,0.00260397,22922.6900
1626233181604000,0,0.00230000,22996.7800
1626233188063000,0,0.12428371,22980.5900
1626233567363000,0,0.00149385,22939.7400
1626233577306000,0,0.00137200,22916.5000
1626233577335000,0,0.00002800,22916.5000
1626233652607000,1,0.00090000,23022.7500
1626233652607000,1,0.00094963,23018.5900
1626233824805000,0,0.09431302,23025.6200
1626234611683000,0,0.01295805,23035.8600
1626235944649000,1,0.01828987,23056.4800
1626236804215000,0,0.00426000,23171.9600
1626238296232000,0,0.18786356,23129.8400
1626238376504000,0,0.31094575,23138.4000
1626238396734000,1,0.00180000,23125.0700
1626238554182000,0,0.00207000,23117.0900
1626239896626000,1,0.05941256,23133.5500
1626239914258000,0,0.21334000,23145.5600
1626240180382000,1,0.01024740,23100.0000
1626240180497000,1,0.01238065,23100.0000
1626240180865000,1,0.10262382,23100.0000
1626240180933000,1,0.00600000,23100.0000
1626240180939000,1,0.05610841,23100.0000
1626240180950000,1,0.00191804,23100.0000
1626240181137000,1,0.63786151,23100.0000
1626240237974000,0,0.00088815,23092.5300
1626240651574000,0,0.09397151,23111.4800
1626240651574000,0,0.32000000,23115.1300
1626240651574000,0,0.09395208,23116.2800
1626240651574000,0,0.03200000,23121.0900
1626240651574000,0,0.09399428,23121.1000
1626240651574000,0,0.00090000,23124.6900
1626240651574000,0,0.09398272,23126.6100
1626240651574000,0,0.03686887,23128.5000
1626240651574000,0,0.40100000,23128.5100
1626240651574000,0,0.09300000,23129.4300
1626240651574000,0,0.00090000,23129.4400
1626240651574000,0,0.09396262,23131.6900
1626240651574000,0,0.09217218,23136.0100
1626240651574000,0,0.00090000,23136.0200
1626240651574000,0,0.23963708,23141.1400
1626240651574000,0,0.00090000,23141.1500
1626240651574000,0,0.30700000,23201.3800
1626240651574000,0,0.10311621,23206.9300
1626240651574000,0,3.21300000,23206.9400
1626240651574000,0,0.38084000,23233.9900
1626240651574000,0,0.65400000,23234.0000
1626240651574000,0,2.04900000,23268.9700
1626240651574000,0,1.25100000,23268.9800
1626240651574000,0,0.08334000,23332.3400
1626240651574000,0,3.19900000,23332.3500
1626240651574000,0,1.14400000,23332.3600
1626240651574000,0,1.97000000,23373.3400
1626240651574000,0,5.11900000,23484.4400
1626240651574000,0,0.25136429,23513.5800
1626240653255000,1,0.16000000,23102.9800
1626240653566000,0,0.00600000,23111.4800
1626240654895000,1,0.05000000,23104.1400
1626240655168000,1,0.02000000,23104.1300
1626240655460000,1,0.02000000,23104.1300
1626240659683000,0,0.08797151,23111.4800
1626240659683000,0,0.09395208,23116.2800
1626240706301000,1,0.03200000,23099.5100
1626240706301000,1,0.09046517,23099.5100
1626240707933000,0,0.09396858,23107.3200
1626240708032000,1,0.09396858,23107.3200
1626240708302000,1,0.00122841,23107.3300
1626240708592000,1,0.09726841,23107.3300
1626240709326000,1,0.09396858,23107.3300
1626240709545000,1,0.00220841,23107.3300
1626240709872000,1,0.00539289,23107.3300
1626240709911000,1,0.10693330,23107.3300
1626240715400000,0,0.09396858,23109.8100
1626240716043000,1,0.06002841,23109.8100
1626240716095000,1,0.09852232,23109.8100
1626240716323000,1,0.00779441,23109.8100
1626240716361000,1,0.04668628,23109.8100
1626240718917000,0,0.09396515,23108.7100
1626240719831000,1,0.07962841,23108.7100
1626240720340000,1,0.06100841,23108.7100
1626240720700000,1,0.07239803,23108.7100
1626240723326000,0,0.00677121,23108.7100
1626240723368000,0,0.01479591,23108.7100
1626240723368000,0,0.29220409,23112.4600
1626240727277000,0,0.09395707,23112.4700
1626240727395000,1,0.09395707,23112.4700
1626240727895000,1,0.00419781,23112.4700
1626240728369000,1,0.00122841,23112.4700
1626240728659000,1,0.10658233,23112.4700
1626240728775000,1,0.00707731,23112.4700
1626240731407000,0,0.08687976,23112.4700
1626240731942000,1,0.09396977,23112.4700
1626240732264000,1,0.02377037,23112.4700
1626240732423000,1,0.10238010,23112.4700
1626240737919000,0,0.09396924,23108.4000
1626240738051000,1,0.09396924,23108.4000
1626240738486000,1,0.07374841,23108.4000
1626240739192000,1,0.04531311,23108.4000
1626240759898000,1,0.00850278,23104.9200
1626240780056000,0,0.09394245,23112.4900
1626240780164000,1,0.09394245,23112.4900
1626240780208000,1,0.11911510,23112.4900
1626240783415000,1,0.30700000,23102.9600
1626240783415000,1,0.02300000,23102.9600
1626240783468000,1,0.00900000,23102.9600
1626240792932000,1,0.01000000,23092.2800
1626240792990000,1,0.08300000,23092.2800
1626240792990000,1,0.03200000,23092.2800
1626240808897000,1,0.01000000,23086.5900
1626240808948000,1,0.02200000,23086.5900
1626240868903000,1,0.03000000,23077.1700
1626240869017000,1,0.00200000,23077.1700
1626240877805000,1,0.02000000,23065.0500
1626240969662000,1,0.02000000,23070.2400
1626240969723000,1,0.01000000,23070.2400
1626240969744000,1,0.00200000,23070.2400
1626241005374000,1,0.03136000,23071.8300
1626241005384000,1,0.00064000,23071.8300
1626241038031000,1,0.03000000,23062.2700
1626241038047000,1,0.00200000,23062.2700
1626241131427000,1,0.03136000,23052.0200
1626241131456000,1,0.00064000,23052.0200
1626241138801000,1,0.09300000,23034.2900
1626241138801000,1,0.02950000,23034.2900
1626241158682000,1,0.00561888,23023.7400
1626241158864000,1,0.02388194,23023.7400
1626241158964000,1,0.00249917,23023.7400
1626241159197000,1,0.00000001,23023.7400
1626241329972000,0,0.00841000,23048.8500
1626241390736000,1,0.03200000,23029.8100
1626241391217000,1,0.07000000,23007.4000
1626241392064000,1,0.03200000,23007.4100
1626241392064000,1,0.02800000,23007.4000
1626241392099000,1,0.54900000,23007.4000
1626241392399000,1,0.00600000,23005.0000
1626241392842000,1,0.01573440,23005.0000
1626241395591000,1,0.07000000,22992.3600
1626241395592000,1,0.02300000,22992.3600
1626241395592000,1,0.03200000,22992.3600
1626241399461000,1,0.03000000,22980.3200
1626241399462000,1,0.00200000,22980.3200
1626241402101000,1,0.03000000,22968.4300
1626241402134000,1,0.00200000,22968.4300
1626241405492000,1,0.03000000,22969.9100
1626241405578000,1,0.00200000,22969.9100
1626241427591000,1,0.03000000,22948.3000
1626241427674000,1,0.00200000,22948.3000
1626241438107000,1,0.03000000,22939.9500
1626241438157000,1,0.00200000,22939.9500
1626241442777000,1,0.02000000,22922.9300
1626241442830000,1,0.01200000,22922.9300
1626241442830000,1,0.02800000,22922.9200
1626241442836000,1,0.06500000,22922.9200
1626241600043000,1,0.01028746,22994.6600
1626241629880000,0,0.00214000,23045.5800
1626241706754000,1,0.14692812,23056.2100
1626241810620000,0,0.01248000,23065.6900
1626241888073000,1,0.03000000,23050.7700
1626241983595000,1,0.03000000,23045.0200
1626241983596000,1,0.00200000,23045.0200
1626241994852000,1,0.01000000,23034.3400
1626242041206000,0,0.02070934,23029.4400
1626242079645000,1,0.03000000,23016.7300
1626242079709000,1,0.00200000,23016.7300
1626242089679000,1,0.03000000,22999.6900
1626242089730000,1,0.00200000,22999.6900
1626242250647000,0,0.00215000,23008.7600
1626242269541000,0,0.01250000,23014.2100
1626242416333000,0,0.00600000,23029.0700
1626242542701000,0,0.00328655,23069.1500
1626242585497000,0,0.02183000,23051.2200
1626242758713000,1,0.06000000,23030.1700
1626242769287000,0,0.09412322,23040.9200
1626242769287000,0,0.00587678,23045.2600
1626242902399000,1,0.03000000,23004.8100
1626242988285000,0,0.00306000,23022.4500
1626243373653000,0,0.00130757,23052.0300
1626243393894000,1,0.00090000,23036.3500
1626243393894000,1,0.00090000,23031.4800
1626243393894000,1,0.00362540,23025.3700
1626243624232000,0,0.00822067,23027.5600
1626243733020000,0,0.01000000,23033.6500
1626243745959000,1,0.00874973,23008.8500
1626243854926000,1,0.01140000,22978.7600
1626243855683000,0,0.00173000,23003.2400
1626243952697000,0,0.00834000,23002.1200
1626243969030000,0,0.01566000,23008.6700
1626244116799000,1,0.00775800,23015.0300
1626244116807000,1,0.00940694,23015.0300
1626244118202000,1,0.22035688,23008.0000
1626244135544000,0,0.08641954,23027.6600
1626244169949000,0,0.04320322,23031.1500
1626244192239000,0,0.04330158,23038.4200
1626244384243000,1,0.00894118,23008.0000
1626244384322000,1,0.01231149,23008.0000
1626244384426000,1,0.01269338,23008.0000
1626244384459000,1,0.01214472,23008.0000
1626244384508000,1,0.01266139,23008.0000
1626244384639000,1,0.09426855,23008.0000
1626244384825000,1,0.09158441,23008.0000
1626244384936000,1,0.49296833,23008.0000
1626244542506000,1,0.09422226,23008.0000
1626244879592000,0,0.04324150,23070.6600
1626244946863000,0,0.00845787,23077.3900
1626245006410000,0,0.02052000,23056.9200
1626245067785000,0,0.00105851,23062.0900
1626245174536000,0,0.02417006,23040.3500
1626245203128000,0,0.00601000,23047.2100
1626245219738000,0,0.00624000,23048.3000
1626245232561000,0,0.32000000,23040.5100
1626245232561000,0,0.09409571,23041.6600
1626245232561000,0,0.01887463,23044.9700
1626245393254000,0,0.10000000,23057.0000
1626245403109000,0,0.00428000,23075.9300
1626245856325000,1,0.02973883,23001.4000
1626245978477000,0,0.06922339,22998.4400
1626246019172000,0,0.00752000,23013.9500
1626246062183000,0,0.00586000,23037.5200
1626246085339000,0,0.00427000,23027.2000
1626246186898000,0,0.09411277,23038.6900
1626246186898000,0,0.09417531,23041.6600
1626246186898000,0,0.09416110,23045.1400
1626246186898000,0,0.09412144,23051.6900
1626246186898000,0,0.09108371,23056.2000
1626246186898000,0,0.05855452,23056.3100
1626246572646000,0,0.32000000,23048.6900
1626246572646000,0,0.09408799,23049.1700
1626246572646000,0,0.11065431,23051.4200
1626246604936000,0,0.00208000,23048.9700
1626247028754000,0,0.32000000,23073.1400
1626247028754000,0,0.09402938,23074.2900
1626247028754000,0,0.09402697,23077.6000
1626247028754000,0,0.09400022,23082.3100
1626247028754000,0,0.09399600,23085.5300
1626247028754000,0,0.09399871,23088.8600
1626247028754000,0,0.03690912,23093.5400
1626247028754000,0,0.09227200,23098.6700
1626247028754000,0,0.08086400,23098.6800
1626247049850000,0,0.09411189,23055.9100
1626247049850000,0,0.22131314,23063.9700
1626247049850000,0,0.09408682,23063.9800
1626247049850000,0,0.11612687,23067.0000
1626247049880000,0,0.01219000,23067.0000
1626247173455000,0,0.09407787,23053.7000
1626247173455000,0,0.03060447,23057.4100
1626247197570000,1,0.05000000,23033.9400
1626247198377000,1,0.25000000,23033.9400
1626247271620000,1,0.01000000,23048.6300
1626247271659000,1,0.00332009,23048.6300
1626247292854000,0,0.09408383,23045.5800
1626247292854000,0,0.09407589,23048.7100
1626247292854000,0,0.09406022,23051.9200
1626247292854000,0,0.24258617,23056.3300
1626247392360000,0,0.00416000,23045.0400
1626247700893000,1,0.03000000,23051.2400
1626247713572000,1,0.02000000,23053.1900
1626247713607000,1,0.02000000,23053.1900
1626247716300000,1,0.01500000,23048.2100
1626247748275000,1,0.03000000,23042.3600
1626247748308000,1,0.00200000,23042.3600
1626247779754000,0,0.00999000,23047.5800
1626247794926000,1,0.01000000,23028.2300
1626247794968000,1,0.01388845,23028.2300
1626247795545000,1,0.00794932,23028.2300
1626247795868000,1,0.00016223,23028.2300
1626247798234000,1,0.02000000,23029.0500
1626247798259000,1,0.08300669,23029.0500
1626247798634000,1,0.10000000,23031.3700
1626247803858000,1,0.05000000,23027.9000
1626247803884000,1,0.00529852,23027.9000
1626247805613000,1,0.11000000,23026.7300
1626247806177000,1,0.02000000,23025.5700
1626247808931000,1,0.02142811,23024.4100
1626247809824000,1,0.04898437,23024.4100
1626247809824000,1,0.10101563,23024.4000
1626247810686000,1,0.03000000,23023.2500
1626247921412000,1,0.01000000,23019.7900
1626247921810000,1,0.02000000,23019.7900
1626247922465000,1,0.00196000,23019.7900
1626247934461000,0,0.00429000,23035.7900
1626247937435000,1,0.03000000,23020.9600
1626247937545000,1,0.00200000,23020.9600
1626247937622000,1,0.09579190,23020.9500
1626247937663000,1,0.09000000,23020.9500
1626247966329000,0,0.00541000,23041.7600
1626248051936000,1,0.00088200,23048.3800
1626248051964000,1,0.00001800,23048.3800
1626248112622000,0,0.01610913,23051.6600
1626248223130000,1,0.00145567,23088.3800
1626248223673000,0,0.23041248,23105.0800
1626248223673000,0,0.02864871,23105.0900
1626248239882000,0,0.00233000,23109.7300
1626248243383000,0,0.00204938,23105.0400
1626248333999000,0,0.00549949,23107.8300
1626248373564000,1,0.31360000,23081.1000
1626248374513000,1,0.03136000,23079.9900
1626248376345000,1,0.00064000,23079.9900
1626248394470000,1,0.00090000,23082.5500
1626248394470000,1,0.00560000,23082.3000
1626248404706000,0,0.00845400,23096.3200
1626248413882000,1,0.10101500,23062.6900
1626248413904000,1,0.21898500,23062.6900
1626248438832000,1,0.03595471,23061.9200
1626248464178000,1,0.08844841,23075.2500
1626248504761000,0,0.00812000,23083.1600
1626248786102000,0,0.00261000,23111.8700
1626248826012000,0,0.00409984,23100.6100
1626248868139000,0,0.00208000,23107.9400
1626248890084000,0,0.08121000,23118.3200
1626248890286000,0,0.02698000,23117.1700
1626249018552000,0,0.02283000,23102.7000
1626249086544000,0,0.00427000,23128.7400
1626249130483000,0,0.07751594,23105.4400
1626249177317000,0,0.00253830,23101.7200
1626249488884000,0,0.00813000,23081.1500
1626249764531000,1,0.03136000,23020.5600
1626249764634000,1,0.00064000,23020.5600
1626249814796000,1,0.01000000,23029.3900
1626249839435000,1,0.02000000,23055.6400
1626249927364000,1,0.03000000,23076.9400
1626249927371000,1,0.04000000,23076.9400
1626249927403000,1,0.02000000,23076.9400
1626249927565000,1,0.04000000,23076.9400
1626249927640000,1,0.04000000,23076.9400
1626249927667000,1,0.00710841,23076.9400
1626249968852000,0,0.06707000,23095.7200
1626250011026000,1,0.02000000,23084.9800
1626250011035000,1,0.01000000,23085.7500
1626250127368000,1,0.09197767,23092.7900
1626250127646000,1,0.00187710,23092.7900
1626250152797000,1,0.05220764,23089.9800
1626250153231000,1,0.02983228,23089.9800
1626250154094000,1,0.01157608,23089.9800
1626250154318000,1,0.00023625,23089.9800
1626250163822000,1,0.03200000,23080.8200
1626250208880000,0,0.00811000,23089.1400
1626250273699000,0,0.02077000,23087.4500
1626250317640000,0,0.02410000,23077.9000
1626250336255000,1,0.07883228,23069.8300
1626250345415000,1,0.00096344,23068.4200
1626250361799000,1,0.09353228,23070.6200
1626250367012000,1,0.00475506,23068.3000
1626250370128000,1,0.11607228,23070.6200
1626250478899000,1,0.04042841,23084.5400
1626250479212000,1,0.03179228,23084.5400
1626250570151000,0,0.00191000,23089.8700
1626250573627000,1,0.15887868,23073.2800
1626250573682000,1,0.15887868,23073.2800
1626250580929000,1,0.18663228,23063.7300
1626250630027000,0,0.00164084,23062.2500
1626251031415000,0,0.00093122,23064.7000
1626251049485000,0,0.00125000,23074.1600
1626251098346000,1,0.06195897,23067.9800
1626251112823000,1,0.11568593,23065.3800
1626251112847000,1,0.20431407,23065.3800
1626251203709000,0,0.00214000,23078.4300
1626251376528000,0,0.01660000,23117.2400
1626251381820000,0,0.00647777,23105.1500
1626251584878000,1,0.32000000,23043.3100
1626251585378000,1,0.31360000,23043.3100
1626251651489000,0,0.00332000,23094.1700
1626251719241000,1,0.03000000,23068.2300
1626251941414000,0,0.00210000,23092.8500
1626252137175000,0,0.00168000,23067.6100
1626252282859000,1,0.03300000,23004.0700
1626252511717000,0,0.00086393,23034.1200
1626252531664000,0,0.00108054,23025.4700
1626252542004000,0,0.00833000,23020.0000
1626252577769000,0,0.00149000,22997.7200
1626252613560000,1,0.00156499,22969.9900
1626252726190000,0,0.09429305,22991.3500
1626252726190000,0,0.03502695,22994.9700
1626252728566000,0,0.00229000,22993.8400
1626252754212000,1,0.00106870,22970.2900
1626252823928000,0,0.08343000,22988.8900
1626252827071000,1,0.00875267,22970.2900
1626252857176000,1,0.00017863,22970.2900
1626252905719000,0,0.00090000,22911.9800
1626252905719000,0,0.00059533,22911.9900
1626253055091000,0,0.01529883,22942.9700
1626253185873000,1,0.01523555,22925.1600
1626253205126000,1,0.00417208,22930.0600
1626253205134000,1,0.09446589,22930.0500
1626253206557000,0,0.00286645,22934.2800
1626253209640000,1,0.04113329,22888.2400
1626253209640000,1,0.17886671,22888.2300
1626253211676000,0,0.00209000,22913.3600
1626253219129000,1,0.03200000,22848.1200
1626253219129000,1,0.67300000,22847.4200
1626253221143000,1,0.00253671,22826.3800
1626253226310000,0,0.00299821,22865.8000
1626253282275000,0,0.00150000,22875.8500
1626253324095000,0,0.00434658,22891.5300
1626253324232000,0,0.01210000,22891.5300
1626253386712000,0,0.00488000,23061.7100
1626253394245000,0,0.22344248,23145.5700
1626253394245000,0,0.31655752,23145.5800
1626253394301000,0,0.00344248,23145.5800
1626253394757000,0,0.01580278,23148.6400
1626253394862000,0,0.00280587,23148.6400
1626253394909000,0,0.00227168,23148.6400
1626253395008000,0,0.02000000,23148.6400
1626253395017000,0,0.00757199,23148.6400
1626253395017000,0,0.00955263,23148.6400
1626253395036000,0,0.14342609,23148.6400
1626253445651000,1,0.06000000,23121.0200
1626253446565000,1,0.02000000,23122.1800
1626253446700000,1,0.15041248,23122.1900
1626253446700000,1,0.32000000,23122.1700
1626253462538000,0,0.00230000,23211.8600
1626253486150000,0,0.00206954,23252.5600
1626253490140000,0,0.00206000,23263.1500
1626253500072000,1,0.00229999,23224.6700
1626253500072000,1,0.00000001,23224.6700
1626253504223000,1,0.00088200,23212.4800
1626253504336000,1,0.00001800,23212.4800
1626253505166000,1,0.00088200,23203.7900
1626253505182000,1,0.00001800,23203.7900
1626253540715000,1,0.00090000,23259.2900
1626253540715000,1,0.00090000,23249.0300
1626253540715000,1,0.00119821,23247.6700
1626253549798000,1,0.00090000,23261.4000
1626253549798000,1,0.00090000,23259.3000
1626253549798000,1,0.00090000,23255.2800
1626253549798000,1,0.00031105,23250.3900
1626253550166000,0,0.22604294,23308.6400
1626253550166000,0,0.31395706,23308.6500
1626253550470000,1,0.00230000,23308.9000
1626253550631000,1,1.39770000,23308.9000
1626253562287000,1,0.00149519,23264.9800
1626253592683000,1,0.00149386,23297.1500
1626253596445000,1,0.00092300,23299.4900
1626253603830000,0,0.00247079,23328.5600
1626253605065000,1,0.00149226,23314.7000
1626253612553000,1,0.01000000,23317.9600
1626253650713000,1,0.00149204,23345.5000
1626253655068000,0,0.00090000,23379.7300
1626253655068000,0,0.00054000,23384.7200
1626253760913000,0,0.00090000,23304.2500
1626253760913000,0,0.00035000,23308.0900
1626253827509000,1,0.05000000,23315.2600
1626253862798000,0,0.01417000,23292.4200
1626254006072000,0,0.00424000,23280.0800
1626254042837000,0,0.00536000,23276.7100
1626254113052000,0,0.04596298,23281.4000
1626254113058000,0,0.01715462,23281.4000
1626254134455000,0,0.00090000,23302.3800
1626254134455000,0,0.06000000,23307.5800
1626254134455000,0,0.32000000,23307.5900
1626254134455000,0,0.00090000,23308.7500
1626254134455000,0,0.18424761,23312.9800
1626254134455000,0,0.28987768,23312.9900
1626254138948000,0,0.03652227,23307.6200
1626254154294000,0,0.00147000,23313.7300
1626254182878000,0,0.10000000,23386.0000
1626254183607000,0,0.53000000,23389.5600
1626254184593000,0,0.00230000,23399.7600
1626254184739000,0,0.37770000,23399.7600
1626254186286000,1,0.00230000,23402.8000
1626254198395000,1,0.00297754,23403.3000
1626254207513000,1,0.01188332,23442.5200
1626254265118000,0,0.00088200,23443.6800
1626254266468000,1,0.06000000,23437.1900
1626254266558000,1,0.00367380,23437.2000
1626254326230000,0,0.00090000,23430.2000
1626254326230000,0,0.06423374,23434.4500
1626254348053000,0,0.00090000,23430.8000
1626254348053000,0,0.02039800,23433.6900
1626254463808000,0,0.00860000,23408.1300
1626254477318000,0,0.04297594,23396.4700
1626254564923000,0,0.00090000,23387.4900
1626254564923000,0,0.00138000,23389.2700
1626254580304000,0,0.00809504,23392.8600
1626254760095000,0,0.24587586,23370.3700
1626254919959000,0,0.06202042,23382.0700
1626254971731000,0,0.00205000,23352.3800
1626255072851000,0,0.00263594,23347.3600
1626255103295000,1,0.01100000,23330.2500
1626255111788000,0,0.00780000,23359.0200
1626255142553000,0,0.02129741,23360.1100
1626255181930000,0,0.02463000,23366.3000
1626255360764000,1,0.00102545,23364.4700
1626255404427000,0,0.01127843,23371.5500
1626255404518000,0,0.00405061,23371.5500
1626255417875000,1,0.00220841,23344.1700
1626255609152000,0,0.00369000,23363.2200
1626255730691000,0,0.00164000,23355.3300
1626255750845000,0,0.00602000,23351.9200
1626255879864000,0,0.00836000,23386.8000
1626255936126000,1,0.00784000,23337.8200
1626255950047000,0,0.03080000,23352.6300
1626255969363000,0,0.04930000,23347.9900
1626256025914000,1,0.00016000,23337.8200
1626256049133000,1,0.07000000,23339.5000
1626256097296000,1,0.00667147,23322.7800
1626256159207000,0,0.01735000,23332.6600
1626256211526000,0,0.00635000,23345.1300
1626256320766000,0,0.01617876,23333.0300
1626256526827000,0,0.00176000,23421.0800
1626256548228000,0,0.00258000,23419.8800
1626256569156000,0,0.08193000,23407.6600
1626256572777000,1,0.00090000,23383.4900
1626256572777000,1,0.00426000,23378.4600
1626256600099000,1,0.00727903,23350.7400
1626256737758000,0,0.00090000,23366.0400
1626256737758000,0,0.00034000,23371.7600
1626256808701000,0,0.00667000,23394.6300
1626256829464000,1,0.00762735,23328.7000
1626256902125000,0,0.01231000,23365.1100
1626256930330000,0,0.00136000,23353.5600
1626256980151000,0,0.01253421,23363.0300
1626257121529000,0,0.00123000,23353.2500
1626257287793000,0,0.02024000,23371.4400
1626257289748000,0,0.01231000,23371.4400
1626257290406000,0,0.01231000,23371.4400
1626257409128000,0,0.01231000,23377.7600
1626257419863000,1,0.00088200,23381.5900
1626257419934000,1,0.00001800,23381.5900
1626257531308000,0,0.00263340,23383.8200
1626257531610000,1,0.05000000,23360.6600
1626257599834000,1,0.01000000,23357.1900
1626257599870000,1,0.02938442,23357.1900
1626257599879000,1,0.28061558,23357.1900
1626257651380000,0,0.01231000,23382.5200
1626257652760000,0,0.00197000,23387.9700
1626257661808000,1,0.02000000,23373.1400
1626257661852000,1,0.01000000,23373.1400
1626257666729000,0,0.00627000,23380.4300
1626257673581000,0,0.00569000,23374.2200
1626257722208000,1,0.02000000,23376.5100
1626257741756000,1,0.03000000,23379.6500
1626257741785000,1,0.05000000,23379.6400
1626257769603000,0,0.01230000,23402.2800
1626257822325000,1,0.01755690,23388.1100
1626257839422000,0,0.01139000,23418.3300
1626257917681000,1,0.14100642,23451.6100
1626257918357000,1,0.06053253,23451.6100
1626257939003000,1,0.01000000,23435.4000
1626257941009000,1,0.02000000,23436.5900
1626257943636000,0,0.03088779,23453.1400
1626257963605000,0,0.00501000,23447.1300
1626257978617000,1,0.00446500,23436.0900
1626258085880000,0,0.00090000,23428.9600
1626258085880000,0,0.00114000,23430.4400
1626258104879000,0,0.00221000,23432.4400
1626258154291000,1,0.00849481,23398.5100
1626258196868000,0,0.01054000,23411.0100
1626258314857000,0,0.00416829,23444.8200
1626258380579000,1,0.00230000,23511.5900
1626258383989000,0,0.00421035,23521.0000
1626258384020000,0,0.05186617,23521.0000
1626258384037000,0,0.06860582,23521.0000
1626258387761000,0,0.00230000,23593.8400
1626258387766000,0,0.38965769,23593.8400
1626258399285000,1,0.04696625,23548.1300
1626258399285000,1,0.32000000,23548.1200
1626258399285000,1,0.13342190,23546.9500
1626258399285000,1,0.00843692,23527.4500
1626258399285000,1,0.00090000,23527.4400
1626258399285000,1,0.05490428,23520.9500
1626258399285000,1,0.00090000,23520.9400
1626258399285000,1,0.02109195,23506.4000
1626258399285000,1,0.15677000,23506.3700
1626258399285000,1,0.05660870,23500.5100
1626258434842000,1,0.06504800,23519.8000
1626258435997000,1,0.00130096,23519.8000
1626258436300000,1,0.00002655,23519.8000
1626258439698000,0,0.02901000,23527.6300
1626258455926000,0,0.00090000,23539.2300
1626258455926000,0,0.00939000,23544.5700
1626258461707000,0,0.00090000,23541.4900
1626258461707000,0,0.12130000,23543.3900
1626258545227000,1,0.00249640,23501.7600
1626258555473000,1,0.01759256,23504.9900
1626258575749000,0,0.00664453,23593.9700
1626258649261000,0,0.00297041,23565.7900
1626258649319000,0,0.00230000,23569.7200
1626258649392000,0,0.09197400,23577.8200
1626258709667000,0,0.00265000,23530.1100
1626258816091000,0,0.00789160,23510.9200
1626258832760000,1,0.09215427,23488.1200
1626258849474000,0,0.02019000,23495.9100
1626258896602000,0,0.09225212,23481.5000
1626258896602000,0,0.04374032,23484.9500
1626258896692000,0,0.08301156,23480.3300
1626258924671000,0,0.00210000,23482.0700
1626259157395000,0,0.00090000,23486.0600
1626259157395000,0,0.00090000,23488.0500
1626259157395000,0,0.09222409,23489.1900
1626259157395000,0,0.00090000,23493.0600
1626259157395000,0,0.09223049,23494.2900
1626259157395000,0,0.04546402,23498.6800
1626259163124000,0,0.00184360,23480.2300
1626259287707000,0,0.00669573,23473.7200
1626259317961000,1,0.00881667,23455.2300
1626259319291000,0,0.16346000,23470.3100
1626259453987000,0,0.00123000,23471.0900
1626259494144000,0,0.00090000,23464.3500
1626259494144000,0,0.00859000,23468.0800
1626259508571000,1,0.00175883,23455.7400
1626259508571000,1,0.00013007,23445.8200
1626259528814000,1,0.00882491,23436.6900
1626259533140000,0,0.00838000,23451.8300
1626259540204000,1,0.08127822,23426.3400
1626259540223000,1,0.00892949,23426.3400
1626259540263000,1,0.01397451,23426.3500
1626259540266000,1,0.01717532,23426.3500
1626259540277000,1,0.00230000,23426.3500
1626259542492000,1,0.32000000,23425.1000
1626259542492000,1,0.32000000,23423.9200
1626259548249000,0,0.00286000,23441.3500
1626259569431000,0,0.00293927,23447.6100
1626259614692000,0,0.00818000,23434.4600
1626259668485000,0,0.02414845,23425.3100
1626259690253000,0,0.00556000,23415.5000
1626259709296000,0,0.00261000,23427.2400
1626259741962000,1,0.32000000,23391.8500
1626259742218000,0,0.08000000,23390.7100
1626259767510000,1,0.08940285,23411.1000
1626259767562000,1,0.03046691,23411.1000
1626259767562000,1,0.00358210,23411.0900
1626259792879000,1,0.03000000,23390.7100
1626259792941000,1,0.00476406,23390.7100
1626259809240000,0,0.02029000,23387.3200
1626259942425000,0,0.00205000,23403.0600
1626260049478000,0,0.00211000,23419.1700
1626260412339000,0,0.00202520,23421.5300
1626260533673000,0,0.01805000,23453.5000
1626260649819000,0,0.01289000,23434.5000
1626260652086000,0,0.00230000,23434.5000
1626260686455000,0,0.00135000,23449.0500
1626260853947000,0,0.00124951,23445.7000
1626261142763000,0,0.00139000,23474.3500
1626261144884000,1,0.01749227,23456.1400
1626261209792000,0,0.00144000,23479.4400
1626261235152000,0,0.01247666,23478.6800
1626261246751000,0,0.15529000,23466.8800
1626261368558000,0,0.02018000,23459.9200
1626261490408000,0,0.01774000,23492.6500
1626261494064000,0,0.00122000,23487.9100
1626261553931000,0,0.00204000,23472.4900
1626261565922000,1,0.01452328,23445.5500
1626261594535000,0,0.00141000,23462.4800
1626261615331000,0,0.00667000,23451.4000
1626261672248000,0,0.00176000,23439.6600
1626261816518000,0,0.02630238,23437.1700
1626261849447000,0,0.00196000,23444.2300
1626261978095000,1,0.32000000,23460.1200
1626261993563000,0,0.00201491,23455.0300
1626262025793000,0,0.00645000,23462.7200
1626262153627000,0,0.00986000,23477.3000
1626262237585000,0,0.00278000,23475.1800
1626262237585000,0,0.00090000,23476.0500
1626262237585000,0,0.12995192,23479.8800
1626262330091000,0,0.01535000,23432.1600
1626262330445000,0,0.00205000,23432.1600
1626262338332000,0,0.02592483,23428.0700
1626262375027000,0,0.02082000,23448.0800
1626262438581000,1,0.00220789,23413.8100
1626262478816000,0,0.00104133,23439.9900
1626262499056000,0,0.04861625,23445.9600
1626262499056000,0,0.03460707,23445.9900
1626262506254000,0,0.00327000,23447.1400
1626262666244000,1,0.00971713,23444.1800
1626262666249000,1,0.01780534,23444.1800
1626262666250000,1,0.00901364,23444.1800
1626262666256000,1,0.00600000,23444.1800
1626262666277000,1,0.04981096,23444.1800
1626262666489000,1,0.00230000,23437.6000
1626262666864000,1,0.00688451,23430.0800
1626262666864000,1,0.01721084,23425.7200
1626262673605000,0,0.00126000,23443.4100
1626262673771000,0,0.00280000,23443.4100
1626262726354000,0,0.00143000,23402.6100
1626262731742000,1,0.03000000,23380.0000
1626262731772000,1,0.00200000,23380.0000
1626262829452000,0,0.20874549,23408.3000
1626262928865000,0,0.00348000,23420.8800
1626263019952000,0,0.01043027,23418.3500
1626263170193000,0,0.00164000,23447.4500
1626263171346000,1,0.00093614,23436.3500
1626263201722000,1,0.00088200,23448.2000
1626263201855000,1,0.00001800,23448.2000
1626263239123000,0,0.00604999,23451.4700
1626263239165000,0,0.00000001,23451.4700
1626263282734000,0,0.00204000,23454.9500
1626263321946000,0,0.01110386,23461.6900
1626263404234000,0,0.00644000,23450.9600
1626263412418000,0,0.00169053,23450.9600
1626263460254000,1,0.03000000,23448.8800
1626263460308000,1,0.06234029,23448.8800
1626263479225000,0,0.00123000,23458.7800
1626263532877000,0,0.04162774,23466.2100
1626263583091000,0,0.01907223,23477.0600
1626263591901000,0,0.01167000,23480.8400
1626263621077000,0,0.00727000,23478.1800
1626263628433000,0,0.03759000,23467.8800
1626263631967000,1,0.03000000,23442.6500
1626263631973000,1,0.00200000,23442.6500
1626263658456000,1,0.05000000,23429.6500
1626263658535000,1,0.01000000,23429.6500
1626263658638000,1,0.01000000,23429.6500
1626263663775000,0,0.00413000,23439.5900
1626263672525000,1,0.23041248,23417.4300
1626263672525000,1,0.14485637,23417.4200
1626263799463000,0,0.07999072,23440.0700
1626263884037000,1,0.00085954,23424.1900
1626263911881000,1,0.03000000,23410.6500
1626263991192000,1,0.02000000,23412.6300
1626264047579000,1,0.00088200,23426.1900
1626264047620000,1,0.00001800,23426.1900
1626264053294000,1,0.00088200,23430.1600
1626264054236000,1,0.00001800,23430.1600
1626264055945000,1,0.00088200,23430.0100
1626264058428000,1,0.24000000,23431.1800
1626264058451000,1,0.08000000,23431.1800
1626264062303000,1,0.05000000,23426.1400
1626264082373000,1,0.03200000,23394.8100
1626264082373000,1,0.17800000,23394.8000
1626264082398000,1,0.14200000,23394.8000
1626264275429000,1,0.00900000,23436.2100
1626264361108000,0,0.00090000,23430.4200
1626264361108000,0,0.00090000,23435.5800
1626264361108000,0,0.00626682,23436.2100
1626264364820000,0,0.00090000,23432.7800
1626264364820000,0,0.00125000,23435.0400
1626264375708000,0,0.00120000,23429.2800
1626264375708000,0,0.00283798,23433.0800
1626264395399000,0,0.02348000,23442.4800
1626264407253000,0,0.06530000,23437.1600
1626264421317000,1,0.06000000,23409.6000
1626264490181000,0,0.00760000,23433.2000
1626264517284000,0,0.01265000,23419.2600
1626264556692000,0,0.00225000,23410.6400
1626264575791000,0,0.01075000,23424.4400
1626264596024000,0,0.00356732,23415.5400
1626264658556000,0,0.00433000,23405.6900
1626264716510000,0,0.09686261,23407.1200
1626264716510000,0,0.18706215,23407.1300
1626264742530000,1,0.03528725,23396.7500
1626264746558000,1,0.13644285,23393.8500
1626264766016000,0,0.00328000,23411.3300
1626264786730000,0,0.00291818,23412.2900
1626264806539000,0,0.00212000,23412.1700
1626264816996000,0,0.00239476,23414.9200
1626264967763000,0,0.00410000,23384.3400
1626265037506000,1,0.03320650,23353.5000
1626265071800000,0,0.00411000,23361.5900
1626265148465000,0,0.03199999,23348.7400
1626265148513000,0,0.00000001,23348.7400
1626265405636000,0,0.01177000,23374.2100
1626265477300000,1,0.00790396,23324.7500
1626265477300000,1,0.01209604,23318.7300
1626265758892000,0,0.04181427,23354.9500
1626265862944000,0,0.02863000,23379.5300
1626265868841000,0,0.01848000,23383.3000
1626265899192000,1,0.07980336,23362.4400
1626265900929000,1,0.23539271,23362.4400
1626265903987000,1,0.00470785,23362.4400
1626265915214000,0,0.00414000,23392.0700
1626265929221000,0,0.00410000,23385.4200
1626266063467000,1,0.11564662,23326.4800
1626266070265000,1,0.04478668,23326.4800
1626266071172000,1,0.15956670,23326.4800
1626266171132000,0,0.01228000,23348.9200
1626266194097000,0,0.02545435,23353.9900
1626266319823000,0,0.01463029,23352.1400
1626266437279000,0,0.01079000,23325.2800
1626266490291000,0,0.00164000,23340.9700
1626266520265000,1,0.00700000,23314.8800
1626266528656000,0,0.01266000,23339.7900
1626266572153000,0,0.00863000,23340.9700
1626266660646000,0,0.00446383,23299.4900
1626266801111000,1,0.01579918,23290.3400
1626266852018000,0,0.00637000,23321.7500
1626267158907000,0,0.00851000,23329.8600
1626267182604000,0,0.04189399,23329.8500
1626267189660000,1,0.00088200,23304.3600
1626267370059000,0,0.00394000,23292.4700
1626267553654000,1,0.00158964,23261.4900
1626267610699000,0,0.00090000,23313.3100
1626267610699000,0,0.01761000,23317.6300
1626267729180000,0,0.00206000,23310.1500
1626267744719000,1,0.01376548,23294.1200
1626267794934000,0,0.00325121,23322.4500
1626267991472000,0,0.00846000,23345.6500
1626268115776000,1,0.00929743,23331.4500
1626268187015000,0,0.02408033,23354.1900
1626268187027000,0,0.03227516,23354.1900
1626268187029000,0,0.00859897,23354.1900
1626268187042000,0,0.01000000,23354.1900
1626268187165000,0,0.09254768,23354.8400
1626268211429000,0,0.00820000,23405.6300
1626268252264000,0,0.08193000,23413.3600
1626268276266000,1,0.02002257,23381.2600
1626268276266000,1,0.02415364,23381.2500
1626268356691000,0,0.00907918,23413.4100
1626268372025000,0,0.00090000,23458.1500
1626268447846000,1,0.00510629,23577.2000
1626268447883000,1,0.01946390,23577.2000
1626268448020000,1,0.01046725,23577.2000
1626268448075000,1,0.01337981,23577.2000
1626268448080000,1,0.01411934,23577.2000
1626268483886000,0,0.03000000,23596.4500
1626268485372000,0,0.06000000,23600.0000
1626268485585000,0,0.06000000,23599.9900
1626268486905000,0,0.01000000,23599.9900
1626268487574000,0,0.01000000,23599.9900
1626268490064000,0,0.02000000,23600.0000
1626268490252000,0,0.11000000,23600.0000
1626268490770000,0,0.00600000,23600.0000
1626268492907000,0,0.23000000,23600.0000
1626268493337000,0,0.00230000,23600.0000
1626268493606000,0,0.39000000,23600.0000
1626268494302000,0,0.00883983,23600.0000
1626268496369000,0,0.10000000,23632.0000
1626268498704000,0,0.00090000,23667.3800
1626268507828000,1,0.01386543,23615.8800
1626268556319000,0,0.02000000,23678.0000
1626268556323000,0,0.04000000,23678.0000
1626268556360000,0,0.09000000,23678.0000
1626268589541000,0,0.01743000,23649.4300
1626268607227000,1,0.01749985,23582.2600
1626268621957000,0,0.00800282,23622.9000
1626268674408000,0,0.04000000,23576.5100
1626268691799000,0,0.18000000,23585.0000
1626268691844000,0,0.14000000,23585.0000
1626268711446000,0,0.19000000,23579.8900
1626268711494000,0,0.05716441,23579.8900
1626268711500000,0,0.07283559,23579.8900
1626268717419000,0,0.01000000,23580.1800
1626268717496000,0,0.01000000,23580.1800
1626268718016000,0,0.07000000,23579.0000
1626268718104000,0,0.17000000,23579.0000
1626268718206000,0,0.08000000,23579.0000
1626268746001000,0,0.09000000,23562.9200
1626268746042000,0,0.17000000,23562.9200
1626268746066000,0,0.06000000,23562.9200
1626268753034000,0,0.03000000,23573.8200
1626268760655000,0,0.05000000,23576.5100
1626268760731000,0,0.06000000,23576.5100
1626268948934000,1,0.00353549,23545.0200
1626268970489000,0,0.00398000,23567.4900
1626268975919000,0,0.04565000,23562.4300
1626269023680000,0,0.00813000,23592.9600
1626269033802000,0,0.00161000,23576.5800
1626269106392000,0,0.00186000,23585.1900
1626269106450000,0,0.00203000,23585.1800
1626269106615000,0,0.00203000,23584.0000
1626269180490000,1,0.00600000,23564.3300
1626269182596000,1,0.02397241,23564.3300
1626269182655000,1,0.01730192,23564.3300
1626269182860000,1,0.03098700,23564.3300
1626269232570000,0,0.32000000,23569.5500
1626269232681000,0,0.00090000,23571.9000
1626269232734000,0,0.32000000,23570.7300
1626269233210000,0,0.07000000,23571.2100
1626269233442000,0,0.13000000,23571.2100
1626269233724000,0,0.12000000,23571.2100
1626269233952000,0,0.09174502,23572.3800
1626269234784000,0,0.06000000,23574.7800
1626269235305000,0,0.17000000,23573.6000
1626269235989000,0,0.09174502,23572.3800
1626269235989000,0,0.09825498,23574.7800
1626269239324000,0,0.07377460,23571.8300
1626269259526000,1,0.04390308,23554.5400
1626269309729000,0,0.00649054,23571.3800
1626269386208000,1,0.00088200,23570.9800
1626269386573000,1,0.00001800,23570.9800
1626269484535000,0,0.00203000,23568.9600
1626269484749000,0,0.00122000,23568.9600
1626269512526000,0,0.00600000,23561.7400
1626269791751000,0,0.00326000,23558.6100
1626269972207000,0,0.00122000,23585.8700
1626270041853000,0,0.02088733,23588.9200
1626270193416000,0,0.00213000,23579.6500
1626270202744000,0,0.03730790,23585.3400
1626270268776000,0,0.32000000,23599.5900
1626270268776000,0,0.09165670,23600.7600
1626270268776000,0,0.09163751,23606.2700
1626270268776000,0,0.00989771,23608.8500
1626270272993000,0,0.09165670,23600.7600
1626270272993000,0,0.07421693,23606.2700
1626270351000000,1,0.12411511,23557.5100
1626270351000000,1,0.31588489,23557.5000
1626270393330000,0,0.00521748,23567.3700
1626270393530000,0,0.00207000,23567.3700
1626270624652000,0,0.03605366,23612.7900
1626270624652000,0,0.04822479,23612.8000
1626270633753000,0,0.23041248,23624.5900
1626270633753000,0,0.17853189,23624.6000
1626270654402000,1,0.00088200,23605.8900
1626270654601000,1,0.00001800,23605.8900
1626270656290000,1,0.00088200,23607.0800
1626270657759000,1,0.00088200,23600.3400
1626270658151000,1,0.00001800,23600.3400
1626270660022000,1,0.00088200,23596.9000
1626270664000000,1,0.00001800,23596.9000
1626270664000000,1,0.00090000,23592.1700
1626270664000000,1,0.01180471,23588.5700
1626270684178000,1,0.04146378,23604.3500
1626270784315000,0,0.00090000,23649.1600
1626270784315000,0,0.00090000,23655.4300
1626270784315000,0,0.09143172,23656.9200
1626270784315000,0,0.03200000,23664.0800
1626270784315000,0,0.09142539,23664.0900
1626270784315000,0,0.00090000,23666.0700
1626270784315000,0,0.11282161,23672.5800
1626270864925000,0,0.00793000,23634.9900
1626270878474000,0,0.00090000,23619.8800
1626270878474000,0,0.00357000,23624.4600
1626271076552000,0,0.09143985,23656.4900
1626271076555000,0,0.09143055,23659.6000
1626271076555000,0,0.09142235,23661.9600
1626271077137000,1,0.00225008,23655.3300
1626271077502000,1,0.00004992,23655.3300
1626271083037000,1,0.00225400,23671.8600
1626271083075000,1,0.00004600,23671.8600
1626271107929000,0,0.10000000,23669.6100
1626271107929000,0,0.00090000,23669.6200
1626271107929000,0,0.00090000,23674.4700
1626271107929000,0,0.03597666,23679.7100
1626271107929000,0,0.00090000,23679.7200
1626271107929000,0,0.19617169,23680.8600
1626271107929000,0,0.17679276,23680.8700
1626271242506000,0,0.00090000,23672.7600
1626271242506000,0,0.00090000,23678.4200
1626271242506000,0,0.00863000,23684.2600
1626271398427000,0,0.00090000,23710.8900
1626271398427000,0,0.00090000,23711.2700
1626271398427000,0,0.00285000,23722.7500
1626271425603000,0,0.00090000,23710.9100
1626271425603000,0,0.04105822,23714.6200
1626271432933000,1,0.16000000,23690.9200
1626271460503000,0,0.01294000,23715.9400
1626271497468000,0,0.02181696,23705.4200
1626271645936000,0,0.07682000,23717.3000
1626271666424000,1,0.00090000,23683.0200
1626271666424000,1,0.00003441,23679.2500
1626271690286000,0,0.01994254,23699.5800
1626271765359000,1,0.00843546,23722.6100
1626271765362000,1,0.01053927,23722.6100
1626271783035000,0,0.00416000,23745.7700
1626271986959000,1,0.00213356,23657.8000
1626271987048000,0,0.00399519,23677.0300
1626272170872000,0,0.03993749,23644.9500
1626272228036000,0,0.09145984,23647.4500
1626272228036000,0,0.00561735,23652.2600
1626272233584000,1,0.09144857,23615.0100
1626272233584000,1,0.00837207,23611.4100
1626272233584000,1,0.09146370,23611.4000
1626272251966000,1,0.19746507,23605.0600
1626272263624000,0,0.01587000,23621.2600
1626272318276000,1,0.00087802,23613.7100
1626272345281000,0,0.04388000,23609.1700
1626272386844000,0,0.03729000,23601.7500
1626272508785000,0,0.00213000,23634.9100
1626272529397000,0,0.00629000,23640.6700
1626272558872000,1,0.00747363,23620.8600
1626272589087000,1,0.00090000,23623.2100
1626272589087000,1,0.00016752,23618.9900
1626272880015000,0,0.10000000,23613.4600
1626272880015000,0,0.09156501,23613.4700
1626272880015000,0,0.00090000,23617.6300
1626272880015000,0,0.09152252,23617.9500
1626272880015000,0,0.01647452,23621.3900
1626272905935000,0,0.05228000,23611.6800
1626272915143000,0,0.00333000,23611.6800
1626273005553000,0,0.02772603,23626.0400
1626273008279000,0,0.00961827,23626.0400
1626273114012000,1,0.00230000,23633.7000
1626273114012000,1,0.00090000,23627.5700
1626273114012000,1,0.00090000,23626.1300
1626273114012000,1,0.04590000,23618.0900
1626273140574000,1,0.00217259,23647.7600
1626273187172000,0,0.00496000,23655.2700
1626273471821000,1,0.09126786,23675.4400
1626273471821000,1,0.09461476,23672.7900
1626273471821000,1,0.25815631,23672.7800
1626273593597000,0,0.00405000,23686.5000
1626273659052000,1,0.06000000,23677.8100
1626273719563000,0,0.00535920,23672.5000
1626273730200000,0,0.00841000,23682.6100
1626273731414000,0,0.00259000,23682.6100
1626273782689000,0,0.00805000,23648.8700
1626273792622000,0,0.00090000,23648.4100
1626273792622000,0,0.00067000,23648.8700
1626273824492000,0,0.00325000,23640.5800
1626273839983000,0,0.00090000,23637.5100
1626273839983000,0,0.09146595,23640.5900
1626273839983000,0,0.00090000,23643.8800
1626273839983000,0,0.09145721,23643.9600
1626273839983000,0,0.09144389,23647.4400
1626273839983000,0,0.00090000,23648.8700
1626273839983000,0,0.03600215,23651.0200
1626273839983000,0,0.08382489,23651.0300
1626273881904000,0,0.00205000,23641.6200
1626274160644000,0,0.00413019,23655.5700
1626274160910000,0,0.01253000,23655.6500
1626274320916000,0,0.09139739,23651.3100
1626274320916000,0,0.01398853,23654.0300
1626274441397000,0,0.09568843,23659.9200
1626274441397000,0,0.09014136,23659.9300
1626274485007000,0,0.08202499,23659.8600
1626274491425000,0,0.00597902,23659.8600
1626274491468000,0,0.00335842,23659.8600
1626274491589000,1,0.00588170,23659.8600
1626274518960000,0,0.01256000,23685.9000
1626274542227000,0,0.00090000,23686.9600
1626274542227000,0,0.00090000,23692.3100
1626274542227000,0,0.13174514,23692.8200
1626274569600000,0,0.00789000,23691.1900
1626274682972000,0,0.01361442,23691.1900
1626274698344000,0,0.01497082,23700.5300
1626274716718000,0,0.00162000,23701.7100
1626274717341000,0,0.02365277,23701.7100
1626274923685000,0,0.00306000,23698.0400
1626275161587000,0,0.03000000,23680.7600
1626275161623000,0,0.00416000,23680.7600
1626275247079000,1,0.00088200,23699.5100
1626275287641000,0,0.00254000,23693.8400
1626275297072000,0,0.00230000,23697.4100
1626275457083000,1,0.00305600,23709.4700
1626275465729000,0,0.00239532,23743.9100
1626275676398000,0,0.00902000,23721.9200
1626276332620000,1,0.00422193,23697.2200
1626276495896000,0,0.00202000,23728.0200
1626276536172000,0,0.01628091,23709.7100
1626276536191000,0,0.01266909,23709.7100
1626276597393000,0,0.00088200,23675.1800
1626276599051000,1,0.00161753,23662.3000
1626276960010000,0,0.00433154,23710.9500
1626277031012000,0,0.00215744,23726.3300
1626277111423000,0,0.00090000,23690.5900
1626277111423000,0,0.01145926,23694.8200
1626277145650000,0,0.00527000,23685.6900
1626277190784000,0,0.09144006,23688.4900
1626277190784000,0,0.08777433,23692.8700
1626277256266000,0,0.00421600,23688.5500
1626277331366000,0,0.00174000,23720.7900
1626277333003000,0,0.00206026,23720.0500
1626277393443000,0,0.00799132,23688.3700
1626277397841000,0,0.08961870,23684.6100
1626277397870000,0,0.00182895,23684.6100
1626277399458000,0,0.01000000,23684.6100
1626277399609000,0,0.03000000,23684.6100
1626277399733000,0,0.02000000,23684.6100
1626277400559000,0,0.03000000,23684.6100
1626277406278000,0,0.05000000,23686.4400
1626277414844000,0,0.04000000,23686.4400
1626277490409000,0,0.04213924,23671.7600
1626277541114000,0,0.09000000,23694.0700
1626277541159000,0,0.00152117,23694.0700
1626277667818000,0,0.04030000,23683.3400
1626277754644000,0,0.06500582,23670.0400
1626277764843000,1,0.00122004,23641.0300
1626277778399000,0,0.00090000,23658.3900
1626277778399000,0,0.01167000,23660.9000
1626277927293000,0,0.02064107,23657.2500
1626277927294000,0,0.01560893,23657.2500
1626277952679000,0,0.06076000,23670.8800
1626277955104000,0,0.00770000,23665.9900
1626277975374000,0,0.02290868,23670.9000
1626278008540000,0,0.00433902,23662.5500
1626278049151000,0,0.00772000,23675.3000
1626278286030000,1,0.00088200,23672.7000
1626278286060000,1,0.00001800,23672.7000
1626278296120000,1,0.00090000,23671.0700
1626278296120000,1,0.00397200,23665.8900
1626278338807000,0,0.00302000,23685.2000
1626278406466000,1,0.00242295,23665.7900
1626278502882000,1,0.00388913,23680.3300
1626278502883000,1,0.01311977,23680.3300
1626278580916000,1,0.05000000,23685.5200
1626278580979000,1,0.09000000,23685.5300
1626278581147000,1,0.12000000,23686.3200
1626278587645000,1,0.00163017,23659.4200
1626278588900000,1,0.31360000,23662.9900
1626278597872000,0,0.01904206,23683.6200
1626278949121000,0,0.01259000,23698.3900
1626279088924000,0,0.09143053,23692.5200
1626279088924000,0,0.07633562,23695.1700
1626279167436000,0,0.06289151,23705.9900
1626279249395000,0,0.06178605,23701.1700
1626279321212000,1,0.00600000,23679.8700
1626279321339000,1,0.08543523,23679.8700
1626279321398000,1,0.00090000,23676.7300
1626279344135000,0,0.00810000,23673.1400
1626279530057000,0,0.00180226,23661.9800
1626279609741000,0,0.00233000,23649.4600
1626279729623000,0,0.00184000,23660.6600
1626280040714000,0,0.08240759,23706.9600
1626280060913000,0,0.21913417,23722.8300
1626280181175000,1,0.00139979,23695.7100
1626280456248000,1,0.00230000,23714.4000
1626280471321000,0,0.00090000,23705.0900
1626280471321000,0,0.00740000,23709.9500
1626280481369000,1,0.04000000,23661.7900
1626280481376000,1,0.04000000,23661.7900
1626280481389000,1,0.19062555,23661.7900
1626280528417000,1,0.32000000,23585.5400
1626280531664000,1,0.12000000,23583.4600
1626280531667000,1,0.04000000,23583.4600
1626280556133000,1,0.32000000,23612.2200
1626280572285000,0,0.00418000,23642.6400
1626280591881000,0,0.00100214,23652.5600
1626280611917000,1,0.31360000,23664.5100
1626280611941000,1,0.00179396,23664.5100
1626280615665000,1,0.05964197,23663.0200
1626280615697000,1,0.20273031,23663.0200
1626280615757000,1,0.00211932,23663.0200
1626280616248000,1,0.05550840,23663.0200
1626280642114000,0,0.00576488,23689.6100
1626280792970000,0,0.05569952,23675.5400
1626280873207000,0,0.08147820,23708.1800
1626280916673000,1,0.02000000,23687.9900
1626280916888000,1,0.56000000,23687.9900
1626281003483000,0,0.03712036,23677.5300
1626281033695000,1,0.01684211,23662.0800
1626281070408000,1,0.00722759,23642.6100
1626281083245000,0,0.00879000,23663.5800
1626281143940000,1,0.00174983,23648.1300
1626281226187000,0,0.00182000,23690.1400
1626281409525000,0,0.00223000,23681.9400
1626281514508000,0,0.03858031,23677.5300
1626281614783000,0,0.01563946,23675.2900
1626281645007000,0,0.00520190,23676.5900
1626281711181000,0,0.00405000,23682.4900
1626281736185000,0,0.00330000,23682.1400
1626281772559000,0,0.00706266,23700.0000
1626281807709000,0,0.00014414,23700.0000
1626281833356000,0,0.01335000,23707.6800
1626281866060000,0,0.00212000,23707.2700
1626281910248000,0,0.00327000,23719.2400
1626282009773000,0,0.00306000,23737.9700
1626282011020000,0,0.01010000,23739.1600
1626282015661000,0,0.00823182,23721.3100
1626282035889000,1,0.00582700,23700.3000
1626282056105000,0,0.00818193,23730.4500
1626282169356000,1,0.00882000,23688.5900
1626282171447000,1,0.09114000,23686.3100
1626282171869000,1,0.00686000,23686.3100
1626282172080000,1,0.00980000,23686.3100
1626282173387000,1,0.00098000,23686.3100
1626282174051000,1,0.00980000,23686.3100
1626282174732000,1,0.02984982,23686.3100
1626282175662000,1,0.00980000,23686.3100
1626282176093000,1,0.15853478,23686.3100
1626282176870000,1,0.00323540,23686.3100
1626282183250000,0,0.00202000,23701.1300
1626282216823000,1,0.00319870,23691.3200
1626282277084000,0,0.06582924,23709.7100
1626282305938000,0,0.32000000,23716.6900
1626282305938000,0,0.09136184,23717.8700
1626282305938000,0,0.09132101,23721.9200
1626282305938000,0,0.00873724,23728.4600
1626282327325000,1,0.02467566,23701.8800
1626282367570000,0,0.01997566,23728.8200
1626282375355000,0,0.00976000,23727.2400
1626282580989000,0,0.04010000,23721.9900
1626282805425000,0,0.03200000,23759.8600
1626282805425000,0,0.09124489,23759.9500
1626282805425000,0,0.03594716,23763.4900
1626282805425000,0,0.09123185,23763.5000
1626282805425000,0,0.10000000,23764.0000
1626282805425000,0,0.08986941,23767.4300
1626282805425000,0,0.06984502,23767.4400
1626282970887000,0,0.00225000,23752.8100
1626283312693000,0,0.00647000,23736.1300
1626283338813000,0,0.04201901,23741.6300
1626283399447000,1,0.00162722,23705.7400
1626283520241000,0,0.03694022,23722.0100
1626283540308000,0,0.00637000,23714.0500
1626283640753000,0,0.20460230,23695.4900
1626283901707000,0,0.00726000,23697.9000
1626284121468000,0,0.00583000,23695.6900
1626284122078000,0,0.00583000,23695.6900
1626284131875000,0,0.06180862,23698.3700
1626284138974000,0,0.00121000,23701.1400
1626284184109000,0,0.09140457,23695.9500
1626284184109000,0,0.02273543,23698.9800
1626284512841000,0,0.00469086,23684.6100
1626284673148000,0,0.03712350,23670.7500
1626284752146000,0,0.00121000,23710.2100
1626284780525000,0,0.00297000,23707.2300
1626284928188000,0,0.00233000,23715.1200
1626285013954000,0,0.05356147,23711.4300
1626285084423000,0,0.00864733,23705.2000
1626285244732000,0,0.00267716,23716.6800
1626285315725000,0,0.00121000,23730.0600
1626285377441000,0,0.00202000,23735.0900
1626285435725000,1,0.00117964,23711.5900
1626285463462000,0,0.00804000,23729.8500
1626285525983000,0,0.00096123,23727.1300
1626285626463000,1,0.00124110,23718.7300
1626285759874000,1,0.03100000,23699.4300
1626285879468000,0,0.00230000,23729.1400
1626285881520000,0,0.11000000,23750.8200
1626286007136000,0,0.00090000,23725.8700
1626286007136000,0,0.00201105,23727.2300
1626286062413000,0,0.00478467,23706.9200
1626286064572000,0,0.00121000,23704.0500
1626286097427000,1,0.00455524,23688.4200
1626286167152000,0,0.00223000,23704.3400
1626286308056000,0,0.09587485,23703.5500
1626286361311000,0,0.00202000,23717.2200
1626286428377000,0,0.00099812,23710.9900
1626286588821000,0,0.00205777,23713.5200
1626286943558000,0,0.00404000,23749.2600
1626287039487000,1,0.00464515,23719.2200
1626287049776000,0,0.00162000,23734.5800
1626287099303000,0,0.00182000,23741.3800
1626287168837000,0,0.00165000,23763.4900
1626287412205000,0,0.32000000,23732.6500
1626287412205000,0,0.00912000,23732.7900
1626287521897000,0,0.09875509,23764.3400
1626287692758000,0,0.00416000,23756.6700
1626287694964000,0,0.00887475,23745.9000
1626287694969000,0,0.00000001,23745.9000
1626287848760000,1,0.01891546,23749.6000
1626287858141000,1,0.01418659,23739.4100
1626287889959000,0,0.07000000,23777.8700
1626287890622000,0,0.10000000,23777.8700
1626287891419000,0,0.00230000,23777.8700
1626287891430000,0,0.00067979,23777.8700
1626287892197000,0,0.01000000,23800.0000
1626287894419000,0,0.00090000,23883.4900
1626287894419000,0,0.02563368,23891.0000
1626287894419000,0,0.32000000,23891.0100
1626287896964000,1,0.23041248,23872.5700
1626287896964000,1,0.65300000,23872.5600
1626287897314000,0,0.03357475,23891.5400
1626287897320000,0,0.03357475,23891.5400
1626287897324000,0,0.02947215,23891.5400
1626287912716000,1,0.00225400,23891.6500
1626287912875000,1,0.00004600,23891.6500
1626287925412000,1,0.00870667,23828.5100
1626287925412000,1,0.02176959,23828.5100
1626287937417000,1,0.00230000,23853.1800
1626287937418000,1,0.11092597,23853.1800
1626287937430000,1,0.01078887,23853.1800
1626287937433000,1,0.09565299,23853.1800
1626287937512000,1,0.00909070,23853.1800
1626287937515000,1,0.77124147,23853.1800
1626287937764000,1,0.00387752,23853.1800
1626287937812000,1,0.02000000,23853.1800
1626287937814000,1,0.02000000,23853.1800
1626287937838000,1,0.02000000,23853.1800
1626287938035000,1,0.37694246,23853.1800
1626288000456000,1,0.02127989,23852.6100
1626288012293000,1,0.01063995,23835.5100
1626288024277000,1,0.01063995,23819.0900
1626288173599000,1,0.00108571,23830.0200
1626288193849000,0,0.00638745,23844.4400
1626288204092000,0,0.08127630,23840.9200
1626288521304000,0,0.00090000,23678.0200
1626288521304000,0,0.00031000,23686.3800
1626288553819000,0,0.00090000,23659.7400
1626288553819000,0,0.00702000,23667.7900
1626288837482000,0,0.01700000,23686.7200
1626288885484000,0,0.00968220,23667.0600
1626288996449000,0,0.16220000,23657.3300
1626289023214000,1,0.00088200,23652.3200
1626289023321000,1,0.00001800,23652.3200
1626289023790000,0,0.14913618,23657.5000
1626289023790000,0,0.10322095,23657.5100
1626289025985000,1,0.00088200,23647.4000
1626289103800000,0,0.08347000,23664.5000
1626289110680000,0,0.00122000,23664.5000
1626289116977000,0,0.00142000,23655.7500
1626289126295000,0,0.00165181,23659.1300
1626289247851000,1,0.00090000,23642.0800
1626289247851000,1,0.06808358,23637.7300
1626289263765000,1,0.09000000,23643.2700
1626289317357000,0,0.00090000,23647.5700
1626289317357000,0,0.00100000,23653.3600
1626289317357000,0,0.00140347,23657.2700
1626289347972000,0,0.00548000,23613.2600
1626289378476000,1,0.23041248,23630.2500
1626289378476000,1,0.08958752,23630.2400
1626289580128000,0,0.00406000,23634.9300
1626289598534000,0,0.00406000,23647.4000
1626289628175000,0,0.00969000,23640.6700
1626289698241000,0,0.00125000,23638.6800
1626289730844000,1,0.03000000,23610.1800
1626289730935000,1,0.00200000,23610.1800
1626289742369000,1,0.03000000,23573.2900
1626289742773000,1,0.01000000,23559.2100
1626289748841000,1,0.00090000,23541.0500
1626289753358000,1,0.32000000,23529.0500
1626289816752000,1,0.32000000,23554.9500
1626289816881000,1,0.32000000,23551.2300
1626289826668000,1,0.00090000,23534.7900
1626289864316000,1,0.00088200,23562.1700
1626289864932000,1,0.00090000,23556.9100
1626289865926000,1,0.00230000,23559.0900
1626289865926000,1,0.00083600,23556.7100
1626289928344000,1,0.00138768,23553.6100
1626289998607000,0,0.00414421,23577.7500
1626290361242000,0,0.00090000,23623.4100
1626290361242000,0,0.00090000,23628.4000
1626290361242000,0,0.02236000,23631.5200
1626290385219000,1,0.00230000,23609.4600
1626290386278000,1,0.00385997,23609.4600
1626290386297000,1,0.00230000,23609.4600
1626290386322000,1,0.00663905,23609.4600
1626290386362000,1,0.00258399,23609.4600
1626290389276000,0,0.09176359,23613.7400
1626290389276000,0,0.03209113,23617.8800
1626290396607000,1,0.01478190,23609.4600
1626290396607000,1,0.00624735,23609.4600
1626290396608000,1,0.02304216,23609.4600
1626290396617000,1,0.02247281,23609.4600
1626290396625000,1,0.01237953,23609.4600
1626290396626000,1,0.00230000,23609.4600
1626290396900000,1,0.00109323,23609.4600
1626290396910000,1,0.00000001,23609.4600
1626290519022000,0,0.00690000,23628.6800
1626290530265000,1,0.00084782,23619.0000
1626290548120000,0,0.00122000,23625.8700
1626290583920000,0,0.00162000,23627.1200
1626290642622000,0,0.03819636,23630.3700
1626290668946000,1,0.00088200,23611.6800
1626290669145000,1,0.00001800,23611.6800
1626290729241000,1,0.02000000,23606.0400
1626290729275000,1,0.01000000,23606.0400
1626290729348000,1,0.01000000,23606.0400
1626290749078000,0,0.00162000,23619.5100
1626290783242000,1,0.04384251,23601.5000
1626291010779000,0,0.00292000,23614.8100
1626291090138000,0,0.00970000,23636.7200
1626291174716000,0,0.06478038,23647.9000
1626291255794000,0,0.00742000,23644.8400
1626291415794000,0,0.00408759,23650.2000
1626291446037000,0,0.07844099,23648.5200
1626291457035000,1,0.01000000,23633.7600
1626291506319000,0,0.02682256,23652.0800
1626291646652000,1,0.00090000,23647.1100
1626291646652000,1,0.00210615,23643.0300
1626291730083000,0,0.00166000,23656.3700
1626291847138000,0,0.00280052,23653.2800
1626291847234000,0,0.08876146,23653.2800
1626291847234000,0,0.09156198,23655.7200
1626291847234000,0,0.09155071,23658.4200
1626291847234000,0,0.00090000,23667.9700
1626291847234000,0,0.09158678,23671.5000
1626291847234000,0,0.01480443,23672.7800
1626291848358000,0,0.00446000,23670.3200
1626291906697000,0,0.00420741,23648.7500
1626291942680000,0,0.00537000,23651.8700
1626292108680000,0,0.00811000,23662.3800
1626292119104000,0,0.01600000,23662.3800
1626292299056000,0,0.02027000,23661.8000
1626292324734000,0,0.00209000,23658.9000
1626292487025000,0,0.00810000,23668.0800
1626292679464000,0,0.01855886,23643.2700
1626292785488000,0,0.01229000,23626.7100
1626292909088000,0,0.00122000,23646.7300
1626293090216000,0,0.07657697,23667.5000
1626293090307000,0,0.03430053,23667.4900
1626293099927000,0,0.00851000,23658.0900
1626293283877000,0,0.00134000,23653.7700
1626293517427000,0,0.00162000,23666.6800
1626293549438000,0,0.00110111,23675.0000
1626293549478000,0,0.00230000,23675.0000
1626293550838000,0,0.01679856,23675.0000
1626293551194000,0,0.09500265,23675.0000
1626293551197000,0,0.88479768,23675.0000
1626293555303000,0,0.00121000,23686.0100
1626293721286000,0,0.00371077,23681.3200
1626293775239000,0,0.07367541,23693.5200
1626293821570000,0,0.02061875,23700.3600
1626293851824000,0,0.01443381,23694.6900
1626294026338000,0,0.00392000,23683.2800
1626294056941000,1,0.00357600,23669.2100
1626294057135000,1,0.02509248,23669.2100
1626294122959000,0,0.00090000,23665.0600
1626294122959000,0,0.00745000,23668.0600
1626294465090000,0,0.00182000,23705.7800
1626294469032000,1,0.01569817,23688.4700
1626294469032000,1,0.00431010,23688.4700
1626294470362000,1,0.00502556,23688.4700
1626294516403000,0,0.00212000,23694.2200
1626294534549000,0,0.07368313,23691.3100
1626294544880000,0,0.09136632,23700.8200
1626294544880000,0,0.07050368,23704.0100
1626294602857000,0,0.00419803,23701.5500
1626294612371000,1,0.00000001,23688.4700
1626294750524000,0,0.00542000,23682.8400
1626294803605000,0,0.01798446,23678.5100
1626294843849000,0,0.00902486,23680.1500
1626294864171000,0,0.01648245,23681.6500
1626294885739000,0,0.00122000,23680.4800
1626294968082000,0,0.00607000,23688.1100
1626295023296000,0,0.00243000,23667.8800
1626295183112000,0,0.00406000,23646.2000
1626295241253000,0,0.02119000,23653.8900
1626295274840000,0,0.00600830,23657.6500
1626295686235000,0,0.00210837,23677.8700
1626295726518000,0,0.00276380,23681.3200
1626295819901000,0,0.03606105,23696.9000
1626295821143000,0,0.00600000,23703.4600
1626295821348000,0,0.01114613,23703.4600
1626295821375000,0,0.00531081,23703.4600
1626295821451000,0,0.00292650,23703.4600
1626295915087000,1,0.00110000,23681.2300
1626295985741000,0,0.01012000,23686.0300
1626296019271000,0,0.00121000,23687.5300
1626296056386000,0,0.00108830,23688.2500
1626296198277000,0,0.02106229,23682.6000
1626296223616000,0,0.00327000,23682.6000
1626296247260000,0,0.08249497,23683.5300
1626296417028000,0,0.09000000,23688.1600
1626296417079000,0,0.01000000,23687.4000
1626296417116000,0,0.09000000,23687.4000
1626296417224000,0,0.22000000,23687.4000
1626296472972000,0,0.01000000,23704.1300
1626296473434000,0,0.08133949,23704.1300
1626296476933000,0,0.08951270,23704.1300
1626296504784000,0,0.00182679,23704.1300
1626296504784000,0,0.08817321,23705.1100
1626296504805000,0,0.00316172,23705.1100
1626296619439000,0,0.00202000,23711.2000
1626296635991000,1,0.07083237,23698.2600
1626296635991000,1,0.04916763,23698.2500
1626296727907000,0,0.00839975,23691.1600
1626296729645000,0,0.07000000,23687.6400
1626296729647000,0,0.02139429,23687.6400
1626296817406000,0,0.00202000,23691.0100
1626296867992000,1,0.00235800,23667.3500
1626296898253000,0,0.00170085,23686.0800
1626296901228000,0,0.00344000,23687.2600
1626296938498000,1,0.00090000,23664.7600
1626296938498000,1,0.00354353,23661.2800
1626297052776000,0,0.00142000,23677.7800
1626297078782000,0,0.00162000,23673.7000
1626297084264000,0,0.02065379,23675.0700
1626297125835000,0,0.09141876,23684.5400
1626297125835000,0,0.00090000,23686.1700
1626297130497000,0,0.09144093,23692.7800
1626297130497000,0,0.09143919,23696.0500
1626297130497000,0,0.09143919,23698.7800
1626297130497000,0,0.00090000,23702.1700
1626297130497000,0,0.09143279,23703.7600
1626297130497000,0,0.09140573,23709.1800
1626297130497000,0,0.03200000,23712.8300
1626297130497000,0,0.00090000,23712.8400
1626297130497000,0,0.47200000,23714.3000
1626297137369000,0,0.00162000,23696.3500
1626297318139000,0,0.01497000,23700.3700
1626297461544000,0,0.00831000,23770.4700
1626297473492000,0,0.00198808,23771.6300
1626297611370000,0,0.00589000,23735.0100
1626297639279000,1,0.00098499,23700.7100
1626298083435000,0,0.00121000,23717.0800
1626298089139000,0,0.00231000,23716.0300
1626298520550000,0,0.01276682,23749.7300
1626298689017000,0,0.00526000,23758.7200
1626298774283000,0,0.00303000,23750.1700
1626299050160000,0,0.00121000,23752.9100
1626299051392000,0,0.08998641,23752.9100
1626299051392000,0,0.05512143,23756.9900
1626299065288000,0,0.00934000,23747.8900
1626299171439000,0,0.01188000,23729.7100
1626299171688000,1,0.00090000,23712.7700
1626299171688000,1,0.00090000,23708.8600
1626299171688000,1,0.00253000,23703.5900
1626299288672000,0,0.00121000,23730.3100
1626299484382000,0,0.00225000,23733.6800
1626299648314000,0,0.00148000,23719.9200
1626299682213000,0,0.00325325,23725.6400
1626299692458000,0,0.07319327,23737.9400
1626299921593000,0,0.03558000,23723.8200
1626300023909000,0,0.00957000,23732.1500
1626300268793000,0,0.01010000,23738.9300
1626300470782000,1,0.00088200,23697.5200
1626300503730000,0,0.00957731,23706.5100
1626300609434000,0,0.08999000,23662.0400
1626300616836000,0,0.00519000,23681.8500
1626300711053000,1,0.01000000,23632.2700
1626300711063000,1,0.08104816,23632.2700
1626300764963000,0,0.00326828,23668.4100
1626300764970000,0,0.00736200,23668.4100
1626300764970000,0,0.00448166,23668.4100
1626300764973000,0,0.00453520,23668.4100
1626300764975000,0,0.00736232,23668.4100
1626300764989000,0,0.00709479,23668.4100
1626300764989000,0,0.00490794,23668.4100
1626300764995000,0,0.00474738,23668.4100
1626300765001000,0,0.00773353,23668.4100
1626300765002000,0,0.00746737,23668.4100
1626300765013000,0,0.00719936,23668.4100
1626300765013000,0,0.00501317,23668.4100
1626300765013000,0,0.00426569,23668.4100
1626300861965000,1,0.00090000,23673.2100
1626301070089000,0,0.04041000,23734.2900
1626301115815000,0,0.00090000,23754.2700
1626301115815000,0,0.00112000,23759.2000
1626301123307000,0,0.00438297,23759.1900
1626301123307000,0,0.00561703,23760.0900
1626301123385000,0,0.00073383,23760.0900
1626301263647000,0,0.00411351,23759.1600
1626301263687000,0,0.00008395,23759.1600
1626301437631000,0,0.00125000,23746.4400
1626301634691000,0,0.01440000,23750.7800
1626301675539000,1,0.01229600,23742.4200
1626301900855000,1,0.00229999,23766.2800
1626301900866000,1,0.00000001,23766.2800
1626302121078000,1,0.00090000,23788.6000
1626302176541000,0,0.00184754,23800.0700
1626302208152000,0,0.04033000,23790.2200
1626302373718000,0,0.00214000,23810.8400
1626302456166000,1,0.01595921,23791.5400
1626302456166000,1,0.01604079,23791.5400
1626302456415000,0,0.00121000,23799.3700
1626302546012000,0,0.00634000,23825.9800
1626302764254000,0,0.00201000,23822.1700
1626302917420000,0,0.00230000,23841.7900
1626302917422000,0,0.00011761,23841.7900
1626303067949000,0,0.00443000,23815.0500
1626303297905000,0,0.01560017,23805.2800
1626303308187000,0,0.17547033,23803.3100
1626303369154000,0,0.00161000,23801.0100
1626303548766000,1,0.00116591,23784.2900
1626304079252000,0,0.00365357,23757.0200
1626304211360000,0,0.00283000,23751.4000
1626304985399000,0,0.00405000,23695.1900
1626305048715000,0,0.00122000,23680.5600
1626305090518000,0,0.00090000,23690.4500
1626305090518000,0,0.00090000,23696.6400
1626305090518000,0,0.00953826,23700.0800
1626305100783000,0,0.01896651,23690.9600
1626305322064000,0,0.02065000,23687.3100
1626305326836000,0,0.00599000,23687.3100
1626305391773000,0,0.00810000,23689.2300
1626305806255000,0,0.00090000,23667.7000
1626305806255000,0,0.00069000,23673.1700
1626305806852000,1,0.00230000,23661.3800
1626305807293000,1,0.00600000,23661.3800
1626305808051000,1,0.00230000,23661.3800
1626305827786000,1,0.02769802,23661.3800
1626305835681000,1,0.09154499,23661.3800
1626305837022000,1,0.09154052,23661.3800
1626305839697000,1,0.09153599,23661.3800
1626305841699000,1,0.09153599,23661.3800
1626305842636000,1,0.00579515,23661.3800
1626305853059000,1,0.09153879,23661.3800
1626305854702000,1,0.09153879,23661.3800
1626305857909000,1,0.09153894,23661.3800
1626305859584000,1,0.01513281,23661.3800
1626305859594000,1,0.00000001,23661.3800
1626306129361000,0,0.04251000,23677.9900
1626306202514000,1,0.01000000,23595.3900
