timestamp ms,type,amount,price
1626307665171000,0,0.12816747,23656.6100
1626307765661000,0,0.00732346,23642.6600
1626307939314000,0,0.00810000,23668.3100
1626308264268000,0,0.00456790,23603.2400
1626308264282000,0,0.03000391,23603.2400
1626308866871000,1,0.00910402,23698.9400
1626308929790000,0,0.00607000,23707.1600
1626309015992000,0,0.00182000,23708.7200
1626309100895000,1,0.00670041,23670.8900
1626309101099000,1,0.00013674,23670.8900
1626309307022000,0,0.02082000,23730.7700
1626309313993000,0,0.00202000,23726.7600
1626309610041000,1,0.01860756,23751.9300
1626309610070000,1,0.00409231,23751.9300
1626309610131000,1,0.00546128,23751.9300
1626309610587000,1,0.00246625,23751.9300
1626309611002000,1,0.00794286,23751.9300
1626309611037000,1,0.00549337,23751.9300
1626309611516000,1,0.00615873,23751.9300
1626309624568000,1,0.00503639,23751.9300
1626309624737000,1,0.00492804,23751.9300
1626309624792000,1,0.01099744,23751.9300
1626309624820000,1,0.01899752,23751.9300
1626309624975000,1,0.00754047,23751.9300
1626309625006000,1,0.00227778,23751.9300
1626309729224000,0,0.06580009,23826.6900
1626310557476000,0,0.00166000,23835.7000
1626310614649000,0,0.01208000,23823.2300
1626310873283000,1,0.00090000,23915.0400
1626310873283000,1,0.00202799,23910.1500
1626310928561000,1,0.00090000,23960.5000
1626310928561000,1,0.33910000,23959.4400
1626310928619000,1,0.00090000,23959.4400
1626310928619000,1,0.00090000,23953.2300
1626310928681000,1,0.04010689,23948.3700
1626310931284000,1,0.01000000,23925.4100
1626310931285000,1,0.00597669,23925.4100
1626311121432000,0,0.00088200,23902.8000
1626311148516000,1,0.00108095,23911.8000
1626311233907000,0,0.00321000,23918.7500
1626311475227000,0,0.00959583,23926.1400
1626311549862000,0,0.01436849,23947.5500
1626311549887000,0,0.00812770,23947.5500
1626311551218000,0,0.00120355,23947.5500
1626311551221000,0,0.00797458,23947.5500
1626311551222000,0,0.00600000,23947.5500
1626311551223000,0,0.00657268,23947.5500
1626311551224000,0,0.00755263,23947.5500
1626311551256000,0,0.13000000,23947.5500
1626311551302000,0,0.01000000,23947.5500
1626311551337000,0,0.36220037,23947.5500
1626311555775000,0,0.34000000,23941.8700
1626311955630000,1,0.02228803,23896.5000
1626311955631000,1,0.19929259,23896.5000
1626311955632000,1,0.08241470,23896.5000
1626311955632000,1,0.03600468,23896.5000
1626311973030000,1,0.02000000,23878.4300
1626312009954000,1,0.00234560,23886.3200
1626312010322000,1,0.00004787,23886.3200
1626312171161000,1,0.05000000,23875.6800
1626312171238000,1,0.02000000,23875.6800
1626312360413000,0,0.00317875,23822.5100
1626312436237000,1,0.00230000,23766.0900
1626312484675000,1,0.09000000,23746.6500
1626312484699000,1,0.03335417,23746.6500
1626312733987000,0,0.01509000,23771.8400
1626312991851000,0,0.00848000,23739.5500
1626313021057000,1,0.00422847,23713.5700
1626314042471000,0,0.02260372,23747.8400
1626314338593000,0,0.02927999,23718.2700
1626314338673000,0,0.00000001,23718.2700
1626314424604000,1,0.09000000,23710.0200
1626314424608000,1,0.00279139,23710.0200
1626315107793000,1,0.09125527,23768.5800
1626315107793000,1,0.34000000,23765.3100
1626315107793000,1,0.09319036,23764.1300
1626315107793000,1,0.34000000,23764.1200
1626315107793000,1,0.09126917,23764.0700
1626315107793000,1,0.00090000,23764.0200
1626315107793000,1,0.03200000,23759.7600
1626315107793000,1,0.01138520,23759.2600
1626315459787000,1,0.00600000,23763.4400
1626315461200000,1,0.02575236,23763.4400
1626315461262000,1,0.06824763,23763.4400
1626316020502000,1,0.00964260,23727.9000
1626316020581000,1,0.00864921,23727.9000
1626316020960000,1,0.00155149,23711.2100
1626316201663000,1,0.00299816,23713.1100
1626316201680000,1,0.00000001,23713.1100
1626317576798000,0,0.01650000,23706.5700
1626317648698000,0,0.00480000,23714.4500
1626317986914000,0,0.00167000,23715.9300
1626318715965000,1,0.00105513,23657.0600
1626319116163000,1,0.14758999,23673.6200
1626319116198000,1,0.14758999,23673.6200
1626319286332000,1,0.00571352,23640.9600
1626319286336000,1,0.00391178,23640.9600
1626319286339000,1,0.04384899,23640.9600
1626319286441000,1,0.00475006,23640.9600
1626319286602000,1,0.03350854,23640.9600
1626319286634000,1,0.09167979,23637.5300
1626319286634000,1,0.09169627,23631.5200
1626319289086000,0,0.09311521,23635.9100
1626319317456000,0,0.00775000,23632.5700
1626319317880000,0,0.01248318,23632.5700
1626319489831000,0,0.08411597,23650.2500
1626319492531000,0,0.00993472,23654.7400
1626319492531000,0,0.02206528,23654.7400
1626320341225000,1,0.09168470,23646.4600
1626320354411000,1,0.02871321,23645.6900
1626320354465000,1,0.06000000,23645.6900
1626320356633000,1,0.05000000,23647.5900
1626320356664000,1,0.05000000,23647.5900
1626320356695000,1,0.01910921,23647.5900
1626320374001000,1,0.03000000,23648.0800
1626320374080000,1,0.03000000,23648.0800
1626320374120000,1,0.01322921,23648.0800
1626320374394000,1,0.04000000,23648.0800
1626320374468000,1,0.03000000,23648.0800
1626320375642000,1,0.03000000,23648.0800
1626320378196000,1,0.06000000,23642.1300
1626320378751000,1,0.34000000,23643.3100
1626320466579000,1,0.22000000,23652.2300
1626320466588000,1,0.01000000,23652.2300
1626320466677000,1,0.05000000,23652.2300
1626320466799000,1,0.06000000,23652.2300
1626320801127000,0,0.07095440,23651.7100
1626320801127000,0,0.02077917,23651.7100
1626320950679000,1,0.04000000,23677.1100
1626320950754000,1,0.04441329,23677.1200
1626320950754000,1,0.01558671,23677.1100
1626320950782000,1,0.18570921,23677.1100
1626320951003000,1,0.03000000,23677.1100
1626320951012000,1,0.02000000,23677.1100
1626320951700000,1,0.02000000,23677.1100
1626321292604000,1,0.02792921,23655.8400
1626321303297000,1,0.00146921,23659.8100
1626321303563000,1,0.00146921,23659.8100
1626321303765000,1,0.00342921,23659.8100
1626321303989000,1,0.09946921,23659.8100
1626321304179000,1,0.01420921,23659.8100
1626321304377000,1,0.00146921,23659.8100
1626321337180000,1,0.23648567,23646.8100
1626321338557000,1,0.25408940,23646.0300
1626321348775000,1,0.08984224,23650.4100
1626321349339000,1,0.00183352,23650.4100
1626321349787000,1,0.00285983,23650.4200
1626321610783000,1,0.06197693,23595.0500
1626321621231000,1,0.00717824,23595.8200
1626321621252000,1,0.00537487,23595.8200
1626321691225000,1,0.00295308,23585.4600
1626321695387000,1,0.00000001,23585.4600
1626323022760000,0,0.00305000,23550.7600
1626323344322000,1,0.00518129,23577.5100
1626323344682000,1,0.01672472,23577.5100
1626323345067000,1,0.01042963,23577.5100
1626323345206000,1,0.00453636,23577.5100
1626323345208000,1,0.00453324,23577.5100
1626323345443000,1,0.00983648,23577.5100
1626323345445000,1,0.00624896,23577.5100
1626323345520000,1,0.44250932,23577.5100
1626323345520000,1,0.49830666,23577.5100
1626323709805000,1,0.01259700,23528.0700
1626323946872000,1,0.00088200,23523.2200
1626324174106000,0,0.00448000,23563.6500
1626324273786000,0,0.01221000,23564.9800
1626324494437000,0,0.01710000,23531.3000
1626324494668000,0,0.00530000,23531.3000
1626324510201000,0,0.00150000,23534.1700
1626324511918000,0,0.00150000,23541.0500
1626324519925000,0,0.34000000,23544.0600
1626324519925000,0,0.09215797,23549.9500
1626324519925000,0,0.09214040,23552.4800
1626324519925000,0,0.00090000,23553.5900
1626324519925000,0,0.03200000,23553.8900
1626324519925000,0,0.09211559,23558.9100
1626324519925000,0,0.00090000,23559.7400
1626324519925000,0,0.52200000,23561.3900
1626324519925000,0,0.09210874,23565.7900
1626324519925000,0,0.00090000,23566.5000
1626324519925000,0,0.09208903,23573.2200
1626324519925000,0,0.23041248,23655.2700
1626324519925000,0,0.40841183,23655.2800
1626324519925000,0,0.09539840,23655.3000
1626324519925000,0,3.09300000,23655.3300
1626324519925000,0,0.09200000,23657.6200
1626324519925000,0,0.31100000,23657.6300
1626324519925000,0,0.96900000,23657.6500
1626324519925000,0,1.98400000,23665.7200
1626324519925000,0,0.08334000,23770.9000
1626324519925000,0,1.92780053,23770.9100
1626324524895000,0,0.00600000,23556.2700
1626324529487000,0,0.09209003,23550.5600
1626324529487000,0,0.02636718,23556.2700
1626324560797000,0,0.09212989,23543.5600
1626324560876000,1,0.09212989,23543.5600
1626324562702000,1,0.09212989,23543.5600
1626324564807000,0,0.31100000,23546.0400
1626324568588000,0,0.09212873,23539.9400
1626324569699000,1,0.09212873,23539.9400
1626324575016000,0,0.09211709,23543.1100
1626324575125000,1,0.09211709,23543.1100
1626324576700000,1,0.09211709,23543.1100
1626324578697000,1,0.03464873,23543.1100
1626324584941000,0,0.05746836,23543.1100
1626324585042000,1,0.09211709,23543.1100
1626324600610000,0,0.09212681,23539.4400
1626324603759000,0,0.01828000,23536.3300
1626324612181000,0,0.09216937,23532.5000
1626324615699000,1,0.09217015,23532.6900
1626324632018000,0,0.09214692,23539.4900
1626324633698000,1,0.09214692,23539.4900
1626324633757000,1,0.12670616,23539.4900
1626324650021000,0,0.02071513,23543.9000
1626324819901000,0,0.01168000,23562.6000
1626324822406000,1,0.31100000,23556.5300
1626324872228000,1,0.00374144,23529.8900
1626325224398000,1,0.00600000,23598.8500
1626325586610000,1,0.09200000,23550.7600
1626325900099000,0,0.04365454,23549.9600
1626325900099000,0,0.01967504,23549.9600
1626326043459000,1,0.09200000,23546.6700
1626326099702000,0,0.00600000,23551.7100
1626326310601000,0,0.07737000,23551.4100
1626326496107000,0,0.00702429,23549.2500
1626326535154000,0,0.00163000,23548.9600
1626326814209000,0,0.00332000,23574.7700
1626326882005000,0,0.00229000,23560.0100
1626326884548000,1,0.00600000,23555.4100
1626326884557000,1,0.08600000,23555.4100
1626326952772000,0,0.00600000,23568.8200
1626327186870000,1,0.04195822,23561.8100
1626327326764000,1,0.00589391,23567.2300
1626327327139000,1,0.08610609,23567.2300
1626327345365000,1,0.03136000,23552.3900
1626327345495000,1,0.00064000,23552.3900
1626327426514000,1,0.09200000,23534.1200
1626327569397000,1,0.09074407,23514.6000
1626327569397000,1,0.03200000,23514.5800
1626327569397000,1,0.08770512,23514.5700
1626327572078000,1,0.00511409,23514.5800
1626327572547000,1,0.00552914,23514.5800
1626327572779000,1,0.00148097,23514.5800
1626327573052000,1,0.00244921,23514.5800
1626327585247000,1,0.05001627,23517.4600
1626328161019000,1,0.00232740,23471.8100
1626328161421000,1,0.00470170,23471.8100
1626328161683000,1,0.00903953,23471.8100
1626328161699000,1,0.00808639,23471.8100
1626328503866000,0,0.01225000,23494.6300
1626328682233000,1,0.00244921,23518.7300
1626328682492000,1,0.11710921,23518.7300
1626328683251000,1,0.06418921,23518.7300
1626328684060000,1,0.00310679,23518.7300
1626328685109000,1,0.00200331,23518.7300
1626328685508000,1,0.00127615,23518.7300
1626328685853000,1,0.14986612,23518.7300
1626328737924000,1,0.04261359,23511.7800
1626328741552000,1,0.29738641,23511.7800
1626328741552000,1,0.03200000,23510.6000
1626328741552000,1,0.32661227,23510.5900
1626328813599000,1,0.60000000,23515.0900
1626328814726000,1,0.34000000,23499.5200
1626328814726000,1,0.03200000,23498.3500
1626328814726000,1,0.06640935,23498.3400
1626328817031000,1,0.16414274,23499.5100
1626328817047000,1,0.16414274,23499.5100
1626328927185000,1,0.03136000,23495.8000
1626328927430000,1,0.00064000,23495.8000
1626329017779000,1,0.03136000,23500.6600
1626329017824000,1,0.00064000,23500.6600
1626329038571000,1,0.00097370,23490.6700
1626329039095000,1,0.00774004,23490.6700
1626329039178000,1,0.02101385,23490.6700
1626329039188000,1,0.00227241,23490.6700
1626329039911000,1,0.02410231,23487.2100
1626329251659000,1,0.00980000,23503.6900
1626329251825000,1,0.02220000,23503.6900
1626329258202000,1,0.03136000,23497.6000
1626329258413000,1,0.00064000,23497.6000
1626329266346000,0,0.02039000,23514.8700
1626329285696000,1,0.03136000,23500.1400
1626329292651000,1,0.00088200,23504.4700
1626329292807000,1,0.00001800,23504.4700
1626329458491000,0,0.00611000,23534.6900
1626329645941000,1,0.03136000,23551.9500
1626329662726000,1,0.03136000,23551.6400
1626329693513000,1,0.03136000,23545.7000
1626329693525000,1,0.00064000,23545.7000
1626329704014000,1,0.03200000,23549.1400
1626329712629000,1,0.03136000,23541.8600
1626329712845000,1,0.00064000,23541.8600
1626329719881000,1,0.03136000,23538.9900
1626329773017000,1,0.03136000,23528.7000
1626329773080000,1,0.00064000,23528.7000
1626330050394000,1,0.03136000,23521.7900
1626330091824000,0,0.00122000,23520.0100
1626330331954000,1,0.00500000,23481.7500
1626330400183000,0,0.09222644,23494.1300
1626330400183000,0,0.09220956,23497.1600
1626330400183000,0,0.09220767,23499.7400
1626330400183000,0,0.08068633,23503.1600
1626330406283000,1,0.00518173,23478.1600
1626330406308000,1,0.00518173,23478.1600
1626330411386000,1,0.03136000,23472.7300
1626330411439000,1,0.00064000,23472.7300
1626330489970000,0,0.01226000,23474.2700
1626330496824000,1,0.01000000,23448.1200
1626330497447000,1,0.02000000,23448.1200
1626330500524000,1,0.03000000,23433.7200
1626330500619000,1,0.00200000,23433.7200
1626330536249000,0,0.00245000,23470.2000
1626330588877000,0,0.00564646,23462.6200
1626330648991000,1,0.03000000,23404.9900
1626330649018000,1,0.00200000,23404.9900
1626330651906000,1,0.03200000,23383.0800
1626330706008000,1,0.02000000,23399.0400
1626330706023000,1,0.02000000,23399.0400
1626330719945000,1,0.09000000,23386.6000
1626330720134000,1,0.00082901,23386.6000
1626330762882000,0,0.00417000,23429.1900
1626330854875000,0,0.06930127,23426.1200
1626330878608000,0,0.00818000,23437.6200
1626330925508000,1,0.09057691,23418.8500
1626330926100000,1,0.00181154,23418.8500
1626330930860000,1,0.00003697,23418.8500
1626330936425000,1,0.09242395,23415.7700
1626330946598000,1,0.01641696,23419.3100
1626330946961000,1,0.00219422,23419.3100
1626331092200000,0,0.02119185,23476.4700
1626331142718000,0,0.00449000,23476.4700
1626332046689000,0,0.08577000,23485.6600
1626332097783000,1,0.04936888,23462.1100
1626332210962000,0,0.00831475,23466.5500
1626332301800000,1,0.04366677,23450.4600
1626332427760000,0,0.00188000,23408.2700
1626332487576000,0,0.00211000,23415.9600
1626333397229000,0,0.00350427,23511.2800
1626333516528000,0,0.01691293,23532.2800
1626333863651000,0,0.00822000,23500.2400
1626333863651000,0,0.02178000,23500.5300
1626333863854000,0,0.02000000,23500.5300
1626333866183000,0,0.01000000,23500.5300
1626333868233000,0,0.01000000,23500.5300
1626333870129000,0,0.09000000,23500.5300
1626333870293000,0,0.02000000,23500.5300
1626333870352000,0,0.02000000,23500.5300
1626333870832000,0,0.01000000,23500.5300
1626333947783000,0,0.34000000,23469.9800
1626333963353000,0,0.00828198,23472.6200
1626333963389000,0,0.00461605,23472.6200
1626334068456000,0,0.00385000,23495.1200
1626334068456000,0,0.03860854,23495.9300
1626334125310000,0,0.12000000,23528.4700
1626334125562000,0,0.05000000,23528.4700
1626334125955000,0,0.00230000,23528.4700
1626334126293000,0,0.06114271,23528.4700
1626334126695000,0,0.00323189,23528.4700
1626334144670000,0,0.09142873,23537.2400
1626334144670000,0,0.00090000,23544.5500
1626334144670000,0,0.00090000,23551.5000
1626334144670000,0,0.09223369,23553.3200
1626334144670000,0,0.00090000,23557.2200
1626334144670000,0,0.09220626,23560.8800
1626334144670000,0,0.00090000,23562.4200
1626334144670000,0,0.13382918,23568.4400
1626334144670000,0,0.00209379,23568.4500
1626334200798000,1,0.00600000,23532.7300
1626334254912000,1,0.00088200,23508.2000
1626334254938000,1,0.00001800,23508.2000
1626334256147000,1,0.17564220,23506.1800
1626334297214000,0,0.00520000,23518.4100
1626334299877000,1,0.01000000,23511.1400
1626334301462000,1,0.08231134,23511.1400
1626334315147000,0,0.00230000,23518.4100
1626334315175000,0,0.00600000,23518.4100
1626334490658000,0,0.01508286,23502.8000
1626334524439000,0,0.00367000,23490.1400
1626334572619000,0,0.00531000,23500.5500
1626334955837000,1,0.01269895,23466.8200
1626335134409000,0,0.01022000,23464.2400
1626335237500000,0,0.02000000,23483.5400
1626335237575000,0,0.00887000,23483.5400
1626335443572000,0,0.00386000,23478.0000
1626335447321000,0,0.02536000,23480.3600
1626335696165000,1,0.00502211,23429.9400
1626335696166000,1,0.00716350,23429.9400
1626335696171000,1,0.01054299,23429.9400
1626335696199000,1,0.00600000,23429.9400
1626335696276000,1,0.00564757,23429.9400
1626335696318000,1,0.00550982,23429.9400
1626335820146000,1,0.15463420,23473.5500
1626335850627000,0,0.01020000,23495.8000
1626335888636000,0,0.00306000,23499.2100
1626335898992000,0,0.00203000,23500.7800
1626336167265000,0,0.00600000,23497.9900
1626336167628000,0,0.06983915,23497.9900
1626336167636000,0,0.00230000,23497.9900
1626336174437000,1,0.00225400,23498.5200
1626336175150000,1,0.00004600,23498.5200
1626336565741000,0,0.00090000,23556.8800
1626336565741000,0,0.00114000,23558.6900
1626336759431000,0,0.28250666,23502.0800
1626336839605000,0,0.00090000,23487.1000
1626336839605000,0,0.00073000,23488.8100
1626337321935000,0,0.03405944,23431.9700
1626337568236000,0,0.00645000,23434.6700
1626337584196000,0,0.00830000,23456.3700
1626337842594000,0,0.00410000,23409.3700
1626337877981000,0,0.00328000,23409.1000
1626338081006000,1,0.00230000,23355.7400
1626338332520000,0,0.00412980,23421.0100
1626338478818000,0,0.01253000,23407.3100
1626338695684000,0,0.01075000,23410.9900
1626338793673000,0,0.00090000,23411.0500
1626338793673000,0,0.04084109,23414.7200
1626338804076000,0,0.00093508,23409.5700
1626338812372000,1,0.00093508,23394.8000
1626338876138000,0,0.05419000,23400.8200
1626338900479000,0,0.01140000,23422.6400
1626338957387000,0,0.00376000,23430.0200
1626339128903000,0,0.00614000,23420.4400
1626339229640000,0,0.00316000,23447.6000
1626339239050000,0,0.09253453,23447.6200
1626339239050000,0,0.03650147,23449.1900
1626339370917000,0,0.00146000,23405.3000
1626339419599000,0,0.00410000,23402.7300
1626339482659000,0,0.00543000,23402.2700
1626339494584000,0,0.00410000,23402.2700
1626339635371000,0,0.01913194,23384.4100
1626339704198000,0,0.00164000,23392.2600
1626339725022000,1,0.05477028,23355.9900
1626339725022000,1,0.09129031,23355.9800
1626339725204000,1,0.24870969,23355.9800
1626339815940000,0,0.34000000,23393.8100
1626339815940000,0,0.00090000,23394.9700
1626339815940000,0,0.07683042,23400.2700
1626339946780000,1,0.00624484,23404.6300
1626340026549000,1,0.00220000,23409.9800
1626340058191000,0,0.00608000,23448.2000
1626340077245000,0,0.00125000,23430.7400
1626340573864000,0,0.01634000,23485.0800
1626340726738000,0,0.00125000,23532.6000
1626340771159000,0,0.34000000,23567.7100
1626340809735000,0,0.00747000,23576.1200
1626340891891000,1,0.03000000,23540.7600
1626340968751000,0,0.02693229,23538.1200
1626341004900000,1,0.09029224,23529.7100
1626341081556000,0,0.06467485,23523.6700
1626341181563000,0,0.00191000,23508.9200
1626341300218000,1,0.09041132,23497.5600
1626341369685000,1,0.00450000,23482.9100
1626341450536000,0,0.00408000,23487.9500
1626341550634000,1,0.00640969,23505.0600
1626341681175000,0,0.10153543,23537.4500
1626341770629000,0,0.01427000,23523.0600
1626341811818000,0,0.00644253,23509.5700
1626341833771000,0,0.00449000,23502.1600
1626341894561000,0,0.01632000,23490.8600
1626341920472000,0,0.01348000,23488.5000
1626342233015000,0,0.15872726,23488.5100
1626342285027000,0,0.00335000,23492.7500
1626342443675000,0,0.00434367,23480.5100
1626342483194000,0,0.00184000,23484.6200
1626342592479000,0,0.34000000,23477.1700
1626342592479000,0,0.09366173,23478.3300
1626342592479000,0,0.08920056,23478.3400
1626342978790000,0,0.00204000,23501.7500
1626342995356000,0,0.04072127,23494.6800
1626343296164000,1,0.17998100,23471.6500
1626343322984000,0,0.00367000,23491.7700
1626343326439000,0,0.00120876,23491.7700
1626343332953000,1,0.09221858,23471.6500
1626343449540000,1,0.09220905,23464.6800
1626343451166000,1,0.09221001,23464.6800
1626343452712000,1,0.09221977,23464.6800
1626343452715000,1,0.06336117,23464.6800
1626343477219000,0,0.09219893,23487.5100
1626343477219000,0,0.00090000,23490.3900
1626343477219000,0,0.09520657,23492.2100
1626343477219000,0,0.09217697,23492.2200
1626343477219000,0,0.00090000,23495.7300
1626343477219000,0,0.09216503,23497.3500
1626343477219000,0,0.14825901,23499.9600
1626343512703000,0,0.02449000,23499.9100
1626343526763000,0,0.00104774,23499.9100
1626343620476000,0,0.00146000,23475.7500
1626343683335000,1,0.09219283,23460.4100
1626343711697000,1,0.09219218,23459.5400
1626343714800000,1,0.09219220,23459.5400
1626343714803000,1,0.09220352,23459.5400
1626343716705000,1,0.09220352,23459.5400
1626343716714000,1,0.09219220,23459.5400
1626343718699000,1,0.09220352,23459.5400
1626343718701000,1,0.09220895,23459.5400
1626343720699000,1,0.09220895,23459.5400
1626343720701000,1,0.06239496,23459.5400
1626343734527000,0,0.00164000,23448.6900
1626343874682000,0,0.06200978,23436.4400
1626343874689000,0,0.03027841,23436.4400
1626343883708000,0,0.00613000,23463.7900
1626343925632000,0,0.00799000,23447.5800
1626344043749000,1,0.09223104,23436.9200
1626344100688000,1,0.33320000,23435.4200
1626344113039000,0,0.00499000,23440.7900
1626344246881000,1,0.02088961,23403.7100
1626344247702000,1,0.16318189,23403.7100
1626344318600000,0,0.00391000,23413.5900
1626344368536000,1,0.00800000,23402.4400
1626344402575000,1,0.00320420,23406.3600
1626344495089000,0,0.01640000,23391.0400
1626344524884000,0,0.22433248,23368.2600
1626344524884000,0,0.20000000,23368.2700
1626344524884000,0,0.09790161,23368.3200
1626344530337000,1,0.23041248,23353.3100
1626344550365000,1,0.00200000,23305.7600
1626344550568000,1,0.00052748,23305.7600
1626344551145000,1,0.44100000,23294.6800
1626344552372000,1,0.05000000,23271.0000
1626344554279000,1,0.00299587,23248.6700
1626344570577000,1,0.34000000,23242.9300
1626344585652000,1,0.31000000,23196.3500
1626344586996000,1,0.03000000,23196.3500
1626344604684000,1,0.34000000,23208.5000
1626344605003000,1,0.09000000,23205.9900
1626344605663000,1,0.00298897,23205.9900
1626344609316000,1,0.34000000,23207.1500
1626344609362000,1,0.00006100,23205.9900
1626344649675000,0,0.01485000,23254.1000
1626344663498000,1,0.03000000,23202.9900
1626344665963000,1,0.15903000,23191.1300
1626344665963000,1,0.03097000,23191.0200
1626344668660000,0,0.00343835,23208.7400
1626344677803000,1,0.02000000,23160.7700
1626344678213000,1,0.00840712,23156.1300
1626344689547000,0,0.01241000,23193.2300
1626344780703000,1,0.00088200,23147.2200
1626344781329000,1,0.00001800,23147.2200
1626344781329000,1,0.00090000,23147.2200
1626344781329000,1,0.00086364,23144.4200
1626344781972000,1,0.00090000,23147.2200
1626344781972000,1,0.00001763,23144.4200
1626344830189000,0,0.09332786,23155.2300
1626344830189000,0,0.00090000,23158.1800
1626344830189000,0,0.09331521,23160.5300
1626344830189000,0,0.00090000,23163.5800
1626344830189000,0,0.01517405,23165.1400
1626344831882000,1,0.00088200,23132.5700
1626344838837000,1,0.26000000,23121.0000
1626344838913000,1,0.00950996,23121.0000
1626344854056000,0,0.09338643,23138.3400
1626344854056000,0,0.08324872,23140.4500
1626344890449000,1,0.00090000,23134.7100
1626344890449000,1,0.00090000,23129.0200
1626344890449000,1,0.00340000,23125.3200
1626345014716000,1,0.09000000,23126.1200
1626345027131000,0,0.00230000,23120.8600
1626345072340000,1,0.21000000,23100.0000
1626345072408000,1,0.00783593,23100.0000
1626345091387000,0,0.00090000,23109.1900
1626345091387000,0,0.00352732,23112.8400
1626345091476000,1,0.00090000,23081.9300
1626345091476000,1,0.00020000,23073.3100
1626345381018000,1,0.09000000,23074.6000
1626345388721000,1,0.03000000,23060.6500
1626345419968000,0,0.00200000,23036.0500
1626345441153000,1,0.00304323,23001.7800
1626345450355000,1,0.09000000,23005.6400
1626345450444000,1,0.00384690,23005.6400
1626345462749000,1,0.00000001,23001.7800
1626345562878000,0,0.00090000,23024.3100
1626345562878000,0,0.09386141,23028.8900
1626345562878000,0,0.00090000,23030.2600
1626345562878000,0,0.13368027,23032.1100
1626345562878000,0,0.03200000,23032.1200
1626345562878000,0,0.26898216,23032.1300
1626345613335000,0,0.00090000,23061.0500
1626345613335000,0,0.02910398,23071.0500
1626345673588000,1,0.01492402,23021.0800
1626345894224000,0,0.00090000,22973.6900
1626345894865000,1,0.00090000,22951.6300
1626345894865000,1,0.00356500,22951.5700
1626345916256000,0,0.00090000,23011.0800
1626345916256000,0,0.01716452,23016.7300
1626345969156000,0,0.00090000,23030.4400
1626345969156000,0,0.00135000,23034.0100
1626345976103000,1,0.00739165,22997.5600
1626345982789000,0,0.00090000,22999.4600
1626345982789000,0,0.00090000,23004.7400
1626345982789000,0,0.09401312,23006.7100
1626345982789000,0,0.09538759,23008.6800
1626345982789000,0,0.00090000,23009.8400
1626345982789000,0,0.09397685,23013.0300
1626345982789000,0,0.23041248,23018.3500
1626345982789000,0,0.01336042,23018.3600
1626346062167000,1,0.00090000,23006.1000
1626346062167000,1,0.23041248,23005.4800
1626346062167000,1,0.01901130,23005.4700
1626346155927000,1,0.15480560,23013.4500
1626346161849000,0,0.00417000,23022.7800
1626346169678000,1,0.08571313,23021.7700
1626346327819000,0,0.00264000,23061.7300
1626346330268000,0,0.02079000,23053.0800
1626346485491000,0,0.00396000,23008.3100
1626346535605000,1,0.03960988,22954.9100
1626346540189000,1,0.00887475,22950.3100
1626346540192000,1,0.00000001,22950.3100
1626346612047000,1,0.00088200,22970.6500
1626346621707000,0,0.01442000,22986.3200
1626346686278000,0,0.00190000,23034.7900
1626346688933000,0,0.01439000,23022.1800
1626346790160000,0,0.00390000,22990.6200
1626346929225000,0,0.01083000,23022.2300
1626347161809000,1,0.00510660,22988.2000
1626347415017000,0,0.00300000,23014.0000
1626347443136000,0,0.00278579,23002.4100
1626347633461000,0,0.00458000,23035.7300
1626347677018000,0,0.00213000,23025.7300
1626347706824000,0,0.00447000,23032.2400
1626347711751000,0,0.01999000,23026.7000
1626347790455000,0,0.34000000,23004.1600
1626347790455000,0,0.09407036,23005.3000
1626347790455000,0,0.03359233,23010.5700
1626347896449000,0,0.04241119,23024.1700
1626347896533000,0,0.04112601,23024.1800
1626347896860000,0,0.04241119,23024.1600
1626347897022000,0,0.01402054,23024.1600
1626347897106000,0,0.06168901,23024.1500
1626347897285000,0,0.02968783,23024.1600
1626347907684000,1,0.00134920,22989.9700
1626348001195000,0,0.00208000,22990.8300
1626348038880000,0,0.00877000,22972.4800
1626348060303000,0,0.00334000,22993.1100
1626348189477000,1,0.09000000,22964.5500
1626348189526000,1,0.01000000,22964.5500
1626348238164000,0,0.00424784,22997.1400
1626348238619000,0,0.00133000,23005.4200
1626348248398000,0,0.00140050,22989.5700
1626348256589000,0,0.00739000,22985.6500
1626348281301000,0,0.00417000,22970.8500
1626348300367000,1,0.00303685,22934.8700
1626348300383000,1,0.00000001,22934.8700
1626348337569000,0,0.00149000,22989.4100
1626348481831000,0,0.00340000,22995.3100
1626348513973000,0,0.00125000,22985.4800
1626348681256000,0,0.00632000,23008.8100
1626348695781000,0,0.01501000,23001.9200
1626348740385000,0,0.01251000,23008.2900
1626348756374000,0,0.03377000,23005.9200
1626348849959000,0,0.02082000,23028.5100
1626348879353000,0,0.00206143,23032.2600
1626348981686000,0,0.00878000,23019.4200
1626349035919000,0,0.00833000,23029.7000
1626349078669000,0,0.00729000,23017.9000
1626349095065000,1,0.00090512,23000.0000
1626349095270000,1,0.00266226,23000.0000
1626349095599000,1,0.82110493,23000.0000
1626349144369000,0,0.00391000,23030.0000
1626349179695000,0,0.09404610,23030.7000
1626349179695000,0,0.10789192,23033.4400
1626349179695000,0,0.03701314,23033.4500
1626349179695000,0,0.09407718,23033.4700
1626349179695000,0,0.08352374,23035.8700
1626349189907000,0,0.09405344,23027.4100
1626349189907000,0,0.02477955,23029.5500
1626349200252000,0,0.04267913,23028.1000
1626349267602000,0,0.01583000,23021.8000
1626349390589000,1,0.06739605,23013.5300
1626349500906000,1,0.02073551,23018.3500
1626349618006000,0,0.00424000,23063.1900
1626349635628000,0,0.17757663,23051.4000
1626349721481000,0,0.34000000,23082.9600
1626349721481000,0,0.09387727,23084.1200
1626349721481000,0,0.03200000,23085.0000
1626349721481000,0,0.09386368,23087.4700
1626349721481000,0,0.09384965,23090.7400
1626349721481000,0,0.00090000,23094.7100
1626349721481000,0,0.19268701,23104.6100
1626349754646000,1,0.00795611,23059.1200
1626349810371000,0,0.00398000,23081.6600
1626349821496000,1,0.23041248,23072.0100
1626349821496000,1,0.76958752,23072.0000
1626349822424000,1,0.00400920,23072.0000
1626349825510000,1,0.00772080,23072.0000
1626349825640000,1,0.00600000,23072.0000
1626349825990000,1,0.01386372,23072.0000
1626349826053000,1,0.09384757,23072.0000
1626349826272000,1,0.01575277,23072.0000
1626349826273000,1,0.01435030,23072.0000
1626349826274000,1,0.02095801,23072.0000
1626349826277000,1,0.01904511,23072.0000
1626349826359000,1,0.03486499,23072.0000
1626349833800000,1,0.00000001,23072.0000
1626349961863000,0,0.00855468,23030.4000
1626349997771000,0,0.09404131,23014.3800
1626349997771000,0,0.09402762,23017.8200
1626349997771000,0,0.06266095,23021.1400
1626350033485000,0,0.02162140,23010.0700
1626350036473000,1,0.00674841,23000.0000
1626350036475000,1,0.00438688,23000.0000
1626350036492000,1,0.00205457,23000.0000
1626350050683000,0,0.00521000,23017.5400
1626350072137000,0,0.00143861,23013.7300
1626350132423000,1,0.09410039,23004.9000
1626350136105000,1,0.09409798,23004.9000
1626350136513000,1,0.00542077,23004.9000
1626350139980000,1,0.00638086,23004.9000
1626350289469000,0,0.01250000,23007.2700
1626350289922000,0,0.00453000,23003.8300
1626350302690000,1,0.01447209,22994.7500
1626350352934000,1,0.00224981,22981.3700
1626350407345000,1,0.02000000,22967.4200
1626350410659000,1,0.01000000,22961.3700
1626350488248000,1,0.03200000,22944.4700
1626350497657000,1,0.02000000,22902.8900
1626350497717000,1,0.01200000,22902.8900
1626350497717000,1,0.15800000,22902.6600
1626350497737000,1,0.18200000,22902.6600
1626350498409000,1,0.18168632,22901.5200
1626350580154000,0,0.00600000,22979.4900
1626350580291000,0,0.08666570,22979.4900
1626350674877000,1,0.00088200,23143.5400
1626350674944000,1,0.00001800,23143.5400
1626350680373000,1,0.00088200,23141.4700
1626350681796000,1,0.02123775,23132.2500
1626350683588000,1,0.00089824,23136.4400
1626350685116000,1,0.33496572,23138.9700
1626350687137000,1,0.00088200,23144.0000
1626350690959000,0,0.00090000,23153.5700
1626350690959000,0,0.00090000,23160.2900
1626350690959000,0,0.00636175,23164.6000
1626350692297000,1,0.33320172,23137.5900
1626350692441000,1,0.00000176,23136.4400
1626350693819000,0,0.00090000,23158.8800
1626350693819000,0,0.09354388,23161.0700
1626350693819000,0,0.21501691,23164.6000
1626350697359000,1,0.02136619,23127.1300
1626350790351000,0,0.00541000,23034.2800
1626350794094000,1,0.01003250,23004.6900
1626350843757000,1,0.05197947,22984.1500
1626350843817000,1,0.02807722,22984.1500
1626350844135000,1,0.00600000,22984.1500
1626350844671000,1,0.01394330,22984.1500
1626350844675000,1,0.00000001,22984.1500
1626350945173000,1,0.00090000,22990.3700
1626350945173000,1,0.06673816,22987.5900
1626351182988000,0,0.00419000,22899.6400
1626351221858000,1,0.17739853,22800.0100
1626351221858000,1,0.02192982,22800.0000
1626351221858000,1,0.27067165,22800.0000
1626351221904000,1,0.23932835,22800.0000
1626351312664000,1,0.25548566,22876.5900
1626351351284000,1,0.00090000,22916.1400
1626351351284000,1,0.07860000,22911.3800
1626351475423000,1,0.00088200,22987.1200
1626351609365000,0,0.02086000,22987.1500
1626351726806000,0,0.01698452,22947.1300
1626351807572000,0,0.01868995,22968.1700
1626351811262000,0,0.00209000,22968.1700
1626351898120000,0,0.00417000,22984.4400
1626351960460000,0,0.00090000,22950.9000
1626351960460000,0,0.00311000,22955.0000
1626351980690000,0,0.00090000,22944.7200
1626351980690000,0,0.02749000,22950.0900
1626352075020000,1,0.01000000,22915.7000
1626352153468000,0,0.01432000,22902.9100
1626352228700000,0,0.08559196,22932.4000
1626352262457000,1,0.00088200,22940.7700
1626352262972000,1,0.00090000,22934.5200
1626352318975000,0,0.00928729,22932.8500
1626352369199000,1,0.00491616,22905.8900
1626352649828000,0,0.00154598,22897.0900
1626352760136000,0,0.14291739,22880.6800
1626352833115000,0,0.06198158,22876.3100
1626352927451000,1,0.00230000,22842.9800
1626352930722000,1,0.02844384,22828.2600
1626352930722000,1,0.00965186,22828.2500
1626352984368000,0,0.00268000,22882.3300
1626353231945000,0,0.00296162,22857.9300
1626353287071000,0,0.04187000,22904.0500
1626353362720000,0,0.00797538,22876.2100
1626353381445000,0,0.00372000,22901.9100
1626353392999000,0,0.00797538,22880.7500
1626353448581000,0,0.00321000,22893.5700
1626353502942000,0,0.01889000,22884.7600
1626353502984000,0,0.00335000,22884.7600
1626353603118000,1,0.00088200,22913.7300
1626353607913000,1,0.00088200,22917.0600
1626353607950000,1,0.00001800,22917.0600
1626353612573000,1,0.00088200,22918.7700
1626353619364000,1,0.00088200,22918.4400
1626353619386000,1,0.00001800,22918.4400
1626353628969000,0,0.00090000,22931.5500
1626353628969000,0,0.01792000,22936.6100
1626353650501000,0,0.00090000,22926.1000
1626353650501000,0,0.09448821,22928.4200
1626353650501000,0,0.03200000,22931.5400
1626353650501000,0,0.00090000,22931.5500
1626353650501000,0,0.02398645,22932.6700
1626353730917000,0,0.01884000,22937.6700
1626353761502000,0,0.00095433,22937.5100
1626353764012000,1,0.09443363,22920.9800
1626353764012000,1,0.09443743,22917.0900
1626353764012000,1,0.00090000,22913.5200
1626353764012000,1,0.03200000,22912.7800
1626353764012000,1,0.00622894,22912.7700
1626353769949000,0,0.00251000,22939.3400
1626353770113000,1,0.00095433,22924.0500
1626353770821000,0,0.01045000,22937.0400
1626353874292000,0,0.00154716,22915.1500
1626353895977000,0,0.34000000,22924.5000
1626353924560000,0,0.10656796,22946.7000
1626353943150000,0,0.00299000,22932.1300
1626353944777000,0,0.17050874,22937.4000
1626354154636000,0,0.00356000,22881.6200
1626354195145000,1,0.03000000,22880.9700
1626354245382000,1,0.00452469,22873.3300
1626354344255000,0,0.00409000,22923.7800
1626354407764000,0,0.04180000,22944.1100
1626354408242000,0,0.00125000,22942.9600
1626354478820000,0,0.00209000,22957.3300
1626354502088000,0,0.00445790,22950.2500
1626354576579000,0,0.00191606,22924.9000
1626354837660000,0,0.02766771,22919.2200
1626354937853000,0,0.00209000,22924.4900
1626354981518000,0,0.04187000,22909.1000
1626354987929000,1,0.00300000,22889.6500
1626355008314000,1,0.08447558,22882.8200
1626355027376000,0,0.00086921,22894.2700
1626355328880000,0,0.00419000,22906.9800
1626355333572000,1,0.00088200,22887.6900
1626355352329000,1,0.00090000,22871.9900
1626355352329000,1,0.00021335,22865.1900
1626355364363000,1,0.04000000,22867.4800
1626355364375000,1,0.07000000,22867.4800
1626355364409000,1,0.02827634,22867.4800
1626355364577000,1,0.01000000,22867.4800
1626355373943000,0,0.08628000,22893.9600
1626355377870000,1,0.03000000,22878.7500
1626355377906000,1,0.03000000,22878.7500
1626355378047000,1,0.03062077,22878.7500
1626355378272000,1,0.09000000,22878.7500
1626355378780000,1,0.02000000,22878.7500
1626355448821000,0,0.00090000,22876.0200
1626355448821000,0,0.00765000,22881.1800
1626355492894000,1,0.12105332,22854.6600
1626355508071000,1,0.02000000,22859.4100
1626355508220000,1,0.04000000,22859.4100
1626355508250000,1,0.00710371,22859.4100
1626355508315000,1,0.03000000,22859.4100
1626355508784000,1,0.16000000,22859.4100
1626355509447000,1,0.02000000,22859.4100
1626355510128000,1,0.06289629,22859.4100
1626355512285000,1,0.01000000,22855.4800
1626355512362000,1,0.09412549,22855.4800
1626355512362000,1,0.23587451,22855.4800
1626355518302000,1,0.04000000,22848.5600
1626355518378000,1,0.03000000,22848.5600
1626355518380000,1,0.27000000,22848.5600
1626355526037000,1,0.01000000,22843.5300
1626355526727000,1,0.12000000,22843.5300
1626355527252000,1,0.02000000,22843.5300
1626355527279000,1,0.03000000,22843.5300
1626355527300000,1,0.03000000,22843.5300
1626355527465000,1,0.06354534,22843.5300
1626355527477000,1,0.01000000,22843.5300
1626355527504000,1,0.05645466,22843.5300
1626355531310000,1,0.02000000,22835.8700
1626355531351000,1,0.06000000,22835.8700
1626355532156000,1,0.02000000,22835.8700
1626355532781000,1,0.01000000,22819.5800
1626355534237000,1,0.00400000,22796.8900
1626355534237000,1,0.08600000,22787.6000
1626355535136000,1,0.00230000,22779.5500
1626355536661000,1,0.00029688,22779.5500
1626355537409000,1,0.03000000,22750.0000
1626355537423000,1,0.00500000,22750.0000
1626355569652000,0,0.00090000,22778.4600
1626355569652000,0,0.00542000,22782.6200
1626355569733000,1,0.34000000,22747.1500
1626355570167000,0,0.00273000,22781.4700
1626355619049000,1,0.00090000,22797.5100
1626355619049000,1,0.00090000,22792.8100
1626355619049000,1,0.00090000,22787.6400
1626355619049000,1,0.10930000,22786.2900
1626355641434000,0,0.00443414,22921.6900
1626355644921000,0,0.01891234,22945.2500
1626355644994000,0,0.00000001,22945.2500
1626355653445000,0,0.01000000,22987.5600
1626355653486000,0,0.00179999,22987.5600
1626355653486000,0,0.00054600,22987.5600
1626355850324000,0,0.00125000,22935.9200
1626355875622000,0,0.04171000,22992.6300
1626355904990000,0,0.00657000,22994.8600
1626355909276000,0,0.00230000,22991.4000
1626355911532000,0,0.02467000,23010.5500
1626355943418000,0,0.00454000,23029.5900
1626355965913000,1,0.00090000,23005.8900
1626355965913000,1,0.00089999,23003.0100
1626355965917000,1,0.00000001,23003.0100
1626356003482000,0,0.00090000,23020.2500
1626356003482000,0,0.00317000,23024.5900
1626356038984000,0,0.00292000,23015.8100
1626356056773000,0,0.01409000,23000.1300
1626356100230000,1,0.02099159,22973.5700
1626356160021000,0,0.00173084,22994.5100
1626356180206000,0,0.21331710,23006.6600
1626356180206000,0,0.11626653,23006.6700
1626356210399000,0,0.00601000,23003.9500
1626356255284000,0,0.00090000,22973.7900
1626356255284000,0,0.04085000,22977.7200
1626356467035000,0,0.00090000,22962.6400
1626356467035000,0,0.00035000,22968.0700
1626356530310000,0,0.01252000,22985.7800
1626356531184000,0,0.02850582,22985.7800
1626356551392000,0,0.00216984,22968.1800
1626356629113000,0,0.00090000,22931.2000
1626356629113000,0,0.00035000,22934.1000
1626356631610000,0,0.04887438,22934.1000
1626356700805000,1,0.00088200,22922.2800
1626356734151000,1,0.00088200,22905.3000
1626356742255000,0,0.04223008,22923.4300
1626356889381000,1,0.00088200,22953.2800
1626356889566000,1,0.00001800,22953.2800
1626356904568000,1,0.00090000,22949.0700
1626356904568000,1,0.01910000,22943.3500
1626356972260000,0,0.00313000,22985.6100
1626356979499000,0,0.01043000,22988.0200
1626357123796000,0,0.00656000,23008.7000
1626357233300000,0,0.34000000,22996.1300
1626357233300000,0,0.06368562,22997.2700
1626357353543000,1,0.00228590,23019.1400
1626357388582000,1,0.03200000,23002.2400
1626357494690000,0,0.05193000,23000.1500
1626357517199000,1,0.00584419,22981.8500
1626357517214000,1,0.01787961,22981.8500
1626357517687000,1,0.01057537,22981.7900
1626357534597000,1,0.00230000,22981.7900
1626357542930000,1,0.20031472,22981.9900
1626357542964000,1,0.00408806,22981.9900
1626357574579000,1,0.05142189,22981.8200
1626357574664000,1,0.00388979,22981.8200
1626357574833000,1,0.05142189,22981.8200
1626357574853000,1,0.09601175,22981.8200
1626357627059000,1,0.01165053,22981.7900
1626357629344000,1,0.00230000,22981.7900
1626357629400000,1,0.00566634,22981.7900
1626357629402000,1,0.00244593,22981.7900
1626357629451000,1,0.01469061,22981.7900
1626357629457000,1,0.00909688,22981.7900
1626357629469000,1,0.00560582,22981.7900
1626357629493000,1,0.00542693,22981.7900
1626357629496000,1,0.00724658,22981.7900
1626357629837000,1,0.01499124,22981.7900
1626357629887000,1,0.01116940,22981.7900
1626357629976000,1,0.49683437,22981.7900
1626357744524000,1,0.16394427,22988.1600
1626357807922000,1,0.00088200,23004.9400
1626357817605000,1,0.00090000,23006.5600
1626357817605000,1,0.00090000,23004.9500
1626357817605000,1,0.00001800,23004.9400
1626357817605000,1,0.00090000,23000.7800
1626357817605000,1,0.04728200,22995.0700
1626357818209000,1,0.00225400,23009.3900
1626358055765000,0,0.02912397,22988.9200
1626358090394000,0,0.01458000,23016.7100
1626358230786000,0,0.00090000,23036.5300
1626358230786000,0,0.00090000,23045.7000
1626358230786000,0,0.00245000,23046.1200
1626358328729000,0,0.01129000,23017.0500
1626358335662000,0,0.00090000,23013.0700
1626358335662000,0,0.00077000,23017.0500
1626358368831000,0,0.00600000,22995.5800
1626358425830000,0,0.00090000,23004.4600
1626358425830000,0,0.02480922,23007.9600
1626358425934000,0,0.00090000,23004.6500
1626358425934000,0,0.00012836,23007.9600
1626358546229000,0,0.00090000,22989.9800
1626358546229000,0,0.00090000,22995.4200
1626358546229000,0,0.00891835,23000.2900
1626358570642000,0,0.02163780,22989.2900
1626358728672000,1,0.06599084,22958.9200
1626358728880000,0,0.00626000,22978.9900
1626359067716000,0,0.00104401,22951.5300
1626359082826000,0,0.01613000,22960.5500
1626359157978000,1,0.00104401,22923.3900
1626359178457000,0,0.00090000,22936.6400
1626359178457000,0,0.00129000,22938.6200
1626359494267000,1,0.00088200,22906.8300
1626359551127000,1,0.09000000,22894.7100
1626359551170000,1,0.00449882,22894.7100
1626359551830000,1,0.05000000,22890.8300
1626359551847000,1,0.04000000,22890.8300
1626359558922000,0,0.08522893,22915.6300
1626359639166000,0,0.06195606,22900.0000
1626359648996000,0,0.00586000,22914.9700
1626359689280000,1,0.00090000,22915.4200
1626359689280000,1,0.00086400,22915.4100
1626359689304000,1,0.00003600,22915.4100
1626359739442000,0,0.07383252,22941.2100
1626359799658000,0,0.07382807,22960.1300
1626359839867000,0,0.14768849,22975.5300
1626359950776000,0,0.00090000,22954.6500
1626359950776000,0,0.00328000,22955.8500
1626360009559000,0,0.00607000,23024.2800
1626360247867000,0,0.00213000,22976.3300
1626360271785000,0,0.23875339,22981.1600
1626360391260000,1,0.01043000,22970.5800
1626360591550000,0,0.01656434,22966.0500
1626360734725000,0,0.00751000,22989.7500
1626360842124000,0,0.09631973,22993.3100
1626360854615000,0,0.00292000,22989.4300
1626360877198000,0,0.01018000,22999.6900
1626360962749000,0,0.00390984,22977.6600
1626361058729000,1,0.33320000,22915.1800
1626361090825000,0,0.00186000,22942.8700
1626361103630000,0,0.07746358,22942.8700
1626361123828000,1,0.00138974,22920.2100
1626361131487000,0,0.01673000,22936.3800
1626361194038000,0,0.03152983,22935.8100
1626361200536000,0,0.01675000,22931.6300
1626361200666000,0,0.00858000,22931.6300
1626361232708000,0,0.00251000,22909.8100
1626361242680000,0,0.04311000,22913.0600
1626361314014000,0,0.06499949,22962.1800
1626361316176000,0,0.00292000,22962.1800
1626361540038000,0,0.00251000,22909.8300
1626361579623000,0,0.02650529,22916.4100
1626361659456000,1,0.04000000,22916.8600
1626361665525000,1,0.01000000,22916.8600
1626361665939000,1,0.01791949,22916.8600
1626361665939000,1,0.00208051,22916.8500
1626361666411000,1,0.01000000,22916.8500
1626361666493000,1,0.03000000,22916.8500
1626361684997000,0,0.05632938,22919.0900
1626361736953000,0,0.00167000,22934.3800
1626361747528000,1,0.02000000,22920.3700
1626361747528000,1,0.01000000,22920.3700
1626361747775000,1,0.07000000,22920.3700
1626361747872000,1,0.02000000,22920.3700
1626361748451000,1,0.10000000,22920.3700
1626361749024000,1,0.02000000,22920.3700
1626361749713000,1,0.02000000,22920.3700
1626361775281000,1,0.02257050,22900.8900
1626361865502000,1,0.00588272,22924.2500
1626361928383000,0,0.02298000,22953.9000
1626362003892000,0,0.09434305,22955.5100
1626362003892000,0,0.12237801,22956.9600
1626362028340000,0,0.00543000,22955.5100
1626362166255000,0,0.00206339,22936.7700
1626362226499000,0,0.00206352,22951.1200
1626362277539000,0,0.01754000,22956.7900
1626362344132000,1,0.00350000,22936.5800
1626362356749000,0,0.00090000,22976.5000
1626362356749000,0,0.01612280,22981.2200
1626362512469000,1,0.00471504,22956.9300
1626362620783000,0,0.00334000,22979.2800
1626362649206000,0,0.00376000,22965.4800
1626362678288000,0,0.01231000,22981.9000
1626362688119000,0,0.00206053,22978.4600
1626362698316000,1,0.02042619,22965.5200
1626362698808000,1,0.04000000,22965.5200
1626362778534000,1,0.00120300,22937.3900
1626362843591000,0,0.00836000,22952.1100
1626362911344000,0,0.01350000,22953.3400
1626363069340000,0,0.00351000,22931.5100
1626363239885000,0,0.12817350,22919.1100
1626363254277000,0,0.00214000,22913.5000
1626363415420000,0,0.00126000,22892.4300
1626363440322000,1,0.00406773,22876.8600
1626363457908000,0,0.00210000,22888.5600
1626363510549000,0,0.15769586,22899.7300
1626363547588000,0,0.00399000,22912.1200
1626363609813000,0,0.03881000,22904.2700
1626363634303000,0,0.00837000,22919.8200
1626363660036000,0,0.00209000,22917.9600
1626363730160000,0,0.00375000,22912.7600
1626363731739000,0,0.00310000,22912.7600
1626363744020000,0,0.00726000,22903.6400
1626363751180000,0,0.12798971,22903.6300
1626363761440000,0,0.03162452,22899.5100
1626363791939000,1,0.00091578,22855.1900
1626363832898000,0,0.00128000,22886.8700
1626363878559000,1,0.09458127,22883.5800
1626363878869000,1,0.01000000,22879.8100
1626363878956000,1,0.09000000,22879.8100
1626363878969000,1,0.24000000,22879.8100
1626363878969000,1,0.09041178,22878.6800
1626363879218000,1,0.09000000,22878.6700
1626363879329000,1,0.00458532,22878.6700
1626363879909000,1,0.03000000,22874.9600
1626363919620000,0,0.11000000,22903.8100
1626363919671000,0,0.00455161,22903.8100
1626363926102000,0,0.34000000,22917.0700
1626363939618000,0,0.34000000,22908.0300
1626363943801000,0,0.16000000,22914.1000
1626363962243000,0,0.09454047,22913.9800
1626363962243000,0,0.27623409,22914.5300
1626363981104000,0,0.01568000,22917.2900
1626363985387000,0,0.02254000,22917.2700
1626363987216000,0,0.00181201,22919.5500
1626363989553000,0,0.00285278,22919.5600
1626363989807000,0,0.00136808,22917.2700
1626364022684000,1,0.09000000,22893.2700
1626364022696000,1,0.00452342,22893.2700
1626364023829000,1,0.04000000,22884.6700
1626364024035000,1,0.02000000,22884.6700
1626364142743000,1,0.00095000,22896.9500
1626364182997000,0,0.03162833,22906.9600
1626364223593000,0,0.00548000,22924.2300
1626364240727000,0,0.00770000,22926.5000
1626364422182000,0,0.00214000,22891.2600
1626364621094000,0,0.02303927,22885.2700
1626364654524000,0,0.01322566,22892.4500
1626364673502000,0,0.02067000,22896.1900
1626364704789000,0,0.00219430,22900.6900
1626364714998000,1,0.00206617,22878.1000
1626364767773000,0,0.01676000,22893.6900
1626364805433000,0,0.00253875,22879.6100
1626364812862000,0,0.00848838,22880.6700
1626364874392000,0,0.00402000,22899.3000
1626364972524000,0,0.00419000,22900.0300
1626364986516000,0,0.00993860,22915.2600
1626365066936000,0,0.10870197,22920.3800
1626365081594000,1,0.00300000,22899.3700
1626365277202000,0,0.10888024,22861.0700
1626365282379000,0,0.01919045,22838.1600
1626365282380000,0,0.00641725,22838.1600
1626365292246000,0,0.01241000,22873.1100
1626365297723000,0,0.01149283,22880.7700
1626365307414000,1,0.00090000,22872.9400
1626365307414000,1,0.00084475,22865.9500
1626365411339000,0,0.01675000,22898.9500
1626365460533000,0,0.00154000,22893.6400
1626365498108000,1,0.00090000,22871.0100
1626365498108000,1,0.00019045,22865.7800
1626365547054000,0,0.00901000,22876.6500
1626365548335000,0,0.08525865,22876.6500
1626365712954000,0,0.00126000,22840.3600
1626365783856000,1,0.00090000,22828.6700
1626365783856000,1,0.00107832,22821.9200
1626365802469000,0,0.00429000,22842.1700
1626365889132000,0,0.03362000,22821.8200
1626366047960000,0,0.00090000,22814.6000
1626366047960000,0,0.01717000,22818.7100
1626366080283000,1,0.00300000,22781.1300
1626366163621000,0,0.00090000,22858.1100
1626366163621000,0,0.00105500,22860.2100
1626366306072000,1,0.00090000,22829.5800
1626366430923000,1,0.00090000,22837.5100
1626366430923000,1,0.00129230,22833.8500
1626366581571000,0,0.14286000,22826.3100
1626366713078000,0,0.00090000,22796.3600
1626366713078000,0,0.02813000,22799.1600
1626366786921000,1,0.00619677,22780.3700
1626366786925000,1,0.01808943,22780.3700
1626366788008000,1,0.00632382,22780.3700
1626366788029000,1,0.00847203,22780.3700
1626366789414000,1,0.00230000,22780.3900
1626366789846000,1,0.01322049,22780.3800
1626366790685000,1,1.06113439,22780.3800
1626366790700000,1,0.02165580,22780.3800
1626366790930000,1,0.00600000,22780.3700
1626366791257000,1,0.00435322,22780.3700
1626366791258000,1,0.00659892,22780.3700
1626366791268000,1,0.00705165,22780.3700
1626366792050000,1,0.01967876,22780.3700
1626366792073000,1,0.01723540,22780.3700
1626366819774000,0,0.00168000,22854.0900
1626367092699000,0,0.01808299,22835.2600
1626367123497000,0,0.00168000,22838.7100
1626367223289000,0,0.00248768,22845.5600
1626367262216000,0,0.00210000,22842.7500
1626367446541000,0,0.00823678,22882.7200
1626367570344000,0,0.00858000,22917.0300
1626367581529000,0,0.02093000,22912.6900
1626367694987000,0,0.00170660,22872.4400
1626367765478000,0,0.04802678,22836.6600
1626367878707000,1,0.00088200,22830.7300
1626367879159000,1,0.00001800,22830.7300
1626367879810000,1,0.00088200,22828.7600
1626367879840000,1,0.00001800,22828.7600
1626367882634000,1,0.00088200,22830.0300
1626368035247000,0,0.00090000,22830.2700
1626368035247000,0,0.00130000,22831.5700
1626368062940000,0,0.00401000,22802.6200
1626368115667000,0,0.01005000,22803.3800
1626368146169000,0,0.03000000,22820.0400
1626368147006000,0,0.14000000,22819.3600
1626368147059000,0,0.20000000,22819.3600
1626368148216000,0,0.58996000,22822.2900
1626368205166000,0,0.00597000,22815.9900
1626368254448000,0,0.20537428,22830.2200
1626368274562000,0,0.00090000,22829.4600
1626368274562000,0,0.00144000,22830.5300
1626368286744000,0,0.02906231,22827.7400
1626368407198000,0,0.09137916,22846.6800
1626368408816000,0,0.00315000,22834.8800
1626368620829000,0,0.02144000,22806.7000
1626368795194000,0,0.00126000,22817.8300
1626368813374000,1,0.00088200,22805.0500
1626368813702000,1,0.00001800,22805.0500
1626368822219000,1,0.00088200,22808.1600
1626368864846000,0,0.00425000,22792.8100
1626368888633000,0,0.00124444,22781.2200
1626368966168000,1,0.02000000,22749.1400
1626368966541000,1,0.00230000,22736.3000
1626368966615000,1,0.15000000,22725.0000
1626368984979000,1,0.01000000,22620.0000
1626368985154000,1,0.00100000,22620.0000
1626369049215000,0,0.03201262,22633.3200
1626369051770000,1,0.00399999,22599.0400
1626369051981000,1,0.00000001,22599.0400
1626369052085000,1,0.00824428,22579.0600
1626369052085000,1,0.00090000,22573.2300
1626369052085000,1,0.02585572,22570.2800
1626369116317000,0,0.00230000,22663.0400
1626369127723000,0,0.00230000,22675.0000
1626369128733000,0,0.01244000,22692.9000
1626369138411000,0,0.00208260,22692.7400
1626369181930000,1,0.00208260,22662.6500
1626369237178000,0,0.00205935,22686.7000
1626369368115000,0,0.01618000,22672.7900
1626369401451000,0,0.00651000,22640.1200
1626369418109000,0,0.01618000,22674.8400
1626369450896000,0,0.00094890,22648.6100
1626369536465000,0,0.00608000,22612.1200
1626369631213000,1,0.01000000,22568.3600
1626369631660000,0,0.00200000,22568.2200
1626369636358000,1,0.00230000,22554.0600
1626369657904000,0,0.34000000,22629.4400
1626369657904000,0,0.18479591,22630.5700
1626369657904000,0,0.34000000,22630.5800
1626369657904000,0,0.09222698,22637.4100
1626369657904000,0,0.00621092,22638.5600
1626369713087000,1,0.00336179,22643.7000
1626369713749000,1,0.08859121,22643.7000
1626369714391000,1,0.00177182,22643.7000
1626369776314000,1,0.00205935,22626.4400
1626369787386000,0,0.00927521,22639.0000
1626369787393000,0,0.00293177,22639.0000
1626369787395000,0,0.07133956,22639.0000
1626369787402000,0,0.01240821,22639.0000
1626369788728000,1,0.00229999,22639.6300
1626369788742000,1,0.00000001,22639.6300
1626369902594000,0,0.00090000,22649.6100
1626369902594000,0,0.08631000,22652.9000
1626369909955000,0,0.00400000,22662.2900
1626369911643000,0,0.00090000,22664.3100
1626369911643000,0,0.09392347,22664.5200
1626369969622000,0,0.01307000,22674.0000
1626370090425000,0,0.02115000,22673.3800
1626370092516000,0,0.01077285,22673.3800
1626370142055000,0,0.18319140,22674.0000
1626370145630000,0,0.00366383,22674.0000
1626370145649000,0,0.00007477,22674.0000
1626370230015000,0,0.00237000,22704.8700
1626370233019000,0,0.02369112,22706.0000
1626370237377000,0,0.00912067,22706.0000
1626370237380000,0,0.01589078,22706.0000
1626370237400000,0,0.15129743,22706.0000
1626370339247000,1,0.09687674,22727.3400
1626370339254000,1,0.00279264,22727.3400
1626370413681000,0,0.00090000,22743.2800
1626370413681000,0,0.05406702,22744.6000
1626370416431000,1,0.02360095,22724.9000
1626370673878000,1,0.23000000,22643.7700
1626370674395000,0,0.05797796,22659.3000
1626370720422000,0,0.09000000,22659.2500
1626370730089000,0,0.00090000,22687.9800
1626370730089000,0,0.01071706,22693.3300
1626370735610000,0,0.00145340,22670.8800
1626370857287000,0,0.00339000,22663.1100
1626370924913000,0,0.00258644,22661.2300
1626370975919000,1,0.09076923,22651.2200
1626370976142000,1,0.00185243,22651.2200
1626371095310000,0,0.00127000,22662.4100
1626371123441000,0,0.01900000,22647.8800
1626371171744000,0,0.04361000,22647.3600
1626371403097000,1,0.00090000,22616.4900
1626371403097000,1,0.03000000,22610.4100
1626371403097000,1,0.00090000,22610.4000
1626371403097000,1,0.08994946,22609.0000
1626371510511000,0,0.00204008,22611.7800
1626371717682000,0,0.00212000,22564.3600
1626371828692000,0,0.01992000,22634.4700
1626371832314000,0,0.02026000,22633.4800
1626371837231000,0,0.00628848,22634.6100
1626371891450000,1,0.02999999,22614.3800
1626371905955000,0,0.02203604,22635.6400
1626371987918000,0,0.12554951,22651.7700
1626372008946000,0,0.00670717,22673.2600
1626372018141000,1,0.03413666,22638.6800
1626372065711000,1,0.03212738,22617.3700
1626372065994000,1,0.06729854,22617.3700
1626372068650000,1,0.00237310,22617.3700
1626372069598000,1,0.01354902,22617.3700
1626372069700000,1,0.00480616,22617.3700
1626372164178000,0,0.15514480,22683.3300
1626372240403000,0,0.00665000,22700.1900
1626372379128000,0,0.14756168,22700.4300
1626372399330000,0,0.00125370,22706.6100
1626372448601000,0,0.00296000,22716.5900
1626372616861000,0,0.00090000,22672.3300
1626372616861000,0,0.00090000,22677.4800
1626372616861000,0,0.00285000,22679.8100
1626372639919000,0,0.05483699,22716.3600
1626372760274000,0,0.13835341,22705.0600
1626372760364000,1,0.00480113,22690.5800
1626372800600000,1,0.01733248,22693.5700
1626372971788000,0,0.01000000,22718.2400
1626372971853000,0,0.08632745,22718.2400
1626373021007000,1,0.00090000,22717.0800
1626373021007000,1,0.01775000,22716.6100
1626373103190000,1,0.01920702,22719.1700
1626373103282000,1,0.00538328,22719.1700
1626373103319000,1,0.00540970,22719.1700
1626373120524000,0,0.20000000,22742.0000
1626373120524000,0,0.01715000,22742.1700
1626373130408000,0,0.00100000,22738.4100
1626373221313000,0,0.00125031,22742.2200
1626373401059000,0,0.00477000,22724.1800
1626373510373000,1,0.01558072,22722.8200
1626373670400000,0,0.00798000,22756.5000
1626373812872000,0,0.01009431,22748.6600
1626373913142000,0,0.01675704,22748.9200
1626374223736000,0,0.00107286,22753.3500
1626374263956000,0,0.00291303,22753.6200
1626374265932000,0,0.00126000,22751.3400
1626374467924000,1,0.01000000,22748.0900
1626374467940000,1,0.01000000,22748.0900
1626374467940000,1,0.00190562,22748.0900
1626374498359000,0,0.00421000,22753.0500
1626374505903000,1,0.03000000,22736.4600
1626374549373000,0,0.00211000,22747.1800
1626374684815000,0,0.00429663,22759.7700
1626374754030000,0,0.00515000,22744.0900
1626374891107000,0,0.00401000,22757.1800
1626374976347000,0,0.00126000,22748.6900
1626375001568000,0,0.00221000,22764.6100
1626375070049000,0,0.04000000,22782.2100
1626375070053000,0,0.02000000,22782.2100
1626375070128000,0,0.03548653,22782.2100
1626375109789000,0,0.00230000,22816.4500
1626375608551000,0,0.00823000,22794.1500
1626375722724000,0,0.00295000,22759.2300
1626375736990000,0,0.00090000,22766.1900
1626375736990000,0,0.00058685,22768.2400
1626375827256000,1,0.00148685,22757.0300
1626375908789000,0,0.01414000,22787.2300
1626375935919000,0,0.00316000,22762.7300
1626376103287000,1,0.10000000,22746.5300
1626376350944000,0,0.00090000,22747.7700
1626376350944000,0,0.01060000,22747.7700
1626376358717000,0,0.01288748,22748.0900
1626376368935000,1,0.00150000,22741.5300
1626376419154000,0,0.00291595,22758.2600
1626376446623000,0,0.00651000,22766.0400
1626376451095000,0,0.00843000,22762.4800
1626376652403000,0,0.00546000,22852.0900
1626376736370000,0,0.01840744,22883.7100
1626376736371000,0,0.00000001,22883.7100
1626376740102000,1,0.00783273,22871.4500
1626376745867000,0,0.01000000,22886.7000
1626376746909000,1,0.00996934,22882.1800
1626376749372000,1,0.00090000,22891.5300
1626376749372000,1,0.00513371,22891.4400
1626376750949000,0,0.00147343,22910.8400
1626376750967000,0,0.00473226,22910.8400
1626376767867000,0,0.20000000,22972.0000
1626376767867000,0,0.40000000,22984.5600
1626376770158000,1,0.08000000,22976.1200
1626376809348000,0,0.02188000,22970.8600
1626377019838000,0,0.21351074,22879.3000
1626377056526000,0,0.01359000,22861.3100
1626377185069000,0,0.00090000,22840.9800
1626377185504000,0,0.00230000,22838.3100
1626377185757000,0,0.24320556,22861.7400
1626377408605000,0,0.11335000,22851.0200
1626377434127000,0,0.00210000,22832.7700
1626377740084000,0,0.02180276,22818.6700
1626377750895000,0,0.00539669,22816.2100
1626377878868000,0,0.00425000,22811.6000
1626378001203000,1,0.00090000,22811.3400
1626378001203000,1,0.00090000,22806.0700
1626378001203000,1,0.00395926,22804.9200
1626378011415000,0,0.00352370,22824.0200
1626378125838000,0,0.00462000,22814.3000
1626378181734000,0,0.06855943,22811.6300
1626378202040000,1,0.01323292,22781.0900
1626378275120000,0,0.00420000,22809.0300
1626378667814000,0,0.01033938,22855.3300
1626378678600000,0,0.00230000,22853.0500
1626378785609000,0,0.00797000,22870.2500
1626378833182000,0,0.00206990,22874.2800
1626378923511000,0,0.00156003,22858.8500
1626379084462000,1,0.00133343,22833.4900
1626379154854000,0,0.01925306,22854.4000
1626379175500000,0,0.00210000,22841.8200
1626379191864000,0,0.01218000,22831.6600
1626379193722000,0,0.00316000,22830.5100
1626379263136000,0,0.00090000,22865.8900
1626379263136000,0,0.03694000,22866.0400
1626379627538000,0,0.00292000,22856.3300
1626379756088000,0,0.00559900,22864.1100
1626379876816000,1,0.00479872,22854.7600
1626379887022000,0,0.01836989,22872.8600
1626379938409000,0,0.00545000,22870.8800
1626379946340000,0,0.00629000,22872.0300
1626380123789000,0,0.00434557,22896.8500
1626380320766000,1,0.00213142,22874.3600
1626380320808000,1,0.00004350,22874.3600
1626380547722000,0,0.00426731,22889.0400
1626380567943000,1,0.00452218,22860.7100
1626380578198000,0,0.03413853,22881.9200
1626380899745000,0,0.03975464,22905.2700
1626380899751000,0,0.05503065,22905.2700
1626380900014000,0,0.09476799,22914.3100
1626381119455000,0,0.09484640,22894.6600
1626381128917000,1,0.00106099,22883.4900
1626381152355000,1,0.01000000,22878.8100
1626381224843000,0,0.00855000,22881.9600
1626381421930000,0,0.00880000,22886.6000
1626381429518000,1,0.03051861,22869.4100
1626381429518000,1,0.13880350,22869.4000
1626381492597000,0,0.00544000,22901.3500
1626381600176000,1,0.00614304,22895.2000
1626381690312000,1,0.09486613,22868.0300
1626381690312000,1,0.01659357,22864.7900
1626381690795000,1,0.00226172,22868.0300
1626381809477000,0,0.00524000,22883.0000
1626381848642000,0,0.00126000,22890.8900
1626381852220000,0,0.00341379,22887.9700
1626381852759000,0,0.00524000,22887.9700
1626382063096000,0,0.00272000,22907.5000
1626382188520000,0,0.09461299,22946.7800
1626382188520000,0,0.09460409,22950.9900
1626382188639000,0,0.09465825,22955.6900
1626382188639000,0,0.56300000,22956.5500
1626382188639000,0,0.09463269,22962.8300
1626382188639000,0,0.09460475,22966.2500
1626382188666000,1,0.00230000,22951.4000
1626382233337000,0,0.00418000,22945.2800
1626382307447000,0,0.00215000,22953.6400
1626382402923000,0,0.13064828,22969.0300
1626382453457000,0,0.00267834,22969.2100
1626382565907000,0,0.00658000,22946.9200
1626382633772000,0,0.02125263,22971.0400
1626382665651000,0,0.00125000,22965.8700
1626382711272000,0,0.01818000,22962.1500
1626382924171000,0,0.03612237,22959.8200
1626382954627000,0,0.03830220,22959.6500
1626382974853000,0,0.00090000,22949.1000
1626382974853000,0,0.00067464,22949.5200
1626382985734000,0,0.00125000,22949.8300
1626382997667000,1,0.03568962,22943.0600
1626382997670000,1,0.01747785,22943.0600
1626383065389000,0,0.00090000,22961.5300
1626383065389000,0,0.00090000,22966.4400
1626383065389000,0,0.01768685,22968.9400
1626383074810000,0,0.00460000,22966.6300
1626383126061000,1,0.00600000,22933.0500
1626383129305000,0,0.00426000,22940.2700
1626383175698000,0,0.02467673,22939.2300
1626383446777000,0,0.09528436,22971.1900
1626383446978000,1,0.09000000,22971.1900
1626383447104000,1,0.01768685,22971.2000
1626383447104000,1,0.16231315,22971.1900
1626383447129000,1,0.16081150,22971.1900
1626383456152000,0,0.00417000,22981.0400
1626383526077000,0,0.00999475,22987.1300
1626383596788000,0,0.01618061,22973.8800
1626383607015000,0,0.00090000,22977.3600
1626383607015000,0,0.00090000,22982.1100
1626383607015000,0,0.00092038,22985.2500
1626383657582000,0,0.00578060,22977.5100
1626383717634000,1,0.09000000,22946.1000
1626383717644000,1,0.00451260,22946.1000
1626383718956000,1,0.02000000,22946.1000
1626383718958000,1,0.07451260,22946.1000
1626383724071000,1,0.09446356,22941.9500
1626383724071000,1,0.08553644,22940.8900
1626383778072000,0,0.01567534,22960.7500
1626383879433000,0,0.00433504,22952.4700
1626384128352000,0,0.00334000,22989.1200
1626384179680000,0,0.00167000,22988.7600
1626384339624000,0,0.02549769,22970.9400
1626384369007000,0,0.02066000,22967.9000
1626384506858000,0,0.00480000,22973.2300
1626384565206000,1,0.00088200,22950.5600
1626384565254000,1,0.00001800,22950.5600
1626384659513000,0,0.00250000,22975.0200
1626384729237000,0,0.00125000,22978.2000
1626384826787000,0,0.00125000,22981.3800
1626384984903000,1,0.01229302,22953.7000
1626384984903000,1,0.01568198,22953.7000
1626384992422000,0,0.00626000,22964.8100
1626385012191000,0,0.00209000,22971.6400
1626385168912000,0,0.00522000,22960.5200
1626385488704000,0,0.00209000,22958.1700
1626386012184000,1,0.00090000,22954.6100
1626386012184000,1,0.00345202,22954.4200
1626386082457000,0,0.06597955,22978.7600
1626386123998000,0,0.00835000,22983.3400
1626386202735000,0,0.00090000,22996.6700
1626386202735000,0,0.00249941,23002.2000
1626386353829000,0,0.00219000,22958.2700
1626386392458000,1,0.00194765,22903.7900
1626386392462000,1,0.00000001,22903.7900
1626386393027000,1,0.00090000,22882.7700
1626386393027000,1,0.00005808,22880.8000
1626386449424000,0,0.00836000,22941.1500
1626386513591000,1,0.00664269,22917.8300
1626386556181000,0,0.00627000,22935.6300
1626386814418000,1,0.00090000,22917.5500
1626386814418000,1,0.00090000,22911.8900
1626386814418000,1,0.00625757,22910.8800
1626386908631000,0,0.00167000,22955.7800
1626386994900000,0,0.01134237,22957.4800
1626387013764000,0,0.00090000,22979.9300
1626387013764000,0,0.01697000,22982.3000
1626387045214000,1,0.04769000,22953.5400
1626387192113000,0,0.00432855,22986.8900
1626387504819000,0,0.00090000,23040.4300
1626387504819000,0,0.00082000,23045.6300
1626387991060000,1,0.00088200,23020.5800
1626388394653000,0,0.01250000,23018.5400
1626388437310000,1,0.00389730,22985.0300
1626388579688000,0,0.00438000,23000.2700
1626388825343000,0,0.00793000,22981.9900
1626388988093000,0,0.00238067,22981.5500
1626389046704000,0,0.02149000,22987.0300
1626389110764000,1,0.01000000,22963.4000
1626389644312000,0,0.09448659,22963.5300
1626389644312000,0,0.00090000,22963.5700
1626389644312000,0,0.07168341,22965.7400
1626389748760000,1,0.00174180,22952.7900
1626389769163000,0,0.00167000,22980.9200
1626390009083000,0,0.00429000,23001.6100
1626390062186000,0,0.09000000,23006.8300
1626390062263000,0,0.00433561,23006.8300
1626390062263000,0,0.09439433,23007.1400
1626390112368000,0,0.00126000,23017.8900
1626390233346000,1,0.00800292,23005.8100
1626390234298000,1,0.00743828,23005.8100
1626390234307000,1,0.00613001,23005.8100
1626390234347000,1,0.00230000,23005.8100
1626390236186000,1,0.00137889,23005.8100
1626390237893000,1,0.00531155,23005.8100
1626390237966000,1,1.16943835,23005.8100
1626390570017000,0,0.00247471,22973.9400
1626390626081000,0,0.00408000,22975.1400
1626391106501000,0,0.09431544,23012.5800
1626391106608000,1,0.01295284,23012.5800
1626391351725000,0,0.00127109,23016.8100
1626391413561000,0,0.00638000,22998.5300
1626391476916000,0,0.02502000,22999.4900
1626391551694000,0,0.00656000,23005.4700
1626391637683000,0,0.05004000,23002.4800
1626391995304000,0,0.00344000,22998.1800
1626392048657000,0,0.00215000,23002.2100
1626392102564000,0,0.09438911,22996.2600
1626392102564000,0,0.06455248,23002.2100
1626392282877000,0,0.01276719,22958.5900
1626392468268000,1,0.01772979,22877.3100
1626392468268000,1,0.33227021,22877.3000
1626392496108000,0,0.00090000,22875.9100
1626392496108000,0,0.00063000,22878.4700
1626392820251000,1,0.19303175,22830.4100
1626392889818000,1,0.08000000,22837.1400
1626392963666000,0,0.09498555,22849.0300
1626392963666000,0,0.05359988,22851.9200
1626392996275000,1,0.17726528,22830.0900
1626393324272000,0,0.00156000,22903.0100
1626393334070000,1,0.00241906,22882.8800
1626393538057000,0,0.00230000,23012.3000
1626393547547000,0,0.00230000,23039.2300
