timestamp ms,type,amount,price
1623888135146000,1,0.00090000,27427.3000
1623888135146000,1,0.00090000,27415.2900
1623888135146000,1,0.00090000,27415.2800
1623888135146000,1,0.03400000,27413.6000
1623888135146000,1,0.00090000,27413.5900
1623888135146000,1,0.07640186,27410.1100
1623888135147000,1,0.00180001,27410.1100
1623888136565000,1,0.00472984,27401.5800
1623888136565000,1,0.01182779,27401.5800
1623888136565000,1,0.00544237,27401.5800
1623888389402000,0,0.01081451,27469.7400
1623888389426000,0,0.02200000,27469.7400
1623888389588000,0,0.00894019,27469.7400
1623888389629000,0,0.16139481,27469.7400
1623888422453000,0,0.00090000,27457.8900
1623888422453000,0,0.00399000,27459.5200
1623888599319000,0,0.17000000,27537.1700
1623888599319000,0,0.07797255,27539.9200
1623888599319000,0,0.00090000,27545.6900
1623888599319000,0,0.03352053,27546.7600
1623888625745000,0,0.00090000,27556.7100
1623888958915000,1,0.00088200,27631.8200
1623889142116000,0,0.00434000,27591.3800
1623889157327000,1,0.07786686,27543.2000
1623889250448000,1,0.08930067,27494.0100
1623889448343000,0,0.00533000,27504.8000
1623889605157000,0,0.00822000,27490.5100
1623889871402000,0,0.00105000,27502.8700
1623889898560000,1,0.00088200,27485.9100
1623889945590000,0,0.00174000,27575.8800
1623890450581000,1,0.00670000,27596.1200
1623890611884000,0,0.17000000,27623.0200
1623890643000000,1,0.00736199,27625.9500
1623890643000000,1,0.07263801,27625.9300
1623890643085000,1,0.01840324,27622.2200
1623890643085000,1,0.07763879,27620.8200
1623890788849000,1,0.07000000,27599.1300
1623891217461000,0,0.00088200,27601.4300
1623891217482000,0,0.00001800,27601.4300
1623891333763000,0,0.00090000,27615.0500
1623891333763000,0,0.07777428,27615.6300
1623891341980000,1,0.00729577,27611.9000
1623891341980000,1,0.00729572,27605.9100
1623891341980000,1,0.01540851,27605.9100
1623891342244000,1,0.00200000,27605.9100
1623891633827000,0,0.03000000,27678.7700
1623892193868000,1,0.00090000,27685.6700
1623892193868000,1,0.00028996,27680.4400
1623892198252000,1,0.00164014,27680.4500
1623892258728000,1,0.00119022,27706.2400
1623892263088000,1,0.00164050,27706.6500
1623892267415000,1,0.00090000,27707.5400
1623892267415000,1,0.00020273,27706.6500
1623892271675000,1,0.00153936,27714.1400
1623892569422000,0,0.00118800,27731.5600
1623892569425000,0,0.00000001,27731.5600
1623892569425000,0,0.00118799,27731.5600
1623893287154000,0,0.00360000,27713.7200
1623893728116000,0,0.00104000,27654.0900
1623893955316000,0,0.00090000,27646.0500
1623893955316000,0,0.00014000,27646.9000
1623894330028000,0,0.07000000,27642.1100
1623895154413000,0,0.00173000,27645.1800
1623895251314000,0,0.00080000,27672.0900
1623895251314000,0,0.00095000,27674.6300
1623895534929000,0,0.00088200,27648.4100
1623895566079000,0,0.00088200,27655.9800
1623895931609000,0,0.00088200,27725.1200
1623895935407000,0,0.00044945,27731.5600
1623895935407000,0,0.00107098,27731.5600
1623895935461000,0,0.00003103,27731.5600
1623896202464000,0,0.00200000,27750.2300
1623896210984000,0,0.00037335,27750.2300
1623896210984000,0,0.00327072,27750.2300
1623896210984000,0,0.00220934,27750.2300
1623896215597000,0,0.00225997,27750.2300
1623896782999000,0,0.00090000,27743.6000
1623896782999000,0,0.00861000,27744.9800
1623896807920000,1,0.07000000,27717.4000
1623897036709000,0,0.00004612,27750.2300
1623897254895000,1,0.07000000,27721.1000
1623897951422000,0,0.00173000,27697.4700
1623897963549000,1,0.07000000,27676.7400
1623898247480000,1,0.07000000,27694.2800
1623899523357000,0,0.07000000,27735.0800
1623899632350000,1,0.07725067,27733.1000
1623900059094000,1,0.07578676,27707.9400
1623900059609000,1,0.00154667,27707.9400
1623900095544000,1,0.07000000,27711.0300
1623900177714000,0,0.01259335,27722.3800
1623900177726000,0,0.00953703,27722.3800
1623900178524000,0,0.03030201,27734.3700
1623900180348000,0,0.07735291,27750.1200
1623900180348000,0,0.07735291,27750.1200
1623900180348000,0,0.07263050,27752.0700
1623900184582000,0,0.00454673,27752.0700
1623900271454000,1,0.07000000,27757.3200
1623900310923000,1,0.07000000,27755.6300
1623900311115000,1,0.00722404,27755.6300
1623900311115000,1,0.07722404,27752.4900
1623900319907000,1,0.07000000,27746.5900
1623900321598000,1,0.07659104,27741.9000
1623900337815000,1,0.00088200,27741.7900
1623900338076000,1,0.00001800,27741.7900
1623900363449000,1,0.07571719,27736.3900
1623900436362000,1,0.07000000,27761.4600
1623900608391000,0,0.02174837,27802.7800
1623900608427000,0,0.00120285,27802.7800
1623900608444000,0,0.01739847,27802.7800
1623900608445000,0,0.01137516,27802.7800
1623900608491000,0,0.02548794,27802.7800
1623900608579000,1,0.00090000,27794.5300
1623900608579000,1,0.00028588,27784.7100
1623900612919000,1,0.00163450,27789.4700
1623900617542000,1,0.00220265,27784.7100
1623900621804000,1,0.00154085,27791.4700
1623900629377000,0,0.17000000,27823.7300
1623900630446000,0,0.00100000,27841.2200
1623900630446000,0,0.02077019,27843.3800
1623900631677000,1,0.00118424,27829.1000
1623900641514000,1,0.00163226,27813.8500
1623900644752000,1,0.01000000,27813.8600
1623900644841000,1,0.00746604,27813.8600
1623900646678000,0,0.00109923,27806.4800
1623900646717000,0,0.00000001,27806.4800
1623900904348000,0,0.01000000,27819.1800
1623901050648000,0,0.00115898,27842.3100
1623901050773000,0,0.00002365,27842.3100
1623901056235000,0,0.00163002,27842.3100
1623901056256000,0,0.00000001,27842.3100
1623901065588000,1,0.00109774,27842.9200
1623901106869000,1,0.07000000,27827.8600
1623901125506000,1,0.07702370,27823.8700
1623901209578000,1,0.07710524,27794.0900
1623901535492000,0,0.00422000,27804.3700
1623901557949000,0,0.17000000,27795.9200
1623901557949000,0,0.07716257,27797.3000
1623901557949000,0,0.17000000,27799.5600
1623901557949000,0,0.07715103,27800.9400
1623901558073000,1,0.07716257,27804.0000
1623901558242000,1,0.07789593,27804.0000
1623901558311000,1,0.00553500,27804.0000
1623901558571000,1,0.03444288,27804.0000
1623901558659000,1,0.04069958,27804.0000
1623901558796000,1,0.00662358,27804.0000
1623901574485000,1,0.07555893,27773.3500
1623901574532000,1,0.00154202,27773.3500
1623901592340000,1,0.07000000,27768.1000
1623901608428000,1,0.16660000,27770.3900
1623901608518000,1,0.00340000,27770.3900
1623901615960000,1,0.07564717,27764.4600
1623901616129000,1,0.00154382,27764.4600
1623901688448000,0,0.00395000,27792.3800
1623901788101000,1,0.00967717,27778.4700
1623901806014000,0,0.01295393,27801.1800
1623901855983000,1,0.07711428,27768.6000
1623901920713000,0,0.00190000,27785.5100
1623902068571000,1,0.00088200,27738.3600
1623902070405000,1,0.00001800,27738.3600
1623902171194000,1,0.07000000,27760.2100
1623902323573000,0,0.00414000,27783.4200
1623902649621000,0,0.00090000,27808.3100
1623902649621000,0,0.00100000,27815.1100
1623902649621000,0,0.00845000,27815.4200
1623902651340000,0,0.00088200,27806.4800
1623902698455000,0,0.09069838,27833.6400
1623902712265000,0,0.00603498,27833.6400
1623902714019000,0,0.00326664,27833.6400
1623902716882000,0,0.00150309,27842.3100
1623902717081000,0,0.00003068,27842.3100
1623902753460000,1,0.00118160,27874.8700
1623902758330000,1,0.00090000,27883.5500
1623902758330000,1,0.00072861,27880.9300
1623902762533000,1,0.00109679,27867.2300
1623902765782000,0,0.00138000,27886.1000
1623902811445000,1,0.03234707,27866.6500
1623902829416000,0,0.00115680,27876.3600
1623902829474000,0,0.00002361,27876.3600
1623902873120000,0,0.00231457,27906.4000
1623902873155000,0,0.00004724,27906.4000
1623902887668000,0,0.00320396,27906.4000
1623902887668000,0,0.00216673,27906.4000
1623902887668000,0,0.00143975,27906.4000
1623903363580000,1,0.02033177,27884.7200
1623903365408000,1,0.01000000,27881.3000
1623903390464000,0,0.07690865,27893.8300
1623903415041000,1,0.07000000,27877.0600
1623903415513000,1,0.07000000,27869.0200
1623903415725000,1,0.00690222,27869.0200
1623903507571000,1,0.07000000,27858.4900
1623904199732000,1,0.07699189,27833.8800
1623904337321000,0,0.00090000,27857.0700
1623904445477000,0,0.07693492,27857.0700
1623904448473000,0,0.00090000,27857.0700
1623904448476000,0,0.07693092,27857.0700
1623904450304000,0,0.07693092,27857.0700
1623904450306000,0,0.06740324,27857.0700
1623904566464000,0,0.00763952,27903.1800
1623904566488000,0,0.01706680,27903.1800
1623904566890000,0,0.00013899,27906.4000
1623905355946000,0,0.00088200,27760.7700
1623905355992000,0,0.00001800,27760.7700
1623906080893000,0,0.01221000,27767.3900
1623906122402000,1,0.00263000,27752.4600
1623906234268000,1,0.08079151,27695.8900
1623906234275000,1,0.00090000,27695.8900
1623906234660000,1,0.00127572,27695.8900
1623906251682000,1,0.00467970,27695.8900
1623906252089000,1,0.00661566,27695.8900
1623906252647000,1,0.00669080,27695.8900
1623906254457000,1,0.03089453,27695.8900
1623906254466000,1,0.00090000,27695.8900
1623906262813000,1,0.02200000,27695.8900
1623906279142000,1,0.07745411,27695.8900
1623906280440000,1,0.07745113,27695.8900
1623906280444000,1,0.07745225,27695.8900
1623906280614000,1,0.71289459,27695.8900
1623906556834000,0,0.01784000,27665.5100
1623906658147000,0,0.02200000,27694.1600
1623906794748000,0,0.00195000,27717.8900
1623906801805000,1,0.07738519,27693.9500
1623906801805000,1,0.07739354,27690.9400
1623906801805000,1,0.07739525,27687.9800
1623906801805000,1,0.00090000,27687.5100
1623906801805000,1,0.07740847,27684.0400
1623906801805000,1,0.00090000,27681.9500
1623906801805000,1,0.16851706,27680.2900
1623906801805000,1,0.00090000,27676.0300
1623906801805000,1,0.07738133,27672.8000
1623906801805000,1,0.00761636,27669.5900
1623906801805000,1,0.01904090,27669.5900
1623906801805000,1,0.00090000,27669.5800
1623906801805000,1,0.04951600,27629.9300
1623906801805000,1,0.09957399,27629.9200
1623906801805000,1,0.26517191,27629.9100
1623906815371000,0,0.00561052,27707.0900
1623906815377000,0,0.01781167,27707.0900
1623906815504000,0,0.00579596,27707.0900
1623906815543000,0,0.00173162,27707.0900
1623906815543000,0,0.07737441,27707.0900
1623907691406000,0,0.00761000,27739.0700
1623907748150000,1,0.07590380,27686.1900
1623907748177000,1,0.00167648,27686.1900
1623908359103000,1,0.07000000,27734.8100
1623908570179000,1,0.17000000,27669.4900
1623908570294000,1,0.17000000,27665.9700
1623908595582000,0,0.00090000,27685.2100
1623908595582000,0,0.00286040,27686.0300
1623908622969000,0,0.01919281,27687.4100
1623908624077000,0,0.00689734,27687.4100
1623908625759000,0,0.01698098,27687.4100
1623908626231000,0,0.00142815,27687.4100
1623908833761000,0,0.00159000,27719.7000
1623908931675000,0,0.00277000,27739.3200
1623909031282000,1,0.04000000,27697.3500
1623909144755000,1,0.06013202,27719.8400
1623909144974000,1,0.00122718,27719.8400
1623909182686000,1,0.07000000,27710.8400
1623909184179000,1,0.04000000,27702.0900
1623909185932000,1,0.00574767,27702.0900
1623909185962000,1,0.00011730,27702.0900
1623909330182000,1,0.07000000,27700.8100
1623909424999000,1,0.06000000,27661.6800
1623909440848000,1,0.07000000,27640.0100
1623909551221000,0,0.00113133,27648.8700
1623909621313000,0,0.00090000,27684.4000
1623909621313000,0,0.00090000,27691.3200
1623909621313000,0,0.00201000,27693.6400
1623909668799000,1,0.07000000,27669.3000
1623909947333000,0,0.00173000,27738.9000
1623910078150000,1,0.07000000,27727.3300
1623910102247000,0,0.00264000,27736.5200
1623910122091000,0,0.12000000,27737.5300
1623910150878000,1,0.07000000,27735.2900
1623910330020000,0,0.01810000,27774.4800
1623910351449000,1,0.07725839,27758.9300
1623910513527000,1,0.07000000,27750.2800
1623910515373000,1,0.00248577,27747.4900
1623910515677000,1,0.07477546,27747.4900
1623910744192000,1,0.07000000,27714.6100
1623910749899000,1,0.07583930,27708.4000
1623910750998000,1,0.00154774,27708.4000
1623911139066000,0,0.00553920,27841.5400
1623911150000000,0,0.00090000,27841.2400
1623911150022000,0,0.39910000,27841.2400
1623911150022000,0,0.17000000,27841.2500
1623911156738000,0,0.17000000,27909.5900
1623911159383000,1,0.00176510,27926.8500
1623911163594000,1,0.00090000,27926.4800
1623911163723000,0,0.00029028,27925.4600
1623911167397000,1,0.06299228,27928.1300
1623911176028000,0,0.08000000,28000.0000
1623911176334000,0,0.00090000,28000.0000
1623911176585000,0,0.00685071,28000.0000
1623911176586000,0,0.00000001,28000.0000
1623911178549000,1,0.00545259,27990.3000
1623911179497000,1,0.00212763,27990.3000
1623911183219000,0,0.00090000,27973.5000
1623911185340000,0,0.00528068,27973.5000
1623911188817000,1,0.00106927,27949.9500
1623911198876000,0,0.00090000,27973.5000
1623911199063000,0,0.00313219,27973.5000
1623911199063000,0,0.00310483,27973.5000
1623911207758000,0,0.00115261,27995.8100
1623911208001000,0,0.00002352,27995.8100
1623911211707000,1,0.00117506,28001.4200
1623911214076000,1,0.16544844,28001.4200
1623911225958000,1,0.17000000,27994.2900
1623911867663000,1,0.07000000,27964.8700
1623911934357000,0,0.00346000,27956.3100
1623911979718000,1,0.02000000,27949.9500
1623912010262000,0,0.00720000,27965.8300
1623912035786000,0,0.00090000,27973.8500
1623912036930000,0,0.02847604,27973.8500
1623912036930000,0,0.00905830,27973.8500
1623912052676000,1,0.07000000,27960.8900
1623912126960000,0,0.38000000,28013.2200
1623912127003000,0,0.00274936,28013.2200
1623912127005000,0,0.03696780,28013.2200
1623912159942000,0,0.17000000,28030.8500
1623912163358000,1,0.00090000,28041.8500
1623912187099000,0,0.00111003,28041.8500
1623912187576000,0,0.00002265,28041.8500
1623912209103000,1,0.02197145,28015.3700
1623912250046000,0,0.00211707,28056.6800
1623912287494000,0,0.00735000,28037.4200
1623912306229000,1,0.04066507,28015.3700
1623912306250000,1,0.00514026,28015.3700
1623912306761000,1,0.00765169,28015.3700
1623912307349000,1,0.01410126,28015.3700
1623912308321000,1,0.00090000,28015.3700
1623912308540000,1,0.02200000,28015.3700
1623912308566000,1,0.00428819,28015.3700
1623912309370000,1,0.00090000,28015.3700
1623912309577000,1,0.00420821,28015.3700
1623912310454000,1,0.01515593,28015.3700
1623912310530000,1,0.00090000,28015.3700
1623912312056000,1,0.01068131,28015.3700
1623912312082000,1,0.01095436,28015.3700
1623912312132000,1,0.00090000,28015.3700
1623912312134000,1,0.07659332,28015.3700
1623912312136000,1,0.86298895,28015.3700
1623912320293000,1,0.00081707,27980.0700
1623912431156000,1,0.07000000,28004.5600
1623912493528000,1,0.09000000,27994.9600
1623912536285000,1,0.05000000,27980.5900
1623912561660000,1,0.09995219,27996.5000
1623912626106000,0,0.00198000,28054.5200
1623912699352000,0,0.02200000,28060.2100
1623912699642000,0,0.05438978,28060.2100
1623912699642000,0,0.03055591,28060.2100
1623912701639000,1,0.00407397,28054.5200
1623912701961000,1,0.07646289,28042.5900
1623912706390000,1,0.00090000,28054.5400
1623912707415000,0,0.00090000,28050.9400
1623912707494000,0,0.00434349,28050.9400
1623912710805000,1,0.00090000,28064.4200
1623912710805000,1,0.00381539,28058.0100
1623912715107000,1,0.00316163,28059.4200
1623912720026000,1,0.17000000,28058.0100
1623912726253000,1,0.00088200,28076.7200
1623912728622000,0,0.00198957,28088.7800
1623912728668000,0,0.00000001,28088.7800
1623912734583000,0,0.07640528,28094.2900
1623912734583000,0,0.00899410,28095.8100
1623912773224000,1,0.07484284,28036.1700
1623912785472000,1,0.07000000,28034.0000
1623912836772000,1,0.34791144,28042.9700
1623912839753000,1,0.04000000,28031.4900
1623912848564000,0,0.13678000,28048.9800
1623912946537000,1,0.07643022,28043.1500
1623912962884000,0,0.00700000,28071.6100
1623913083789000,1,0.01000000,28035.1600
1623913084054000,1,0.06646319,28035.1600
1623913090405000,0,0.00239000,28048.3500
1623913106181000,1,0.03000000,28038.4300
1623913141441000,1,0.03000000,28031.2000
1623913167372000,1,0.07000000,28023.5200
1623913268421000,1,0.17000000,28021.5100
1623913294573000,1,0.07000000,28014.6700
1623913294582000,1,0.00090000,28014.6700
1623913294801000,1,0.07648429,28009.6500
1623913331208000,0,0.03374485,28001.2700
1623913359389000,1,0.07000000,27994.1300
1623913381641000,0,0.01164000,28008.3700
1623913394146000,0,0.00090000,28001.3000
1623913394146000,0,0.01074000,28004.1200
1623913421471000,0,0.00337923,27999.4200
1623913494607000,0,0.00088200,27985.6900
1623913512771000,1,0.07000000,27990.7200
1623913601771000,0,0.00172781,28004.7600
1623913672135000,0,0.17000000,28015.8000
1623913673168000,0,0.00090000,28032.3400
1623913674266000,0,0.51000000,28111.6200
1623913676570000,0,0.63338947,28111.6200
1623913686914000,0,0.00090000,28113.8300
1623913686914000,0,0.00090000,28113.8400
1623913686914000,0,0.40000000,28127.8900
1623913686914000,0,0.17000000,28127.9000
1623913686914000,0,0.00090000,28129.3000
1623913686914000,0,0.00090000,28129.3100
1623913711316000,1,0.02000000,28148.3000
1623913711378000,1,0.15000000,28148.3000
1623913714470000,1,0.09000000,28142.2400
1623913718491000,1,0.17000000,28131.6900
1623913719213000,1,0.00099999,28127.8000
1623913719335000,1,0.00000001,28127.8000
1623913725751000,1,0.17000000,28132.4500
1623913741777000,0,0.03042724,28161.7300
1623913741777000,0,0.06957276,28161.7400
1623913754425000,1,0.00088200,28171.3600
1623913869888000,0,0.16660000,28151.1200
1623913988338000,1,0.00109275,28125.4900
1623914042484000,1,0.07000000,28117.7600
1623914098711000,1,0.01187452,28124.1900
1623914127151000,1,0.07000000,28113.1400
1623914236482000,1,0.07000000,28076.7800
1623914289303000,0,0.02560000,28092.8400
1623914371337000,0,0.00177210,28073.9700
1623914469465000,1,0.07000000,28089.9100
1623914469733000,1,0.00700000,28089.0900
1623914469825000,1,0.00000494,28089.0900
1623914490845000,0,0.03561143,28089.5700
1623914809419000,1,0.00088200,28146.3700
1623914809618000,1,0.00001800,28146.3700
1623914843113000,1,0.00090000,28132.0200
1623914843113000,1,0.07626391,28127.0100
1623914843113000,1,0.09166738,28125.9200
1623914843113000,1,0.00090000,28125.9000
1623914843113000,1,0.12451583,28122.8100
1623914860444000,1,0.00193269,28151.3800
1623914864868000,1,0.00211295,28151.3800
1623914882200000,1,0.07000000,28151.3800
1623914942859000,1,0.07000000,28167.9000
1623914960316000,1,0.07000000,28147.5900
1623915029563000,1,0.00090000,28176.0200
1623915094204000,0,0.00024243,28176.0200
1623915110851000,1,0.01500000,28199.9600
1623915171423000,0,0.00996000,28194.7400
1623915194172000,1,0.00380600,28153.2800
1623915229311000,1,0.07000000,28153.2800
1623915424593000,1,0.07619120,28182.1200
1623915424593000,1,0.07619473,28177.9400
1623915424593000,1,0.00090000,28174.0400
1623915424593000,1,0.07621524,28171.1600
1623915424593000,1,0.03400000,28167.4900
1623915424593000,1,0.00090000,28167.4800
1623915424593000,1,0.02971159,28166.9700
1623915466856000,1,0.07000000,28171.1600
1623915540762000,1,0.01000000,28113.1400
1623915541332000,0,0.16000000,28138.9300
1623915584104000,0,0.00088200,28129.1100
1623915656652000,0,0.01435000,28144.8500
1623915905707000,1,0.02654065,28147.5900
1623915905728000,1,0.06321132,28147.5900
1623915905768000,1,0.01465144,28147.5900
1623915905811000,1,0.24000000,28147.5900
1623915905840000,1,0.00429575,28147.5900
1623915905840000,1,0.00090000,28147.5900
1623915905840000,1,0.04415136,28147.5900
1623915905883000,1,0.00624948,28147.5900
1623915906674000,1,0.00795577,28140.0600
1623915906674000,1,0.01988944,28140.0600
1623915906674000,1,0.05171290,28134.2000
1623915998727000,0,0.00239000,28115.1900
1623916096114000,0,0.00090000,28115.3000
1623916096114000,0,0.00213187,28119.5100
1623916304207000,1,0.07000000,28098.6000
1623916330071000,0,0.08702000,28095.1700
1623916410650000,1,0.00090000,28080.4100
1623916629453000,1,0.00726737,28085.3100
1623916629453000,1,0.17000000,28084.6500
1623916630572000,1,0.00726737,28078.5400
1623916644541000,0,0.05791498,28084.5400
1623916794763000,1,0.07000000,28082.3600
1623916794860000,1,0.00642153,28082.3600
1623916815463000,0,0.02200000,28080.4300
1623916853842000,1,0.07000000,28066.9000
1623916888981000,0,0.00090000,28080.4300
1623916889453000,0,0.01744016,28080.4300
1623916889607000,0,0.00429464,28080.4300
1623916889611000,0,0.00331663,28080.4300
1623916889612000,0,0.01077610,28080.4300
1623916889650000,0,0.01289335,28080.4300
1623916889995000,0,0.00436991,28080.4300
1623916890073000,0,0.00090000,28080.4300
1623916890347000,0,0.01532228,28080.4300
1623916891205000,0,0.00335342,28080.4300
1623916891284000,0,0.00090000,28080.4300
1623916892210000,0,0.00353350,28080.4300
1623916892251000,0,0.00000001,28080.4300
1623916925489000,1,0.00726791,28087.2200
1623916925575000,1,0.00014832,28087.2200
1623916926032000,1,0.17000000,28075.6700
1623916999420000,1,0.07000000,28057.7800
1623916999471000,1,0.00642176,28057.7800
1623917015852000,1,0.02287922,28021.8100
1623917015852000,1,0.05358643,28021.8100
1623917015852000,1,0.02493920,28017.3600
1623917044493000,0,0.01170973,28040.7700
1623917052754000,0,0.06000000,28032.5900
1623917058240000,0,0.00176000,28081.5500
1623917062656000,1,0.16660000,28044.4800
1623917075084000,1,0.07645772,28030.4800
1623917123900000,1,0.07648121,28022.7700
1623917161784000,0,0.00090000,28019.9900
1623917161784000,0,0.00090000,28025.9600
1623917161784000,0,0.00090000,28033.1700
1623917161784000,0,0.01504740,28033.9900
1623917177472000,0,0.00675857,28024.9900
1623917349708000,0,0.00090000,28004.9400
1623917349708000,0,0.00252000,28007.8000
1623917568813000,1,0.00123794,28027.7800
1623917622280000,0,0.00140000,28040.4800
1623917795693000,1,0.00090000,28045.0300
1623917795693000,1,0.00312260,28043.5500
1623917801042000,0,0.00355000,28075.3500
1623917830990000,0,0.00077979,28071.3400
1623917841663000,1,0.00077979,28053.5300
1623917932492000,0,0.01161480,28060.3900
1623917932530000,0,0.00090000,28060.3900
1623918012775000,0,0.02052000,28047.7900
1623918168260000,1,0.07000000,28004.7700
1623918390466000,0,0.00249000,28117.9700
1623918541519000,0,0.00090000,28135.1700
1623918541519000,0,0.40000000,28138.9700
1623918541519000,0,0.07630261,28138.9900
1623918541519000,0,0.17000000,28139.0900
1623918541519000,0,0.00090000,28140.4900
1623918541519000,0,0.07631111,28143.6800
1623918541519000,0,0.03037636,28147.6700
1623918541519000,0,0.03038025,28147.6700
1623918541519000,0,0.00100000,28147.6800
1623918541519000,0,0.03400000,28148.9200
1623918541519000,0,0.07629949,28148.9400
1623918541519000,0,0.19743554,28154.3900
1623918541519000,0,0.07634204,28154.4000
1623918541519000,0,0.07632891,28159.2600
1623918541585000,1,0.09531828,28160.0000
1623918541594000,1,0.02200000,28160.0000
1623918541597000,1,0.00090000,28160.0000
1623918541614000,1,0.00090000,28160.0000
1623918541679000,1,0.07630261,28160.0100
1623918541732000,1,0.32369739,28160.0100
1623918541732000,1,0.94799912,28160.0000
1623918542325000,1,1.27170692,28160.0000
1623918542790000,1,0.07630180,28160.0000
1623918542794000,1,0.07630180,28160.0000
1623918542797000,1,0.07630180,28160.0000
1623918542797000,1,0.07630180,28160.0000
1623918542920000,1,1.27171974,28160.0000
1623918543558000,1,1.27173213,28160.0000
1623918543896000,1,0.07630180,28160.0000
1623918543898000,1,0.07630180,28160.0000
1623918543899000,1,0.07630180,28160.0000
1623918544126000,1,1.27172302,28160.0000
1623918544639000,1,1.27172302,28160.0000
1623918545159000,1,1.27173808,28160.0000
1623918545337000,1,0.07630180,28160.0000
1623918545337000,1,0.07630339,28160.0000
1623918545340000,1,0.07630180,28160.0000
1623918545667000,1,1.27172473,28160.0000
1623918546112000,1,1.01402874,28160.0000
1623918546197000,1,1.27172713,28160.0000
1623918546700000,1,1.27171433,28160.0000
1623918547350000,1,0.07630339,28160.0000
1623918547350000,1,0.07630180,28160.0000
1623918549120000,1,1.27179687,28160.0000
1623918549157000,1,1.27900000,28160.0000
1623918549350000,1,0.07630339,28160.0000
1623918549352000,1,0.07630180,28160.0000
1623918549433000,1,1.27900000,28160.0000
1623918549722000,1,1.27900000,28160.0000
1623918550029000,1,1.27900000,28160.0000
1623918551203000,1,0.07110100,28160.0000
1623918551230000,1,1.27900000,28160.0000
1623918551335000,1,0.07630339,28160.0000
1623918551336000,1,0.07630180,28160.0000
1623918553340000,1,0.07630339,28160.0000
1623918553340000,1,0.07630180,28160.0000
1623918555339000,1,0.07630339,28160.0000
1623918555339000,1,0.07630180,28160.0000
1623918555650000,1,1.27184412,28160.0000
1623918555896000,1,0.37044000,28160.0000
1623918556092000,1,0.29596000,28160.0000
1623918556182000,1,1.27224434,28160.0000
1623918556718000,1,1.27224407,28160.0000
1623918557221000,1,1.27224909,28160.0000
1623918557239000,1,0.07630984,28160.0000
1623918557239000,1,0.07631769,28160.0000
1623918557253000,1,0.07633495,28160.0000
1623918557734000,1,1.27231747,28160.0000
1623918558329000,1,1.27242974,28160.0000
1623918558665000,1,0.07631769,28160.0000
1623918558666000,1,0.07630984,28160.0000
1623918558930000,1,0.15373063,28160.0000
1623918563587000,1,0.07634306,28127.6200
1623918563587000,1,0.07630339,28123.7200
1623918563587000,1,0.07630393,28120.1300
1623918563587000,1,0.07019676,28116.1800
1623918564231000,1,0.06121784,28127.6200
1623918568652000,0,0.02200000,28141.9600
1623918568655000,0,0.01200000,28141.9600
1623918578178000,1,0.07633008,28131.1900
1623918578178000,1,0.01512522,28127.6200
1623918578178000,1,0.07630339,28123.7200
1623918578894000,1,0.00769930,28116.0200
1623918579989000,1,0.02107294,28127.6200
1623918609252000,1,0.00480641,28131.3100
1623918609276000,1,0.00480572,28131.3100
1623918609294000,1,0.00480572,28131.3100
1623918610251000,1,0.01922532,28139.3300
1623918611826000,1,0.04445182,28139.3300
1623918611852000,1,0.01259104,28139.3300
1623918611852000,1,0.07627116,28138.7300
1623918611852000,1,0.08894508,28131.3100
1623918614244000,1,0.01922244,28139.3300
1623918616326000,1,0.05704574,28139.3300
1623918616326000,1,0.07360482,28138.7300
1623918616336000,1,0.00266634,28138.7300
1623918625375000,1,0.01609173,28144.7900
1623918630384000,1,0.00402338,28139.3300
1623918638355000,1,0.07224480,28139.3300
1623918638355000,1,0.06775520,28138.7300
1623918638713000,1,0.07626818,28139.3300
1623918638713000,1,0.00851596,28138.7300
1623918640827000,1,0.07625483,28148.5100
1623918640827000,1,0.07374517,28145.4200
1623918643746000,1,0.02010973,28148.5100
1623918644826000,1,0.02125522,28148.5100
1623918644853000,1,0.02125496,28148.5100
1623918644866000,1,0.01363492,28148.5100
1623918646317000,1,0.07625483,28148.5100
1623918646317000,1,0.00250966,28145.4200
1623918646317000,1,0.07626818,28139.3300
1623918646317000,1,0.07252708,28138.7300
1623918662878000,1,0.07625483,28148.5100
1623918662878000,1,0.07374517,28145.4200
1623918664938000,1,0.07623749,28156.5300
1623918664938000,1,0.07376251,28154.3800
1623918665903000,1,0.00247498,28154.3800
1623918665903000,1,0.07625483,28148.5100
1623918665903000,1,0.00088487,28145.4200
1623918673945000,1,0.07623749,28156.5300
1623918673945000,1,0.07376251,28154.3800
1623918676763000,1,0.00295124,28165.2700
1623918676777000,1,0.00295124,28165.2700
1623918678664000,1,0.07620625,28162.6200
1623918678664000,1,0.07379375,28156.5300
1623918681735000,1,0.01180519,28162.6200
1623918682266000,1,0.06440106,28162.6200
1623918682266000,1,0.00090000,28157.2000
1623918682266000,1,0.00244374,28156.5300
1623918682266000,1,0.00247498,28154.3800
1623918684570000,1,0.07619796,28163.7400
1623918684570000,1,0.07380204,28162.6200
1623918687075000,1,0.07619796,28163.7400
1623918687075000,1,0.00240421,28162.6200
1623918687075000,1,0.07314070,28156.5300
1623918689709000,0,0.03400000,28187.4600
1623918689709000,0,0.00003000,28192.7300
1623918692157000,1,0.00294585,28163.7400
1623918693141000,1,0.00207525,28163.7400
1623918693319000,1,0.00348283,28163.7400
1623918694235000,1,0.00323629,28163.7400
1623918694274000,1,0.00323629,28163.7400
1623918695212000,1,0.01294515,28163.7400
1623918697359000,1,0.00348267,28163.7400
1623918701072000,1,0.04000000,28163.7400
1623918702296000,1,0.00087062,28163.7400
1623918707320000,1,0.00384455,28163.7400
1623918708305000,1,0.00007846,28163.7400
1623918708305000,1,0.02349596,28162.6200
1623918709137000,1,0.01786802,28163.7400
1623918709587000,1,0.01385602,28163.7400
1623918710283000,1,0.00439382,28163.7400
1623918710985000,1,0.04008010,28163.7400
1623918712306000,1,0.02357293,28162.6200
1623918713618000,1,0.01385437,28172.4600
1623918714295000,1,0.00439330,28172.4600
1623918715237000,1,0.05793419,28172.4600
1623918715237000,1,0.04556431,28169.4700
1623918717308000,1,0.00589271,28172.4600
1623918718224000,1,0.07000000,28172.4600
1623918719219000,1,0.00028915,28172.4600
1623918720218000,1,0.03000520,28169.4700
1623918721467000,1,0.00721578,28177.2700
1623918724183000,1,0.06895109,28177.2700
1623918724183000,1,0.07387930,28172.4600
1623918725773000,1,0.04484480,28177.2700
1623918726915000,1,0.03069563,28177.2700
1623918726990000,1,0.00062644,28177.2700
1623918728059000,1,0.00225651,28172.4600
1623918728257000,1,0.00004605,28172.4600
1623918730516000,1,0.07464353,28177.2700
1623918730546000,1,0.00152334,28177.2700
1623918731344000,1,0.07464353,28177.2700
1623918731599000,1,0.00152334,28177.2700
1623918731599000,1,0.07618186,28172.4600
1623918732299000,1,0.07464353,28177.2700
1623918732982000,1,0.00149287,28177.2700
1623918735496000,1,0.00088200,28182.5900
1623918736688000,1,0.02668737,28187.3700
1623918736708000,1,0.04945660,28187.3700
1623918736708000,1,0.03015077,28184.1600
1623918737036000,1,0.00610341,28184.1600
1623918738820000,1,0.07614397,28187.3700
1623918738820000,1,0.00224305,28184.1600
1623918738842000,1,0.03764674,28184.1600
1623918738996000,1,0.00090000,28187.6100
1623918739483000,1,0.00088200,28183.0000
1623918741103000,1,0.07614397,28187.3700
1623918741103000,1,0.07309821,28184.1600
1623918742561000,1,0.00298484,28187.3700
1623918742945000,1,0.00298484,28187.3700
1623918743751000,1,0.07017429,28187.3700
1623918743751000,1,0.00304576,28184.1600
1623918743751000,1,0.00003047,28177.2700
1623918743751000,1,0.07317852,28177.2700
1623918744482000,1,0.07614397,28187.3700
1623918744482000,1,0.00140570,28177.2700
1623918745521000,1,0.00088200,28187.3700
1623918746239000,1,0.07526197,28187.3700
1623918746239000,1,0.06193803,28184.1600
1623918747060000,1,0.01000000,28184.1600
1623918748102000,1,0.07614397,28187.3700
1623918748102000,1,0.00259894,28184.1600
1623918748299000,1,0.00160700,28184.1600
1623918749645000,1,0.01000000,28187.3700
1623918749886000,1,0.05000000,28184.1600
1623918750214000,1,0.00158265,28177.2700
1623918751565000,1,0.00345375,28181.3000
1623918752861000,1,0.07123693,28181.3000
1623918753088000,1,0.00145381,28181.3000
1623918754884000,1,0.07123693,28181.3000
1623918758537000,1,0.00480941,28181.3000
1623918762149000,1,0.02715396,28189.2400
1623918762159000,1,0.04897129,28189.2400
1623918762159000,1,0.04189976,28185.8900
1623918762850000,1,0.03000000,28185.8900
1623918762869000,1,0.00422549,28185.8900
1623918762869000,1,0.00009815,28181.3000
1623918765653000,1,0.07614449,28181.3000
1623918765653000,1,0.07385551,28177.2700
1623918767144000,1,0.00226513,28177.2700
1623918767554000,1,0.00004623,28177.2700
1623918771108000,1,0.07464353,28177.2700
1623918771178000,1,0.00152334,28177.2700
1623918771931000,1,0.07465822,28172.4600
1623918772933000,1,0.07464353,28177.2700
1623918773086000,1,0.00152334,28177.2700
1623918773808000,1,0.07613670,28177.2700
1623918773826000,1,0.00003017,28177.2700
1623918773826000,1,0.00152364,28172.4600
1623918782528000,1,0.02000000,28162.6800
1623918783096000,1,0.05613585,28162.6800
1623918784688000,1,0.00249900,28162.6800
1623918784731000,1,0.07363685,28162.6800
1623918787935000,1,0.07000000,28162.6800
1623918790071000,1,0.07461925,28159.9000
1623918792797000,1,0.00149238,28159.9000
1623918792811000,1,0.00003046,28159.9000
1623918794614000,1,0.07000000,28159.9000
1623918794719000,1,0.00614209,28159.9000
1623918794764000,1,0.07615203,28154.9200
1623918796626000,1,0.07462899,28154.9200
1623918796679000,1,0.00152304,28154.9200
1623918799657000,1,0.07462899,28154.9200
1623918800061000,1,0.00152304,28154.9200
1623918800363000,1,0.07000000,28154.9200
1623918817171000,1,0.07615164,28173.1800
1623918817171000,1,0.07615164,28169.6400
1623918817171000,1,0.07158254,28162.7900
1623918823608000,1,0.02919420,28168.0900
1623918824317000,1,0.00330260,28168.0900
1623918838860000,1,0.04000000,28168.0900
1623918842558000,1,0.00366558,28168.0900
1623918842558000,1,0.00456910,28162.7900
1623918842558000,1,0.00615203,28154.9200
1623918842558000,1,0.01561329,28154.0000
1623918843028000,1,0.07619738,28153.9900
1623918845549000,1,0.00255780,28159.1400
1623918846002000,1,0.00395920,28159.1400
1623918846272000,1,0.00305760,28159.1400
1623918846891000,1,0.06661800,28159.1400
1623918848060000,1,0.07615203,28154.9200
1623918848060000,1,0.07384797,28153.9900
1623918849195000,1,0.00230242,28153.9900
1623918849442000,1,0.00004699,28153.9900
1623918851682000,1,0.00490000,28153.9900
1623918851979000,1,0.07129738,28153.9900
1623918853333000,1,0.00088200,28147.5800
1623918853603000,1,0.07000000,28153.9900
1623918858145000,1,0.00607343,28153.9900
1623918858239000,1,0.00012395,28153.9900
1623918858405000,1,0.00251860,28153.9900
1623918858452000,1,0.00607343,28153.9900
1623918863324000,1,0.06625324,28153.9900
1623918863610000,1,0.00135211,28153.9900
1623918863995000,1,0.07467343,28153.9900
1623918864188000,1,0.00152395,28153.9900
1623918870116000,1,0.00490000,28153.9900
1623918870421000,1,0.03840620,28153.9900
1623918871233000,1,0.00248920,28153.9900
1623918871587000,1,0.03040198,28153.9900
1623918874757000,1,0.07619738,28153.9900
1623918874757000,1,0.07380262,28152.5100
1623918874761000,1,0.00239580,28152.5100
1623918882067000,1,0.07618514,28142.3300
1623918884416000,1,0.01624938,28132.0500
1623918900964000,1,0.00782641,28151.6300
1623918906364000,1,0.00072621,28151.6300
1623918907680000,1,0.07623631,28144.5700
1623918907680000,1,0.07406886,28140.8200
1623918907730000,1,0.00216745,28140.8200
1623918910491000,1,0.07000000,28140.8200
1623918915528000,1,0.05875072,28132.0500
1623918915589000,1,0.00119899,28132.0500
1623918917684000,1,0.07467511,28132.0500
1623918917828000,1,0.00152398,28132.0500
1623918917950000,1,0.07621838,28129.1100
1623918919349000,1,0.07470581,28123.4100
1623918919389000,1,0.00152461,28123.4100
1623918924422000,1,0.07470581,28123.4100
1623918924446000,1,0.00152461,28123.4100
1623918924850000,1,0.02940067,28123.4100
1623918926422000,1,0.04589315,28123.4100
1623918934754000,1,0.07626312,28136.0900
1623918934754000,1,0.02173688,28132.4200
1623918934939000,1,0.07626312,28136.0900
1623918934939000,1,0.05452624,28132.4200
1623918936774000,1,0.07626312,28136.0900
1623918936774000,1,0.07321260,28132.4200
1623918936802000,1,0.00305052,28132.4200
1623918939345000,1,0.07000000,28132.4200
1623918941779000,1,0.00626312,28132.4200
1623918941779000,1,0.07462992,28130.6300
1623918945792000,1,0.07000000,28132.4200
1623918946165000,1,0.00093660,28123.4100
1623918949295000,1,0.07470581,28123.4100
1623918949329000,1,0.00152461,28123.4100
1623918950284000,1,0.07470581,28123.4100
1623918951179000,1,0.00152461,28123.4100
1623918954281000,1,0.07476048,28131.8700
1623918956175000,1,0.00149521,28131.8700
1623918959310000,1,0.00003051,28131.8700
1623918959310000,1,0.07475987,28131.8700
1623918962316000,1,0.00149580,28131.8700
1623918962337000,1,0.00003053,28131.8700
1623918967142000,1,0.07627575,28138.1100
1623918967142000,1,0.07323496,28131.8700
1623918967171000,1,0.00305124,28131.8700
1623918967360000,1,0.00564480,28138.1100
1623918968134000,1,0.01000000,28138.1100
1623918972316000,1,0.07622097,28153.2200
1623918972316000,1,0.07317213,28149.4900
1623918977169000,1,0.07469655,28153.2200
1623918977187000,1,0.00152442,28153.2200
1623918981442000,1,0.07000000,28153.2200
1623918997855000,1,0.00609655,28153.2200
1623918997964000,1,0.00012442,28153.2200
1623919001270000,1,0.07000000,28159.3400
1623919001546000,1,0.00620282,28159.3400
1623919002531000,1,0.07467876,28159.3400
1623919003525000,1,0.00149358,28159.3400
1623919005785000,1,0.00003048,28159.3400
1623919005785000,1,0.06996952,28159.3400
1623919006550000,1,0.00610863,28159.3400
1623919008274000,0,0.00090000,28175.8100
1623919008274000,0,0.00090000,28181.5400
1623919008274000,0,0.00671000,28184.3300
1623919017100000,1,0.00012467,28159.3400
1623919017100000,1,0.06987533,28159.3300
1623919017513000,1,0.00632032,28159.3300
1623919019568000,1,0.02944008,28153.2200
1623919020515000,1,0.04584527,28153.2200
1623919020894000,1,0.00093562,28153.2200
1623919023137000,1,0.00775919,28156.4400
1623919023158000,1,0.00775919,28156.4400
1623919023557000,1,0.02656744,28156.4400
1623919027142000,1,0.00137244,28162.8000
1623919027152000,1,0.00137244,28162.8000
1623919028135000,1,0.00650734,28162.8000
1623919028517000,1,0.06694210,28162.8000
1623919029142000,1,0.07198045,28162.8000
1623919031503000,1,0.00412959,28162.8000
1623919031522000,1,0.00008428,28162.8000
1623919032524000,1,0.00412959,28162.8000
1623919033130000,1,0.00412959,28162.8000
1623919036514000,1,0.06657644,28162.8000
1623919040684000,1,0.00133153,28162.8000
1623919041524000,1,0.00002717,28162.8000
1623919041524000,1,0.00130436,28162.8000
1623919041897000,1,0.07339216,28162.8000
1623919046901000,1,0.00146784,28162.8000
1623919047471000,1,0.00002996,28162.8000
1623919047471000,1,0.19364760,28156.4500
1623919047471000,1,0.02632244,28156.4400
1623919051764000,1,0.00423360,28156.4400
1623919051901000,1,0.00356943,28156.4400
1623919053827000,1,0.01415120,28159.6100
1623919054057000,1,0.06205210,28159.6100
1623919054057000,1,0.07621129,28156.4400
1623919054552000,1,0.07620330,28159.6100
1623919055736000,1,0.07620330,28159.6100
1623919055736000,1,0.07316300,28156.4400
1623919078599000,1,0.01103076,28186.3400
1623919078635000,1,0.00275769,28186.3400
1623919078659000,1,0.00275777,28186.3400
1623919086105000,1,0.05000000,28186.3400
1623919088661000,1,0.00275801,28186.3400
1623919088693000,1,0.00682351,28186.3400
1623919088693000,1,0.07317649,28181.4400
1623919113144000,1,0.03000000,28184.3800
1623919113169000,1,0.02940000,28184.3800
1623919113677000,1,0.01674400,28184.3800
1623919114591000,1,0.02000000,28180.8300
1623919119553000,1,0.07000000,28170.4600
1623919133939000,1,0.00200907,28162.2300
1623919134662000,1,0.00490000,28162.2300
1623919134681000,1,0.06929227,28162.2300
1623919137638000,1,0.07467731,28162.2300
1623919137969000,1,0.00152403,28162.2300
1623919140085000,1,0.00296329,28162.2300
1623919140104000,1,0.00296329,28162.2300
1623919140130000,1,0.00296329,28162.2300
1623919143408000,1,0.00259700,28162.2300
1623919143745000,1,0.00254800,28162.2300
1623919144097000,1,0.01087800,28162.2300
1623919144371000,1,0.00279300,28162.2300
1623919144811000,1,0.00266560,28162.2300
1623919145409000,1,0.04582987,28162.2300
1623919146244000,1,0.02000000,28156.5800
1623919147935000,1,0.00284200,28153.2900
1623919153132000,1,0.07185861,28153.2900
1623919153156000,1,0.00146650,28153.2900
1623919156626000,1,0.07467072,28161.8800
1623919156841000,1,0.00152389,28161.8800
1623919160357000,1,0.00248920,28161.8800
1623919160739000,1,0.07370541,28161.8800
1623919160958000,1,0.00249900,28161.8800
1623919161394000,1,0.03920000,28161.8800
1623919162801000,1,0.03380570,28161.8800
1623919163105000,1,0.00068991,28161.8800
1623919163909000,1,0.03380570,28161.8800
1623919164534000,1,0.02986060,28161.8800
1623919165125000,1,0.01252831,28161.8800
1623919165558000,0,0.00701000,28185.6700
1623919165755000,1,0.03380570,28161.8800
1623919166444000,1,0.04154113,28161.8800
1623919167089000,1,0.00083082,28161.8800
1623919167726000,1,0.00001696,28161.8800
1623919173206000,1,0.07465714,28148.4000
1623919176456000,1,0.00149315,28148.4000
1623919177624000,1,0.00003047,28148.4000
1623919177624000,1,0.07465654,28148.4000
1623919194061000,1,0.07000000,28164.4700
1623919211173000,1,0.07464487,28159.4200
1623919211231000,1,0.00152336,28159.4200
1623919227505000,1,0.02000000,28159.4200
1623919227515000,1,0.05616823,28159.4200
1623919230156000,1,0.07467669,28154.8700
1623919232704000,1,0.00149374,28148.4000
1623919257006000,1,0.05145980,28151.3500
1623919263547000,1,0.02000000,28151.3500
1623919263631000,1,0.00475636,28151.3500
1623919263828000,1,0.00003048,28148.4000
1623919268405000,1,0.07469242,28147.3200
1623919268428000,1,0.00152434,28147.3200
1623919268772000,1,0.00273420,28147.3200
1623919269097000,1,0.07348256,28147.3200
1623919272565000,1,0.02637180,28147.3200
1623919273329000,1,0.04984496,28147.3200
1623919273329000,1,0.07622333,28142.8200
1623919273329000,1,0.07619246,28142.7200
1623919273764000,1,0.07469242,28147.3200
1623919274120000,1,0.00152434,28147.3200
1623919275619000,1,0.00980000,28147.3200
1623919275899000,1,0.06641676,28147.3200
1623919277601000,1,0.07471430,28150.7400
1623919277928000,1,0.00152478,28150.7400
1623919279709000,1,0.01784580,28150.7400
1623919279949000,1,0.05839328,28150.7400
1623919281753000,1,0.07471430,28150.7400
1623919282643000,1,0.00149428,28150.7400
1623919284035000,1,0.00003050,28150.7400
1623919284035000,1,0.07471369,28150.7400
1623919284665000,1,0.00152539,28150.7400
1623919285827000,1,0.07471430,28150.7400
1623919285943000,1,0.00152478,28150.7400
1623919287017000,1,0.05880000,28147.3200
1623919288800000,1,0.01706842,28147.3200
1623919288826000,1,0.00034834,28147.3200
1623919289301000,1,0.01706842,28147.3200
1623919290661000,1,0.07000000,28142.8200
1623919290808000,1,0.00622333,28142.8200
1623919299608000,1,0.07474252,28135.7100
1623919321215000,0,0.17000000,28159.3100
1623919321215000,0,0.07626788,28160.7700
1623919321215000,0,0.00090000,28160.8300
1623919321215000,0,0.07319151,28164.8700
1623919332131000,1,0.00342020,28134.7400
1623919332314000,1,0.07274922,28134.7400
1623919332516000,1,0.07464603,28134.7400
1623919332859000,1,0.00149292,28134.7400
1623919334676000,1,0.00003047,28134.7400
1623919334676000,1,0.06996953,28134.7400
1623919334680000,1,0.00619989,28134.7400
1623919336591000,1,0.07000000,28134.7400
1623919336818000,1,0.00616942,28134.7400
1623919337492000,1,0.07475294,28133.1700
1623919341801000,1,0.07476317,28133.9400
1623919342199000,1,0.00152578,28133.9400
1623919342382000,1,0.07476317,28133.9400
1623919342662000,1,0.00152578,28133.9400
1623919376822000,1,0.07624030,28147.1600
1623919381330000,1,0.17000000,28138.7000
1623919381330000,1,0.07135355,28137.3000
1623919404649000,1,0.07623950,28135.2900
1623919409208000,1,0.00002939,28135.2900
1623919409208000,1,0.07626889,28135.2900
1623919411764000,1,0.01122100,28142.8300
1623919415282000,1,0.04879420,28142.8300
1623919415366000,1,0.01624259,28142.8300
1623919418219000,1,0.07473263,28142.8300
1623919418574000,1,0.00152516,28142.8300
1623919423631000,1,0.07473263,28142.8300
1623919423650000,1,0.00152516,28142.8300
1623919425822000,1,0.02057020,28142.8300
1623919426256000,1,0.05457384,28142.8300
1623919426453000,1,0.00111375,28142.8300
1623919427885000,1,0.01602300,28142.8300
1623919428634000,1,0.05903009,28142.8300
1623919429225000,1,0.00118061,28142.8300
1623919429900000,1,0.00002409,28142.8300
1623919432348000,1,0.07000000,28139.9700
1623919432360000,1,0.00625779,28139.9700
1623919432686000,1,0.06860000,28139.9700
1623919433324000,1,0.00750463,28139.9700
1623919433830000,1,0.00015316,28139.9700
1623919436727000,1,0.00980000,28139.9700
1623919437086000,1,0.02940000,28139.9700
1623919475400000,1,0.07000000,28135.2900
1623919488366000,0,0.00164000,28140.6500
1623919525016000,1,0.02808680,28135.1200
1623919525683000,1,0.04095420,28135.1200
1623919525824000,1,0.00722514,28135.1200
1623919525943000,1,0.07474082,28135.1200
1623919526809000,1,0.07474082,28131.7400
1623919526906000,1,0.00152532,28131.7400
1623919529461000,1,0.07000000,28131.7400
1623919539447000,1,0.07475750,28128.0900
1623919539499000,1,0.00152566,28128.0900
1623919541110000,1,0.07475750,28128.0900
1623919541636000,1,0.00149515,28128.0900
1623919543140000,1,0.00003051,28128.0900
1623919549023000,0,0.00239000,28149.3100
1623919567973000,1,0.07627055,28122.3400
1623919567973000,1,0.00088747,28117.6200
1623919570369000,1,0.07474514,28122.3400
1623919570451000,1,0.00152541,28122.3400
1623919572175000,1,0.00980000,28122.3400
1623919572194000,1,0.06647055,28122.3400
1623919573994000,1,0.07474514,28122.3400
1623919579779000,1,0.00152541,28122.3400
1623919579779000,1,0.06847459,28117.6200
1623919608666000,1,0.07475138,28130.7200
1623919618139000,1,0.07476990,28123.1400
1623919622174000,0,0.00131166,28134.3600
1623919658299000,1,0.07479637,28107.8100
1623919659148000,1,0.07630572,28102.8100
1623919659211000,1,0.00003080,28102.8100
1623919661447000,1,0.07631017,28097.4200
1623919661447000,1,0.01705686,28091.0500
1623919663919000,1,0.00088200,28033.0000
1623919670248000,0,0.03041414,28040.0100
1623919769425000,1,0.07000000,27958.4300
1623919771083000,0,0.00090000,27949.4900
1623919822804000,1,0.07000000,27990.2500
1623919925921000,1,0.07000000,28019.1900
1623919954864000,0,0.00599000,28038.4500
1623920090319000,0,0.00254000,28032.2400
1623920136965000,0,0.00975086,28091.9600
1623920137043000,0,0.02667373,28091.9600
1623920137418000,0,0.01873912,28091.9500
1623920137463000,0,0.17000000,28091.9500
1623920169465000,0,0.00177000,28110.8800
1623920316188000,1,0.07000000,28106.0900
1623920369915000,0,0.00153000,28133.5700
1623920370001000,1,0.07000000,28110.3600
1623920441815000,1,0.00088200,28182.8200
1623920562876000,1,0.03000000,28145.0900
1623920570690000,1,0.07000000,28138.3300
1623920753461000,1,0.07625858,28146.2500
1623920753461000,1,0.07625858,28143.1200
1623920781901000,0,0.05109000,28166.1900
1623920874016000,1,0.07625411,28145.4300
1623920874016000,1,0.07625552,28142.7300
1623920901003000,1,0.07000000,28145.4300
1623920930554000,0,0.00147000,28142.7000
1623920978101000,0,0.00102000,28136.1700
1623921078670000,1,0.07634923,28085.4500
1623921089072000,1,0.02000000,28085.4500
1623921105952000,1,0.07637030,28076.8500
1623921196948000,1,0.07629245,28114.9000
1623921196948000,1,0.07630622,28114.8900
1623921201502000,1,0.07629044,28121.5300
1623921247067000,1,0.07000000,28106.5800
1623921250787000,0,0.00210000,28116.9900
1623921315118000,1,0.07632261,28095.6100
1623921315118000,1,0.07633183,28091.6200
1623921319669000,1,0.07635948,28096.3300
1623921437554000,1,0.07641542,28078.1500
1623921499269000,1,0.07644911,28062.5100
1623921499269000,1,0.07355089,28061.8000
1623921517450000,0,0.01400000,28084.3800
1623921591531000,1,0.07495935,28047.0900
1623921595083000,1,0.00149918,28047.0900
1623921595295000,1,0.00003060,28047.0900
1623921597192000,1,0.07495935,28047.0900
1623921598337000,1,0.00149918,28047.0900
1623921598995000,1,0.00003060,28047.0900
1623921601775000,1,0.07000000,28047.0900
1623921613701000,0,0.00513000,28062.4100
1623921675618000,0,0.00421713,28071.7200
1623921677521000,1,0.07495640,28054.1500
1623921679364000,1,0.00149913,28054.1500
1623921679379000,1,0.00003059,28054.1500
1623921681710000,1,0.07495640,28054.1500
1623921697931000,1,0.00152972,28054.1500
1623921697931000,1,0.06847028,28051.1700
1623921731284000,0,0.00684000,28062.6600
1623921744551000,1,0.07000000,28036.9600
1623921762152000,0,0.02223000,28044.3200
1623921842540000,1,0.07656439,28022.0100
1623921842540000,1,0.07343561,28022.0000
1623921843018000,1,0.07653544,28008.1700
1623921843018000,1,0.00346456,28002.3800
1623921882027000,1,0.01000000,28006.3200
1623921883338000,0,0.17000000,28028.4200
1623921883338000,0,0.07139998,28029.8200
1623921886390000,0,0.00168773,28025.8800
1623921961852000,1,0.04485512,28052.6800
1623921961985000,1,0.03000000,28052.6800
1623921967142000,0,0.01012638,28062.2000
1623922004175000,1,0.07657288,28014.6300
1623922014959000,1,0.07000000,28019.7200
1623922015156000,1,0.00655577,28019.7200
1623922037270000,0,0.07653465,28059.1100
1623922037270000,0,0.00346535,28067.8800
1623922089056000,0,0.03407000,28148.3000
1623922099556000,1,0.03714586,28128.2500
1623922099643000,1,0.03913552,28128.2500
1623922099665000,1,0.07626753,28121.4300
1623922105559000,1,0.04000000,28111.6800
1623922107781000,0,0.00090000,28130.3900
1623922107781000,0,0.00059699,28131.0500
1623922138531000,0,0.07631570,28134.5600
1623922139980000,0,0.00635947,28149.4200
1623922194513000,0,0.00243000,28149.9700
1623922325289000,0,0.10596954,28169.3200
1623922451100000,0,0.00324000,28154.4400
1623922458115000,1,0.17000000,28127.7000
1623922458115000,1,0.07139513,28126.0700
1623922458921000,1,0.00492643,28126.0700
1623922465717000,1,0.00090000,28126.6100
1623922465717000,1,0.07630521,28124.9700
1623922465717000,1,0.00090000,28119.7400
1623922465717000,1,0.00090000,28119.7300
1623922465717000,1,0.00992237,28118.3900
1623922465717000,1,0.03400000,28118.3800
1623922465717000,1,0.07630935,28118.3700
1623922465717000,1,0.01076307,28113.4700
1623922465834000,1,0.00090000,28133.3900
1623922592889000,0,0.00088200,28153.6200
1623922592912000,0,0.00001800,28153.6200
1623922700126000,1,0.07000000,28158.4800
1623922725752000,0,0.00126000,28170.4700
1623923120426000,0,0.00102000,28133.6100
1623923190291000,0,0.00409000,28130.3600
1623923199936000,0,0.00174000,28130.3600
1623923215002000,1,0.00090000,28111.5400
1623923219061000,1,0.00088200,28098.8900
1623923219398000,1,0.00001800,28098.8900
1623923246906000,1,0.07639043,28079.9400
1623923319939000,0,0.00102000,28087.1100
1623923338317000,0,0.00090000,28095.4200
1623923338317000,0,0.00049000,28100.3800
1623923497546000,1,0.02000000,28114.1000
1623923511282000,0,0.00273000,28120.6300
1623923531071000,0,0.00090000,28136.1000
1623923531071000,0,0.00176000,28137.9300
1623923539930000,0,0.01735444,28127.2400
1623923649610000,0,0.00088200,28175.2600
1623923649985000,0,0.00001800,28175.2600
1623923656524000,1,0.00090000,28250.3400
1623923656524000,1,0.00090000,28244.0900
1623923656524000,1,0.00090000,28238.0500
1623923656524000,1,0.01754229,28231.9500
1623923657658000,0,0.01378331,28296.0600
1623923657706000,0,0.00218779,28296.0600
1623923657708000,0,0.01110970,28296.0600
1623923661240000,1,0.00090000,28266.5600
1623923661240000,1,0.00090000,28258.4800
1623923661240000,1,0.00090000,28258.2800
1623923661240000,1,0.00542985,28254.7600
1623923663835000,1,0.00090000,28256.1700
1623923664068000,1,0.16000000,28256.1700
1623923665935000,0,0.00507021,28231.9400
1623923670536000,1,0.00262030,28233.3700
1623923687717000,1,0.00128936,28267.6900
1623923690228000,0,0.00090000,28284.4900
1623923690228000,0,0.00090000,28291.3400
1623923690228000,0,0.00513464,28298.6300
1623923708707000,0,0.00117762,28267.6900
1623923711629000,0,0.00000001,28267.6900
1623923748520000,1,0.01026817,28261.8100
1623923770489000,1,0.00089391,28223.2200
1623923813213000,0,0.04248298,28256.3600
1623923813267000,0,0.12751702,28256.3600
1623923864107000,0,0.17000000,28257.3700
1623923864253000,0,0.01000000,28269.6000
1623923908750000,1,0.07000000,28264.4900
1623923908751000,1,0.00594652,28264.4900
1623923916559000,1,0.07441747,28270.5600
1623923922074000,1,0.07000000,28264.2500
1623923977995000,1,0.07438763,28285.6600
1623923982575000,1,0.00641634,28280.0500
1623923982618000,1,0.06950449,28280.0500
1623923983288000,1,0.01960000,28280.0500
1623923983786000,1,0.05632083,28280.0500
1623923985104000,1,0.04961485,28280.0500
1623923985793000,1,0.02577986,28280.0500
1623924004028000,0,0.00385429,28280.0500
1623924004028000,0,0.00301680,28280.0500
1623924004028000,0,0.00078461,28280.0500
1623924004590000,0,0.00015624,28280.0500
1623924013377000,0,0.00090000,28307.1500
1623924013377000,0,0.02439000,28311.6900
1623924019266000,0,0.01356000,28289.3800
1623924051726000,0,0.00090000,28287.9100
1623924051726000,0,0.00012000,28293.6500
1623924130535000,0,0.01289000,28261.9800
1623924149484000,1,0.07600537,28244.8800
1623924238005000,0,0.00102000,28255.8700
1623924301042000,1,0.07000000,28225.8700
1623924402849000,1,0.00090000,28217.9200
1623924402872000,1,0.00415325,28217.9200
1623924402948000,1,0.07104008,28217.9200
1623924402948000,1,0.07610100,28213.2100
1623924405025000,0,0.17000000,28220.9300
1623924462727000,1,0.03920000,28215.6300
1623924639125000,0,0.00340000,28235.1000
1623924847445000,1,0.01900220,28238.9800
1623924847681000,1,0.00448840,28238.9800
1623924847877000,1,0.00294000,28238.9800
1623924848198000,1,0.00291060,28238.9800
1623924861434000,1,0.04000000,28238.9800
1623924861656000,1,0.07610520,28234.2100
1623924861656000,1,0.03389480,28231.3400
1623924912538000,1,0.07604034,28258.9200
1623924912538000,1,0.17000000,28254.9200
1623924912538000,1,0.07605077,28253.5100
1623924912538000,1,0.00090000,28252.4100
1623924912538000,1,0.07607851,28247.5500
1623924912538000,1,0.00090000,28244.0400
1623924912538000,1,0.07608803,28242.9000
1623924963055000,1,0.07000000,28292.4200
1623924992377000,0,0.00090000,28289.2000
1623924992377000,0,0.03363467,28292.1500
1623924999514000,1,0.01150648,28274.4400
1623925005938000,0,0.02034000,28290.7300
1623925032656000,0,0.00090000,28300.6000
1623925032656000,0,0.00177905,28300.7500
1623925038773000,1,0.05984272,28282.3200
1623925038824000,1,0.01616093,28282.3200
1623925054561000,1,0.07000000,28276.7900
1623925090093000,1,0.07000000,28264.4700
1623925132592000,0,0.00703590,28283.4800
1623925143496000,0,0.01017000,28280.6400
1623925150005000,1,0.00606045,28264.4700
1623925150005000,1,0.07393955,28260.7400
1623925206280000,1,0.04404806,28244.8300
1623925206295000,1,0.03200963,28244.8300
1623925210885000,1,0.05506790,28244.8300
1623925210900000,1,0.02098979,28244.8300
1623925271159000,1,0.07609782,28250.8500
1623925271159000,1,0.06959100,28247.7800
1623925283206000,0,0.01343352,28266.0800
1623925312292000,1,0.07459930,28244.2200
1623925325667000,1,0.07459372,28250.8300
1623925325685000,1,0.00152232,28250.8300
1623925329525000,1,0.00149198,28244.2200
1623925329541000,1,0.00003045,28244.2200
1623925333434000,1,0.03665172,28244.2200
1623925340076000,1,0.03000000,28244.2200
1623925367386000,0,0.00102000,28264.6300
1623925376082000,0,0.00102000,28275.5900
1623925378144000,1,0.07458572,28263.6700
1623925378169000,1,0.00152216,28263.6700
1623925379659000,1,0.07458572,28263.6700
1623925379693000,1,0.00152216,28263.6700
1623925383858000,0,0.00090000,28267.3800
1623925383858000,0,0.00090000,28273.9900
1623925383858000,0,0.02409964,28275.5900
1623925454339000,0,0.00678000,28291.9200
1623925456305000,0,0.16000000,28291.9200
1623925564711000,1,0.00591343,28306.0000
1623925574227000,0,0.00090000,28306.0000
1623925601653000,1,0.07451359,28301.3200
1623925601657000,1,0.00152069,28301.3200
1623925622922000,1,0.09005200,28291.8000
1623925622922000,1,0.06994800,28291.6800
1623925634224000,0,0.09138045,28303.1500
1623925644545000,1,0.04500000,28276.5700
1623925748992000,1,0.00296847,28292.2800
1623925749019000,1,0.00296847,28292.2800
1623925770212000,1,0.17000000,28293.4000
1623925833971000,0,0.00102000,28267.0800
1623925885738000,0,0.02210041,28262.7800
1623925905968000,0,0.01283489,28256.1200
1623925924526000,1,0.00090000,28248.4500
1623925924526000,1,0.02882102,28246.2200
1623925924526000,1,0.04490790,28246.2100
1623925924548000,1,0.03124406,28246.2100
1623925930302000,1,0.07460062,28233.9300
1623925930329000,1,0.00152246,28233.9300
1623925991664000,0,0.00090000,28259.3800
1623925991664000,0,0.00181000,28260.7000
1623926035632000,0,0.00136000,28260.7000
1623926086275000,0,0.00887531,28262.7200
1623926153197000,0,0.00704030,28265.8300
1623926283110000,0,0.00544000,28221.8100
1623926291495000,0,0.10198000,28216.1600
1623926378333000,0,0.00340000,28205.2800
1623926384513000,0,0.03360000,28205.9700
1623926454375000,0,0.00815000,28232.3800
1623926507348000,1,0.00555000,28196.2300
1623926577805000,0,0.01341488,28213.2000
1623926615165000,0,0.00208000,28227.8200
1623926694766000,1,0.07000000,28190.6100
1623926701172000,1,0.07000000,28176.0800
1623926912466000,1,0.07623861,28213.6100
1623927048862000,0,0.00187000,28213.0400
1623927084239000,1,0.07000000,28174.7800
1623927189767000,1,0.00137596,28120.9100
1623927248679000,0,0.00511000,28159.1900
1623927384403000,0,0.00340000,28179.1200
1623927386741000,0,0.00318000,28179.1200
1623927461404000,0,0.00375000,28168.0700
1623927462002000,0,0.00701000,28168.0700
1623927489485000,0,0.00408000,28182.2300
1623927493472000,0,0.00391000,28187.3300
1623927497776000,1,0.07000000,28167.3700
1623927585656000,0,0.00248000,28166.3800
1623927631259000,1,0.17000000,28154.8100
1623927641298000,1,0.00218144,28146.9200
1623927796728000,0,0.07063720,28172.8300
1623927931850000,0,0.00379763,28180.6900
1623927962943000,0,0.07256706,28180.6900
1623927962943000,0,0.06521003,28184.6200
1623927974974000,0,0.02830000,28199.7000
1623927978793000,1,0.00088200,28177.5600
1623927978843000,1,0.00001800,28177.5600
1623928023859000,0,0.00136000,28170.0200
1623928062174000,1,0.01858162,28139.4500
1623928216714000,1,0.01170973,28139.4700
1623928222711000,0,0.00277464,28159.5000
1623928242940000,0,0.01547076,28153.7900
1623928403434000,1,0.00081400,28162.4300
1623928473684000,0,0.01848895,28192.2500
1623928644255000,0,0.00436843,28169.4700
1623928654599000,1,0.07639748,28148.7200
1623928654599000,1,0.00090000,28147.2500
1623928654599000,1,0.07640649,28145.0800
1623928654599000,1,0.05929603,28141.4700
1623928664815000,1,0.03000000,28142.8700
1623928743545000,0,0.00102000,28143.3800
1623928785316000,0,0.00097779,28139.9200
1623928835538000,1,0.00736099,28111.7600
1623928871264000,1,0.00090000,28100.0000
1623928871290000,1,0.02406933,28100.0000
1623928871365000,1,0.08918000,28100.0000
1623928871431000,1,0.01026221,28100.0000
1623928871501000,1,0.01468343,28100.0000
1623928871574000,1,0.00254773,28100.0000
1623928879139000,1,0.00090000,28099.0200
1623928879226000,1,0.00070005,28099.0200
1623929035182000,0,0.07657607,28098.3400
1623929035182000,0,0.01417147,28100.7900
1623929051799000,0,0.00176000,28100.6900
1623929190179000,1,0.17000000,28064.6200
1623929190179000,1,0.07000000,28064.5800
1623929190913000,1,0.01999924,28050.2500
1623929190913000,1,0.00799964,28050.2500
1623929190913000,1,0.05199506,28045.3400
1623929190913000,1,0.01075360,28017.9200
1623929247829000,1,0.00100000,28048.1400
1623929248316000,1,0.00060295,28048.1400
1623929313294000,0,0.00251600,28084.6800
1623929341019000,1,0.17000000,28068.0800
1623929341019000,1,0.07000000,28068.0200
1623929342231000,1,0.07505022,28054.5100
1623929342381000,1,0.00153164,28054.5100
1623929416810000,1,0.17000000,28069.0800
1623929456243000,1,0.07652949,28079.0900
1623929827689000,0,0.00395936,28090.9500
1623929878799000,0,0.00683000,28089.5500
1623930002271000,0,0.00181000,28119.8700
1623930066445000,1,0.01000000,28108.4000
1623930067387000,1,0.03000000,28104.1500
1623930134450000,1,0.00090000,28095.9200
1623930134450000,1,0.07652491,28093.3200
1623930134450000,1,0.00090000,28089.7700
1623930134450000,1,0.07653879,28089.3300
1623930134450000,1,0.09699311,28085.6000
1623930134450000,1,0.07654849,28085.5900
1623930134450000,1,0.00090000,28084.1000
1623930134450000,1,0.17000000,28082.4500
1623930134450000,1,0.07650106,28081.9000
1623930134450000,1,0.00090000,28077.7800
1623930134450000,1,0.07651098,28077.2800
1623930134450000,1,0.04699959,28066.3600
1623930134450000,1,0.00723143,28066.3600
1623930134450000,1,0.01807857,28066.3600
1623930134450000,1,0.01318575,28066.3500
1623930171161000,1,0.05000000,28085.5900
1623930178446000,1,0.00122278,28072.9300
1623930248782000,0,0.03046333,28095.6100
1623930248782000,0,0.03046442,28095.6300
1623930248782000,0,0.07560225,28098.4600
1623930298992000,1,0.07655378,28081.3000
1623930298992000,1,0.00344622,28077.7300
1623930539675000,1,0.00145980,28104.8300
1623930773784000,0,0.00716000,28115.1300
1623930848841000,0,0.06911417,28090.6200
1623931029577000,0,0.00392000,28107.1100
1623931119314000,0,0.00176000,28111.8300
1623931143460000,1,0.07000000,28090.3800
1623931256927000,1,0.03400000,28032.9500
1623931256927000,1,0.00759504,28032.9400
1623931256927000,1,0.01898759,28032.9400
1623931256927000,1,0.03941737,28032.9300
1623931297959000,0,0.09000000,28032.0600
1623931407554000,1,0.10264750,28012.2000
1623931410362000,1,0.00120000,28008.3000
1623931567935000,1,0.07000000,28019.2000
1623931589733000,0,0.01231000,28043.1500
1623931627950000,1,0.17000000,28020.3000
1623931630915000,1,0.00090000,28017.4200
1623931630915000,1,0.00175434,28014.8400
1623931743350000,0,0.00325000,28062.1700
1623931749431000,0,0.00478000,28067.6700
1623931779873000,1,0.07000000,28052.1500
1623931812552000,1,0.23000000,28038.2600
1623931813087000,1,0.01965380,28038.2600
1623931854909000,0,0.00090000,28064.2300
1623931854909000,0,0.00090000,28069.2600
1623931854909000,0,0.00674000,28073.2400
1623931897976000,1,0.07286471,28015.3000
1623931898143000,1,0.32050424,28008.3700
1623931898143000,1,0.00730352,28008.3500
1623931898143000,1,0.01825801,28008.3500
1623931898143000,1,0.07666243,28004.9200
1623931902314000,0,0.00090000,28020.0600
1623931902997000,1,0.00090000,28020.0600
1623931903197000,1,0.00010185,28020.0600
1623931904749000,1,0.00118530,28020.0600
1623931904916000,1,0.00002419,28020.0600
1623931916411000,0,0.17000000,28024.6900
1623931929961000,0,0.01358000,28041.3900
1623931939278000,0,0.00090000,28042.7900
1623931939278000,0,0.00594000,28044.0300
1623931941765000,0,0.00174224,28039.9800
1623932007809000,1,0.25000000,28002.5100
1623932022586000,1,0.00088200,27966.3500
1623932022714000,1,0.00001800,27966.3500
1623932023714000,1,0.00090000,27950.5400
1623932023714000,1,0.00702974,27932.4800
1623932023714000,1,0.00702973,27932.4800
1623932025275000,0,0.00090000,27932.1900
1623932025275000,0,0.00031115,27942.8400
1623932025953000,1,0.17000000,27885.4000
1623932026449000,1,0.00090000,27876.7900
1623932026754000,0,0.00160676,27928.1400
1623932026756000,1,0.19014137,27876.7900
1623932031237000,0,0.00344938,27925.3400
1623932032410000,0,0.00572462,27925.3400
1623932033823000,0,0.00242742,27923.9400
1623932035454000,0,0.00160992,27923.9400
1623932036022000,1,0.00682009,27887.8600
1623932036022000,1,0.01317991,27887.8600
1623932036169000,1,0.00387031,27887.8600
1623932041276000,1,0.00169106,27909.5700
1623932041343000,1,0.00003451,27909.5700
1623932042784000,1,0.00187119,27909.5700
1623932043506000,1,0.00003819,27909.5700
1623932043506000,1,0.00121427,27909.5700
1623932057022000,1,0.00654747,27900.1100
1623932057022000,1,0.01641651,27900.1100
1623932057022000,1,0.07699793,27900.1000
1623932060365000,1,0.09000000,27840.4600
1623932061352000,1,0.00823311,27840.4600
1623932061371000,0,0.00172756,27876.0400
1623932062496000,1,0.00016802,27840.4600
1623932062650000,0,0.00073198,27840.3200
1623932062650000,0,0.00117960,27862.0700
1623932063994000,0,0.00121567,27838.9000
1623932064131000,0,0.00090000,27838.8900
1623932066148000,0,0.00161277,27862.5300
1623932071209000,0,0.00172772,27869.0100
1623932072469000,0,0.00191176,27862.1900
1623932073765000,0,0.00121579,27858.9100
1623932077998000,0,0.00090000,27842.1100
1623932082542000,0,0.00090000,27880.9700
1623932082542000,0,0.00696936,27882.3200
1623932094895000,1,0.00172966,27843.5000
1623932094895000,1,0.00191391,27843.5000
1623932094895000,1,0.00121716,27843.5000
1623932094895000,1,0.00161473,27843.5000
1623932094895000,1,0.07352454,27818.3800
1623932107544000,1,0.01742260,27795.2800
1623932107544000,1,0.00257740,27795.2800
1623932108453000,0,0.00173093,27821.6500
1623932109977000,0,0.00191531,27820.2500
1623932111202000,0,0.00121805,27814.4500
1623932142771000,0,0.38647326,27865.8700
1623932218116000,1,0.01792388,27761.4300
1623932218116000,1,0.00717621,27761.4300
1623932221824000,0,0.00173284,27788.2600
1623932227995000,1,0.00191743,27792.3800
1623932227995000,1,0.00121939,27792.3800
1623932227995000,1,0.00152261,27792.3800
1623932228405000,1,0.00009509,27792.3800
1623932253527000,1,0.00090000,27794.0400
1623932253527000,1,0.00202612,27790.8900
1623932293320000,1,0.00090000,27813.7500
1623932293338000,1,0.07000000,27813.7500
1623932322214000,0,0.00190000,27804.3200
1623932390078000,0,0.00300000,27806.2600
1623932413796000,1,0.03773815,27790.1700
1623932505441000,0,0.00862000,27821.6100
1623932542925000,1,0.07000000,27800.3400
1623932657548000,1,0.04000000,27842.8100
1623932665434000,1,0.07000000,27839.8100
1623932704638000,0,0.02452635,27833.8700
1623932729932000,0,0.01033000,27844.2100
1623932734886000,0,0.00090000,27845.6000
1623932734886000,0,0.00090000,27855.0500
1623932734886000,0,0.07726406,27856.5200
1623932734886000,0,0.00090000,27862.1100
1623932734886000,0,0.10156414,27863.1000
1623932734886000,0,0.07732893,27863.1100
1623932734886000,0,0.07481574,27870.1200
1623932743528000,1,0.07726375,27829.7900
1623932743695000,1,0.07726375,27829.7900
1623932753723000,1,0.07000000,27814.5900
1623932753899000,1,0.00728699,27814.5900
1623932796094000,1,0.00742274,27759.5300
1623932817652000,0,0.01558000,27777.2700
1623932821078000,0,0.00173431,27768.9500
1623932822359000,0,0.00191904,27768.9500
1623932823697000,0,0.00122042,27768.9500
1623932835178000,0,0.00702851,27773.0900
1623932869378000,0,0.00104000,27778.6400
1623933017144000,1,0.09000000,27757.1800
1623933025809000,1,0.00555636,27718.0100
1623933029407000,1,0.02000000,27710.3800
1623933029640000,1,0.10793991,27710.3800
1623933029641000,1,0.01661885,27710.3800
1623933032011000,0,0.00173557,27713.6400
1623933033335000,0,0.00192045,27730.7300
1623933034655000,0,0.00122131,27730.7200
1623933036159000,0,0.00162025,27730.7300
1623933080472000,0,0.02084000,27767.8300
1623933208417000,0,0.00142000,27738.7900
1623933212995000,0,0.00173710,27724.3400
1623933224881000,1,0.00192213,27724.3400
1623933224881000,1,0.00122239,27724.3400
1623933224897000,1,0.00709113,27696.5400
1623933224897000,1,0.01290887,27696.5400
1623933245245000,0,0.00490000,27724.6600
1623933249662000,0,0.00934000,27724.6600
1623933486188000,0,0.00090000,27757.5100
1623933486414000,0,0.00230213,27757.5100
1623933486432000,0,0.00896422,27757.5100
1623933486531000,0,0.00977115,27757.5100
1623933486775000,0,0.07806250,27757.5100
1623933517751000,1,0.09217098,27792.7200
1623933517751000,1,0.06782902,27792.7100
1623933528006000,0,0.03018000,27823.6800
1623933535098000,0,0.01758000,27817.1900
1623933543223000,1,0.07000000,27794.5200
1623933644735000,0,0.00334000,27812.8000
1623933655620000,1,0.01000000,27786.1700
1623933754057000,1,0.07000000,27785.6300
1623933787219000,0,0.00526537,27774.7300
1623933850983000,0,0.00190000,27782.2700
1623933926186000,1,0.07000000,27742.8200
1623933926282000,1,0.00748432,27742.8200
1623933926282000,1,0.03251568,27737.0400
1623933941309000,1,0.01000000,27708.8600
1623933941736000,1,0.00806717,27706.8700
1623933941736000,1,0.00193283,27706.8600
1623933968731000,0,0.00166000,27761.6300
1623934142116000,1,0.07000000,27803.3200
1623934149752000,1,0.07739252,27787.8400
1623934224375000,0,0.00090000,27823.2600
1623934224379000,0,0.16910000,27823.2600
1623934243036000,0,0.00536424,27892.1000
1623934253718000,1,0.07723527,27850.7200
1623934280090000,0,0.17000000,27896.8300
1623934280090000,0,0.07722600,27898.2200
1623934280090000,0,0.10943876,27899.7200
1623934288107000,0,0.00170249,27898.9700
1623934471083000,1,0.01705432,27871.7000
1623934625747000,0,0.17000000,27856.1000
1623934627835000,0,0.02000000,27862.5700
1623934714127000,0,0.10744101,27855.4700
1623934797781000,0,0.01785564,27862.8900
1623934908101000,0,0.10339000,27831.0600
1623935032348000,0,0.03441563,27835.4300
1623935032349000,0,0.08127223,27835.4300
1623935032496000,0,0.02033043,27835.4300
1623935032545000,0,0.00121871,27835.4300
1623935032558000,0,0.01422425,27835.4300
1623935032631000,0,0.00541560,27835.4300
1623935032632000,0,0.00905706,27835.4300
1623935032743000,0,0.00406609,27835.4300
1623935043908000,0,0.16000000,27894.8900
1623935050671000,0,0.03009000,27898.6900
1623935103154000,0,0.00654000,27879.8100
1623935158537000,0,0.00886000,27871.6000
1623935196987000,1,0.35000000,27829.7800
1623935223558000,0,0.16637486,27838.8800
1623935229651000,0,0.02556413,27854.8900
1623935267425000,0,0.00241000,27851.9000
1623935275175000,0,0.03400515,27839.3100
1623935294566000,0,0.00358000,27843.2300
1623935343070000,0,0.06000000,27831.4000
1623935380704000,1,0.07000000,27818.8900
1623935409984000,0,0.07015625,27815.2500
1623935413003000,0,0.00440000,27810.7200
1623935529001000,0,0.07000000,27772.2100
1623935543970000,0,0.00863000,27787.0000
1623935628829000,0,0.00735000,27812.2000
1623935646507000,0,0.00229000,27808.1800
1623935649066000,0,0.00345000,27808.1800
1623935660788000,1,0.00553726,27794.4800
1623935888729000,0,0.00104000,27773.9700
1623935897844000,0,0.00104000,27782.1500
1623936111847000,1,0.00393969,27749.9300
1623936137571000,0,0.00794000,27788.2400
1623936192140000,1,0.01863924,27787.3500
1623936192934000,0,0.00172000,27812.9200
1623936282624000,1,0.05959342,27802.9100
1623936323156000,1,0.00149011,27807.6100
1623936330072000,1,0.17000000,27810.4100
1623936513431000,0,0.00323742,27780.2700
1623936527728000,0,0.01001000,27775.5600
1623936553658000,0,0.00170337,27790.9900
1623936563881000,0,0.00942288,27790.9900
1623936574109000,1,0.00170337,27780.5200
1623936697537000,1,0.14000000,27815.5600
1623936709798000,1,0.14000000,27812.1300
1623936761764000,0,0.00367000,27854.0000
1623936814450000,1,0.02029440,27841.2200
1623936814451000,1,0.00954913,27841.2200
1623936814458000,1,0.01127972,27841.2200
1623936814458000,1,0.01251550,27841.2200
1623936814465000,1,0.01122348,27841.2200
1623936814472000,1,0.01133727,27841.2200
1623936814650000,1,0.02009089,27841.2200
1623936872687000,0,0.07726723,27859.0900
1623936901347000,1,0.01000000,27857.8600
1623936916427000,1,0.13000000,27838.2900
1623936928262000,0,0.00537000,27880.9100
1623937024971000,0,0.04214175,27848.0500
1623937052518000,0,0.00189000,27840.7100
1623937055970000,0,0.01786987,27840.7100
1623937084865000,0,0.07000000,27840.4600
1623937100116000,1,0.17000000,27838.2500
1623937132969000,1,0.17000000,27828.0600
1623937136448000,0,0.01307248,27839.4000
1623937163664000,0,0.00339432,27846.4600
1623937196579000,1,0.17000000,27846.9000
1623937217720000,0,0.00103000,27853.5700
1623937305777000,0,0.00680183,27823.5700
1623937330210000,0,0.01069000,27823.2700
1623937446061000,0,0.01020617,27822.9800
1623937576382000,0,0.00242056,27850.4000
1623937690158000,0,0.00117000,27852.5500
1623937745413000,0,0.00114000,27850.3700
1623937786948000,1,0.00180265,27851.4000
1623937825746000,0,0.00358108,27854.7100
1623937909000000,0,0.03000000,27837.6200
1623938085858000,0,0.00352000,27846.9300
1623938168380000,1,0.07000000,27782.9600
1623938169651000,0,0.01862000,27805.3900
1623938175110000,0,0.00186000,27803.4800
1623938243050000,1,0.07000000,27769.2100
1623938243328000,0,0.06385000,27787.9800
1623938338147000,1,0.17000000,27765.0900
1623938519747000,1,0.00752459,27692.9100
1623938519747000,1,0.01192912,27691.1700
1623938519763000,1,0.00688250,27691.1700
1623938519939000,1,0.04890986,27681.2200
1623938520472000,1,0.07771129,27656.5500
1623938522356000,1,0.09000000,27611.6300
1623938523596000,1,0.17000000,27597.8000
1623938525648000,1,0.17000000,27613.0000
1623938526174000,0,0.00348219,27649.7300
1623938527500000,0,0.00090000,27641.5800
1623938527500000,0,0.00295272,27648.3500
1623938528771000,0,0.00245051,27645.7900
1623938530118000,0,0.00243786,27644.4100
1623938535119000,0,0.00174256,27637.4600
1623938536646000,0,0.00192818,27637.4600
1623938537938000,0,0.00122623,27637.4600
1623938568248000,1,0.00100000,27620.4000
1623938577139000,1,0.00074363,27620.4000
1623938577139000,1,0.00192937,27620.4000
1623938577139000,1,0.00122699,27620.4000
1623938577139000,1,0.00162777,27620.4000
1623938577145000,1,0.00000001,27620.4000
1623938586385000,0,0.07744006,27634.8700
1623938586385000,0,0.09255994,27634.8800
1623938586897000,0,0.00100000,27634.8700
1623938598183000,1,0.00090000,27618.8500
1623938598183000,1,0.00323391,27618.2900
1623938618441000,0,0.00479621,27639.8600
1623938737315000,1,0.00227462,27599.5700
1623938737484000,1,0.00511907,27599.5700
1623938737484000,1,0.01848421,27599.5700
1623938781078000,1,0.07000000,27629.3800
1623938782912000,0,0.07790595,27647.3900
1623938782912000,0,0.00585655,27651.7200
1623938794473000,0,0.00607000,27647.3800
1623938889564000,1,0.00740488,27614.2800
1623938889726000,0,0.07790171,27638.5800
1623938889726000,0,0.10209551,27641.0500
1623938900011000,1,0.01499339,27614.2800
1623938918260000,0,0.00625000,27637.2000
1623938938587000,1,0.05000000,27614.2800
1623938949498000,0,0.00693000,27663.3100
1623938990587000,1,0.00362807,27621.0300
1623939047295000,0,0.13000000,27634.1700
1623939112599000,1,0.00090000,27642.3400
1623939112599000,1,0.03804955,27638.8900
1623939250443000,0,0.01770000,27635.3000
1623939269265000,0,0.00278000,27630.6300
1623939364418000,0,0.00173000,27646.6200
1623939488032000,0,0.00330000,27643.7000
1623939504578000,0,0.07786442,27649.4800
1623939576239000,0,0.07780097,27671.0700
1623939576239000,0,0.00588952,27676.9300
1623939719206000,1,0.07000000,27641.2500
1623939743733000,0,0.00104000,27665.8800
1623939783240000,1,0.07781239,27633.4900
1623939783240000,1,0.05330215,27633.0700
1623939929816000,0,0.00090000,27701.9300
1623939929816000,0,0.01748025,27704.4500
1623940048506000,0,0.00090000,27859.0100
1623940055801000,1,0.00090000,27844.5400
1623940089785000,0,0.00688000,27874.5000
1623940163438000,0,0.02685000,27861.5100
1623940241338000,0,0.00090000,27908.1400
1623940253292000,1,0.00090000,27913.8500
1623940253292000,1,0.00089999,27913.8400
1623940253318000,1,0.00000001,27913.8400
1623940253437000,1,0.00090000,27916.6600
1623940366615000,0,0.01548000,27882.9900
1623940444863000,1,0.00935400,27836.1900
1623940449711000,0,0.01773000,27859.1400
1623940625320000,0,0.00310000,27868.8100
1623940906164000,0,0.14023388,27829.9400
1623940921712000,0,0.00090000,27830.5500
1623941010638000,0,0.00090000,27808.0500
1623941010638000,0,0.00089000,27815.4200
1623941080054000,0,0.02000000,27777.7400
1623941108962000,0,0.00379000,27825.3400
1623941130192000,0,0.00090000,27829.9500
1623941130192000,0,0.15060000,27834.3300
1623941197973000,1,0.07000000,27802.9800
1623941223744000,1,0.07000000,27809.6500
1623941223774000,1,0.00090000,27809.6500
1623941228393000,1,0.07737313,27794.1700
1623941406917000,1,0.00090000,27768.7900
1623941447263000,1,0.00368329,27785.0300
1623941487513000,0,0.00705683,27796.2600
1623941537738000,0,0.00306328,27792.9100
1623941584470000,0,0.00349000,27784.6600
1623941614193000,0,0.01789729,27798.0500
1623941627977000,1,0.00186541,27788.1800
1623941658667000,0,0.00090000,27850.0500
1623941658667000,0,0.00014000,27854.0000
1623941763719000,0,0.00457568,27847.4500
1623941763798000,0,0.00295299,27847.4500
1623941763798000,0,0.00917338,27847.4500
1623941763925000,0,0.00241737,27847.4500
1623941764014000,0,0.01000000,27847.4500
1623941764093000,0,0.00161076,27847.4500
1623941888788000,0,0.01323000,27900.9600
1623941909205000,0,0.00357000,27911.2500
1623941912708000,0,0.01769000,27911.2500
1623942128362000,0,0.02404000,27929.2500
1623942170961000,1,0.07000000,27895.8200
1623942249636000,0,0.00790000,27907.8100
1623942327537000,0,0.17000000,27896.1300
1623942332155000,0,0.17000000,27900.9300
1623942471542000,0,0.17000000,27879.5500
1623942474749000,0,0.10317000,27888.2800
1623942489557000,0,0.00705000,27881.1900
1623942663313000,0,0.05329000,27887.9400
1623942672332000,1,0.02200000,27881.0000
1623942672337000,1,0.05890180,27881.0000
1623942673777000,1,0.00762496,27881.0000
1623942676770000,1,0.00763222,27881.0000
1623942676773000,1,0.01347738,27881.0000
1623942679335000,1,0.00090000,27881.0000
1623942683285000,1,0.80732203,27881.0000
1623942821050000,1,0.07734570,27859.2200
1623942881091000,1,0.00090000,27871.6900
1623942881091000,1,0.00133309,27871.5800
1623942892588000,0,0.00177000,27903.5200
1623942951852000,1,0.07000000,27872.2800
1623942952068000,1,0.07722619,27860.4400
1623942952068000,1,0.05277381,27859.2200
1623942965173000,1,0.01000000,27859.2200
1623942968144000,1,0.18000000,27859.2200
1623942978681000,0,0.00148000,27868.3300
1623943060314000,0,0.08432000,27868.6200
1623943157000000,0,0.01031000,27903.0700
1623943192922000,0,0.01100000,27897.4000
1623943222091000,1,0.01629641,27868.0000
1623943434314000,0,0.00177000,27907.7500
1623943575806000,0,0.00120000,27950.1300
1623943579379000,0,0.00343000,27940.5800
1623943590107000,1,0.00100000,27920.2800
1623943636861000,0,0.00350000,27911.8900
1623943725144000,0,0.02577000,27917.7200
1623943753123000,0,0.02028146,27914.2600
1623943915882000,0,0.00482000,27943.3200
1623943928859000,0,0.00172000,27947.0400
1623943933541000,0,0.06121954,27961.3200
1623943933928000,0,0.02704218,27971.9700
1623943964346000,1,0.07000000,27950.9500
1623943978347000,1,0.17000000,27952.3400
1623943982823000,1,0.07702788,27945.7000
1623943988354000,1,0.17000000,27941.9300
1623944006159000,0,0.07271959,27957.6000
1623944006176000,0,0.02728041,27957.6000
1623944006176000,0,0.01181500,27961.8200
1623944006208000,0,0.00090000,27965.8000
1623944063217000,1,0.17000000,27998.0400
1623944076624000,1,0.00100000,28007.3800
1623944095875000,0,0.01057000,28025.0900
1623944097623000,1,0.02000000,28001.5800
1623944109919000,1,0.02000000,28001.5900
1623944110628000,1,0.01000000,27990.6100
1623944137603000,0,0.00411000,27998.3000
1623944275122000,0,0.00312000,27959.2700
1623944284527000,0,0.00784035,27967.6700
1623944325494000,1,0.00090000,27965.6000
1623944325494000,1,0.07697077,27963.6100
1623944325494000,1,0.00090000,27961.6100
1623944325494000,1,0.07698403,27958.6500
1623944405299000,1,0.07000000,27961.6000
1623944475365000,1,0.00634269,27957.9800
1623944506307000,0,0.00177000,27969.5400
1623944526230000,1,0.07000000,27950.7200
1623944581625000,0,0.00620000,27970.5300
1623944586929000,1,0.02000000,27956.2300
1623944587488000,1,0.07705853,27951.7100
1623944587501000,1,0.00000001,27951.7100
1623944588278000,1,0.17000000,27938.4700
1623944588278000,1,0.07702926,27938.4500
1623944588278000,1,0.07706114,27931.9500
1623944588278000,1,0.00090000,27917.2000
1623944588278000,1,0.00090000,27904.6400
1623944588278000,1,0.11341752,27901.5900
1623944588278000,1,0.00069208,27901.5800
1623944625008000,1,0.17000000,27942.0500
1623944649643000,0,0.00206000,27961.0200
1623944665801000,1,0.07000000,27940.3000
1623944682486000,0,0.00240000,27964.6300
1623944755017000,0,0.00535000,27987.8600
1623944808566000,0,0.00103000,28017.7000
1623944826253000,0,0.04381000,28036.0700
1623944945658000,0,0.00192000,28032.2800
1623945149640000,1,0.00174256,28027.1800
1623945154324000,1,0.00192818,28030.2000
1623945158726000,1,0.00122623,28039.6600
1623945176037000,1,0.00348218,28056.8100
1623945181170000,0,0.00090000,28050.4200
1623945181219000,0,0.00295271,28050.4200
1623945185987000,0,0.00202708,28050.4200
1623945186005000,0,0.00042342,28050.4200
1623945189889000,1,0.00243782,28059.1500
1623945274307000,0,0.17000000,28119.5200
1623945277322000,0,0.17000000,28143.3700
1623945280121000,0,0.00678316,28111.7200
1623945281084000,1,0.00827913,28096.2400
1623945290910000,1,0.00819183,28088.0000
1623945290910000,1,0.02047959,28088.0000
1623945450337000,1,0.07000000,28051.0400
1623945450483000,1,0.07681637,28047.4300
1623945450483000,1,0.00779373,28044.0700
1623945450483000,1,0.05538990,28044.0600
1623945491126000,0,0.00103000,28042.0800
1623945577758000,0,0.00139244,28052.2800
1623945636793000,1,0.00728416,28022.2200
1623945636793000,1,0.01820768,28015.0100
1623945636793000,1,0.07450816,28014.9900
1623945646333000,0,0.03470225,28028.7900
1623945646367000,0,0.02447183,28028.7900
1623945646397000,0,0.01283335,28028.7900
1623945655170000,0,0.00395000,28038.5200
1623945672695000,1,0.04671912,28038.0000
1623945672749000,1,0.00090000,28038.0000
1623945672771000,1,0.10899101,28038.0000
1623945672941000,1,0.73000000,28038.0000
1623945673129000,1,0.00781100,28038.0000
1623945673137000,1,0.00000001,28038.0000
1623945715046000,0,0.02200000,27972.3700
1623945731073000,1,0.00735084,27983.9100
1623945731073000,1,0.00735189,27980.1400
1623945888361000,1,0.04000000,27950.2200
1623945891504000,1,0.03000000,27950.2200
1623945943675000,1,0.00691461,27935.6200
1623945943690000,1,0.00000001,27935.6200
1623945948610000,0,0.01352995,27937.9800
1623945994018000,0,0.00168000,27961.2600
1623946027524000,0,0.00090000,27907.4500
1623946027524000,0,0.00082000,27917.2900
1623946098487000,0,0.00322351,27890.3000
1623946108900000,0,0.04735769,27902.2400
1623946499847000,0,0.01047830,27919.6500
1623946507688000,1,0.00090000,27890.5700
1623946541270000,1,0.00100000,27859.2200
1623946541472000,1,0.00034857,27859.2200
1623946544201000,1,0.00090000,27824.9800
1623946544271000,1,0.00526282,27824.9800
1623946544271000,1,0.01473718,27819.9900
1623946561208000,0,0.00403584,27857.6700
1623946628155000,1,0.00581937,27808.6900
1623946628155000,1,0.00581937,27808.6900
1623946628155000,1,0.02153667,27808.6800
1623946628443000,1,0.00581870,27800.5500
1623946629458000,1,0.17000000,27779.4400
1623946729030000,1,0.00090000,27776.7500
1623946793553000,1,0.17000000,27767.3200
1623946810478000,0,0.00272486,27796.2300
1623946811340000,0,0.00090000,27789.9500
1623946811340000,0,0.03436738,27790.3600
1623946855338000,1,0.00090000,27736.0700
1623946855362000,1,0.00609241,27736.0700
1623946855362000,1,0.01230271,27736.0700
1623946855400000,1,0.00517830,27736.0700
1623946855726000,1,0.01602267,27725.8800
1623946959223000,0,0.17000000,27809.2900
1623946959223000,0,0.07000000,27810.6700
1623946974020000,0,0.01000000,27830.6400
1623946974071000,0,0.00600000,27830.6200
1623947048478000,0,0.00215000,27840.9100
1623947112923000,1,0.07000000,27820.7900
1623947212498000,0,0.00340064,27795.2500
1623947224440000,0,0.00690000,27818.3800
1623947226694000,0,0.00710000,27812.7600
1623947305758000,0,0.00675000,27745.6800
1623947343951000,1,0.17000000,27764.7200
1623947343951000,1,0.17000000,27763.3300
1623947430035000,0,0.00090000,27722.3200
1623947497239000,1,0.07000000,27744.4500
1623947536953000,1,0.17000000,27738.6300
1623947560127000,0,0.03021000,27759.3500
1623947563230000,0,0.07777260,27760.0600
1623947563230000,0,0.17000000,27762.4700
1623947563230000,0,0.07778169,27763.8500
1623947563230000,0,0.02493347,27764.9600
1623947564029000,1,0.09752291,27740.6100
1623947564029000,1,0.07247709,27740.6000
1623947573485000,1,0.02613499,27737.6000
1623947597057000,1,0.16168511,27733.7500
1623947597162000,1,0.00831489,27733.7500
1623947597162000,1,0.07778446,27732.3700
1623947663723000,1,0.00090000,27735.1800
1623947663723000,1,0.00010000,27729.5600
1623947663811000,0,0.07779661,27752.3900
1623947663811000,0,0.07779568,27759.0300
1623947663811000,0,0.07781455,27764.0900
1623947663811000,0,0.00090000,27768.5400
1623947663811000,0,0.07780207,27768.8100
1623947663811000,0,0.07778600,27774.2300
1623947663811000,0,0.00090000,27777.8000
1623947663811000,0,0.00090000,27783.5500
1623947663811000,0,0.03400000,27784.9200
1623947663811000,0,0.09509179,27784.9300
1623947663811000,0,0.10200000,27801.3800
1623947663811000,0,0.08100761,27806.8600
1623947702959000,1,0.02000000,27762.5200
1623947733876000,0,0.00207000,27795.4400
1623947754898000,1,0.07766981,27772.1100
1623947754898000,1,0.07767901,27768.7800
1623947759202000,1,0.09000000,27766.8200
1623947781806000,0,0.00207000,27805.9300
1623947841524000,0,0.00190000,27803.4700
1623947900981000,1,0.07000000,27815.5500
1623947943911000,1,0.09000000,27797.6600
1623948034543000,1,0.00436823,27746.5000
1623948122293000,1,0.09984171,27719.0800
1623948124589000,1,0.07000000,27711.2900
1623948129799000,1,0.07000000,27700.9700
1623948129807000,1,0.00785759,27700.9700
1623948182766000,1,0.03400000,27698.2700
1623948182766000,1,0.07600000,27697.0700
1623948184817000,0,0.00802971,27710.4500
1623948203012000,1,0.03400000,27675.3500
1623948206540000,0,0.00130492,27687.6400
1623948221859000,1,0.00090000,27684.9800
1623948232248000,0,0.00090000,27694.2400
1623948232248000,0,0.00083000,27696.9000
1623948245055000,1,0.01000000,27671.3600
1623948250372000,0,0.00471000,27680.9400
1623948290728000,0,0.00249000,27693.3800
1623948309144000,1,0.03400000,27651.6500
1623948310436000,1,0.00768392,27617.3000
1623948310436000,1,0.01921119,27617.3000
1623948310436000,1,0.03400000,27617.2900
1623948310436000,1,0.00910489,27612.7200
1623948336399000,1,0.00729133,27592.9400
1623948336399000,1,0.00729133,27592.9300
1623948336399000,1,0.03541734,27584.9200
1623948342211000,0,0.00347000,27610.1000
1623948415005000,1,0.07813947,27599.7900
1623948499486000,0,0.01361000,27655.0300
1623948533594000,0,0.00422000,27660.6500
1623948543942000,1,0.07804816,27632.0200
1623948675308000,0,0.00403000,27620.3500
1623948680729000,0,0.00104000,27628.2700
1623948775796000,1,0.03560026,27577.0900
1623948928355000,1,0.00176640,27566.0000
1623948928375000,1,0.00000001,27566.0000
1623948931558000,1,0.00916350,27534.5000
1623948931558000,1,0.00083650,27528.5700
1623948989837000,0,0.03193663,27646.7400
1623948989868000,0,0.00090000,27655.8400
1623948989881000,0,0.07732179,27655.8400
1623949009697000,0,0.00492000,27668.5600
1623949035507000,1,0.07000000,27653.1900
1623949104201000,1,0.07000000,27671.7000
1623949134519000,1,0.07000000,27675.9600
1623949150394000,1,0.07000000,27672.5800
1623949178889000,0,0.07483624,27718.6500
1623949251545000,0,0.09000000,27700.9300
1623949285956000,1,0.05000000,27693.8700
1623949334957000,1,0.07000000,27640.3400
1623949341104000,1,0.00820016,27614.1900
1623949359750000,1,0.00811525,27602.1500
1623949359750000,1,0.00090000,27602.1400
1623949359750000,1,0.07814724,27601.6400
1623949359750000,1,0.17000000,27601.4200
1623949409035000,0,0.00174000,27616.9500
1623949453617000,0,0.09361709,27602.2000
1623949572567000,0,0.01396000,27619.4700
1623949600067000,0,0.00715000,27631.3100
1623949704974000,0,0.00150000,27619.7300
1623949783453000,1,0.01034769,27608.0100
1623949816840000,0,0.01117000,27641.6100
1623949820801000,0,0.00090000,27640.8400
1623949820801000,0,0.00083000,27641.6100
1623949848585000,0,0.00260000,27618.2100
1623949865798000,0,0.02605000,27601.6800
1623949871661000,1,0.00747677,27559.2800
1623949927982000,1,0.03000000,27525.1000
1623949975527000,1,0.07000000,27529.3700
1623949995852000,0,0.00306000,27543.6400
1623949997958000,0,0.02256910,27547.7100
1623950004487000,1,0.01282663,27518.2000
1623950005451000,1,0.02082484,27506.1300
1623950005451000,1,0.00832637,27506.1300
1623950005451000,1,0.00084879,27500.6600
1623950108314000,1,0.15000000,27473.0800
1623950108945000,1,0.00090000,27481.7100
1623950108945000,1,0.07845030,27481.6300
1623950108945000,1,0.13211192,27476.0100
1623950170953000,1,0.01000000,27537.1700
1623950181808000,1,0.07000000,27525.8800
1623950219145000,1,0.07000000,27491.0600
1623950221399000,1,0.07000000,27484.3300
1623950225829000,0,0.00090000,27484.2100
1623950225829000,0,0.00090000,27489.0700
1623950232471000,1,0.01710222,27488.4900
1623950232474000,1,0.01268880,27488.4900
1623950269524000,1,0.00090000,27505.3600
1623950269524000,1,0.04910000,27499.3200
1623950282705000,1,0.07000000,27492.6700
1623950331988000,1,0.07841094,27502.4500
1623950331988000,1,0.07158906,27502.2400
1623950348414000,1,0.07000000,27495.5000
1623950351483000,1,0.07000000,27487.1200
1623950354985000,0,0.00090000,27505.0600
1623950354985000,0,0.00231000,27507.5000
1623950382012000,1,0.07000000,27452.0000
1623950385457000,1,0.01000000,27432.7800
1623950395656000,0,0.00110000,27485.7900
1623950425942000,1,0.07858749,27425.5100
1623950425942000,1,0.00743492,27417.3600
1623950426839000,1,0.00999999,27400.0000
1623950426840000,1,0.00000001,27400.0000
1623950427544000,1,0.00090000,27380.3800
1623950427666000,1,0.00090000,27368.0600
1623950427833000,1,0.00743211,27347.9000
1623950427833000,1,0.00743211,27347.9000
1623950427833000,1,0.00759805,27347.9000
1623950427837000,1,0.01181299,27347.9000
1623950431907000,1,0.02678238,27250.0000
1623950431907000,1,0.03400000,27230.7600
1623950443227000,1,0.02000000,27200.0000
1623950443775000,1,0.00685295,27200.0000
1623950443778000,1,0.00000001,27200.0000
1623950455893000,0,0.17000000,27257.8000
1623950469047000,0,0.00090000,27290.3500
1623950469047000,0,0.03132857,27303.9900
1623950469047000,0,0.00295143,27304.0000
1623950504243000,1,0.00090000,27213.2300
1623950578518000,1,0.00626418,27243.8600
1623950578518000,1,0.00000001,27243.8600
1623950647538000,0,0.09150144,27280.9900
1623950663502000,0,0.01097203,27273.8800
1623950667133000,1,0.00090000,27229.7300
1623950667133000,1,0.17000000,27228.6500
1623950667133000,1,0.00610916,27227.2900
1623950667133000,1,0.01526560,27223.8400
1623950667133000,1,0.00723008,27221.6600
1623950675642000,0,0.03142344,27249.0800
1623950675642000,0,0.04632705,27249.0800
1623950707247000,0,0.00090000,27239.0200
1623950707247000,0,0.00046000,27243.5100
1623950749278000,1,0.00715664,27199.6700
1623950791936000,1,0.09000000,27212.1900
1623950818216000,1,0.01000000,27170.0000
1623950819370000,1,0.00090000,27170.0000
1623950819415000,1,0.00741100,27170.0000
1623950820538000,1,0.10000000,27141.6900
1623950866351000,1,0.09329302,27168.8500
1623950866351000,1,0.00677510,27165.5700
1623950956839000,0,0.00581000,27220.2600
1623950969800000,1,0.00704576,27190.2400
1623950969800000,1,0.01761324,27189.0100
1623951041148000,0,0.00700000,27147.3500
1623951041290000,0,0.07947149,27151.9300
1623951051226000,1,0.00090000,27153.0500
1623951051226000,1,0.05549918,27147.3300
1623951072321000,1,0.00183179,27120.8600
1623951072331000,1,0.00000001,27120.8600
1623951072442000,1,0.07944285,27108.0100
1623951097729000,1,0.00586602,27079.2600
1623951102272000,1,0.07000000,27072.5400
1623951103290000,1,0.00671690,27056.0600
1623951105521000,0,0.17000000,27097.3500
1623951140448000,0,0.03000000,27120.0800
1623951199262000,1,0.00086500,27193.8900
1623951219856000,0,0.00090000,27238.2200
1623951219856000,0,0.00090000,27244.5700
1623951219856000,0,0.00108806,27251.8400
1623951240052000,1,0.01709008,27215.1500
1623951268430000,0,0.00179000,27255.1200
1623951372338000,0,0.00158000,27270.8000
1623951384740000,1,0.00459672,27202.3100
1623951384740000,1,0.02062196,27202.3100
1623951384747000,1,0.01800963,27202.3100
1623951384757000,1,0.01487325,27202.3100
1623951680886000,1,0.00264063,27177.6800
1623951705920000,0,0.03697576,27225.4000
1623951707150000,0,0.03972981,27225.4000
1623951708516000,0,0.02646682,27224.0400
1623951709842000,0,0.01843499,27224.0400
1623951711204000,0,0.00235919,27224.0400
1623951753647000,0,0.00308566,27187.0300
1623951754909000,0,0.00345937,27187.0300
1623951756167000,0,0.00230440,27187.0300
1623951757433000,0,0.00153823,27187.0300
1623951794392000,1,0.14000000,27144.9700
1623951841152000,0,0.07934635,27188.7300
1623951841152000,0,0.07938638,27194.3300
1623951841152000,0,0.07938055,27196.7600
1623951841152000,0,0.03400000,27206.7300
1623951841152000,0,0.01516906,27206.7400
1623951884209000,0,0.00353000,27203.5400
1623952031727000,0,0.00356000,27209.9600
1623952034115000,0,0.00181000,27191.6500
1623952044979000,0,0.00154350,27171.8800
1623952046526000,0,0.00173046,27171.8800
1623952047927000,0,0.00115266,27171.8800
1623952071821000,1,0.00090000,27156.9900
1623952071821000,1,0.01432882,27154.6600
1623952071916000,0,0.00807036,27184.3500
1623952126942000,1,0.07925997,27191.4000
1623952126942000,1,0.00090000,27189.3000
1623952278048000,1,0.00871599,27144.7000
1623952278100000,1,0.00096661,27144.7000
1623952279372000,1,0.02420651,27137.9900
1623952279702000,1,0.02200000,27134.3600
1623952279729000,1,0.00090000,27134.3600
1623952279730000,1,0.01774363,27134.3600
1623952279730000,1,0.00484736,27134.3600
1623952279871000,1,0.01746213,27134.3600
1623952283944000,0,0.00090000,27129.8000
1623952283944000,0,0.00064587,27130.3400
1623952285525000,0,0.00173311,27121.6300
1623952286949000,0,0.00115442,27130.3400
1623952288445000,0,0.00154144,27119.9100
1623952293711000,0,0.00154706,27102.6400
1623952295076000,0,0.00173445,27108.0700
1623952296281000,0,0.00115531,27105.3500
1623952302784000,1,0.00154776,27097.1900
1623952327046000,1,0.00173523,27097.1900
1623952327046000,1,0.00115583,27097.1900
1623952327046000,1,0.00154333,27097.1900
1623952354927000,1,0.00154951,27066.6200
1623952355864000,0,0.00173719,27060.7500
1623952453601000,1,0.00115713,27066.6200
1623952453627000,1,0.00000001,27066.6200
1623952514819000,0,0.00177000,27089.3100
1623952526860000,0,0.08849000,27079.6600
1623952563177000,0,0.02918000,27081.0000
1623952603183000,0,0.00468676,27108.8700
1623952650472000,1,0.00090000,27053.1700
1623952650472000,1,0.03471143,27051.8900
1623952684024000,0,0.00155059,27047.6400
1623952685427000,0,0.00173841,27047.6400
1623952704768000,1,0.00115795,27047.6400
1623952704768000,1,0.00154616,27047.6400
1623952714553000,0,0.00355000,27046.0700
1623952780825000,0,0.03674399,27079.8000
1623952899053000,0,0.00184000,27099.0700
1623952964282000,1,0.00076342,27056.6500
1623952984525000,0,0.00140165,27083.6700
1623953036992000,0,0.03000000,27128.0200
1623953084884000,0,0.04335934,27141.1900
1623953115111000,1,0.00150989,27116.6200
1623953155532000,1,0.10000000,27060.3500
1623953155532000,1,0.00080000,27060.3400
1623953155532000,1,0.05973614,27059.3000
1623953168733000,0,0.00655000,27093.3600
1623953263042000,0,0.00092256,27034.0700
1623953266209000,1,0.00155235,27016.8900
1623953266283000,1,0.00000001,27016.8900
1623953266688000,0,0.01626882,27022.5900
1623953266729000,0,0.01930304,27022.5900
1623953266730000,0,0.04496218,27022.5900
1623953266740000,0,0.07000000,27022.5900
1623953266770000,0,0.01946596,27022.5900
1623953282085000,1,0.00090000,27062.2800
1623953284166000,1,0.00002231,27062.2800
1623953285613000,0,0.00087769,27060.6700
1623953285613000,0,0.00004418,27063.9300
1623953299086000,1,0.00092352,27026.8900
1623953299086000,1,0.00174039,27016.8900
1623953299086000,1,0.00115926,27016.8900
1623953299090000,1,0.00000001,27016.8900
1623953304257000,1,0.00202735,26989.7900
1623953304263000,1,0.00000001,26989.7900
1623953323743000,0,0.00092210,27043.4000
1623953329054000,0,0.00092261,27042.0400
1623953334649000,0,0.00092266,27050.5100
1623953338843000,0,0.00092205,27059.9000
1623953344977000,0,0.00092210,27053.1400
1623953349280000,0,0.00092224,27054.4900
1623953386015000,0,0.00177000,27058.0700
1623953401244000,0,0.02200000,27058.0700
1623953454459000,0,0.03547000,27039.3700
1623953457019000,0,0.00092275,27039.3800
1623953461606000,0,0.00092280,27045.0000
1623953469653000,0,0.00092221,27055.2300
1623953477460000,0,0.00092217,27049.0400
1623953501077000,0,0.00092180,27061.8600
1623953504789000,0,0.00092199,27067.2700
1623953511219000,0,0.00092160,27073.1600
1623953519056000,0,0.00092134,27082.2300
1623953525937000,0,0.00092129,27088.1700
1623953539866000,0,0.00301000,27062.5200
1623953566384000,0,0.00358000,27079.6100
1623953656511000,0,0.00244974,27087.0200
1623953683460000,0,0.00092016,27115.6900
1623953691864000,0,0.00092016,27114.3200
1623953736750000,0,0.03601816,27106.7100
1623953770913000,1,0.17000000,27105.4700
1623953770913000,1,0.07945967,27104.1200
1623953770913000,1,0.17000000,27101.0200
1623953770913000,1,0.07947552,27099.6600
1623953770913000,1,0.00783098,27095.5300
1623953770913000,1,0.07948616,27095.5200
1623953770913000,1,0.00090000,27093.7500
1623953770913000,1,0.09771868,27092.8500
1623953770913000,1,0.01957587,27091.4900
1623953770913000,1,0.07949864,27091.4800
1623953771048000,0,0.00090000,27089.0000
1623953771051000,0,0.00090000,27089.0000
1623953771092000,0,0.07945967,27089.0000
1623953771125000,0,1.32406261,27089.0000
1623953771210000,0,0.00812622,27088.9900
1623953771585000,0,0.05201132,27088.9800
1623953771672000,0,1.32400631,27089.0000
1623953772128000,0,0.03177721,27088.9700
1623953772183000,0,1.32390589,27089.0000
1623953772294000,0,0.00426537,27089.0000
1623953772707000,0,0.27041870,27088.9900
1623953772707000,0,1.05348677,27089.0000
1623953772846000,0,0.07944376,27089.0000
1623953772848000,0,0.07948616,27089.0000
1623953772849000,0,0.07944376,27089.0000
1623953772849000,0,0.07944376,27089.0000
1623953773309000,0,1.32380903,27089.0000
1623953773837000,0,1.32367876,27089.0000
1623953773912000,0,0.00091940,27089.0000
1623953774354000,0,1.32369369,27089.0000
1623953774357000,0,0.07944376,27089.0000
1623953774359000,0,0.07944376,27089.0000
1623953774361000,0,0.07942073,27089.0000
1623953774902000,0,1.32372275,27089.0000
1623953775427000,0,1.32398132,27089.0000
1623953776009000,0,1.32386680,27089.0000
1623953778210000,0,7.77000000,27089.0000
1623953778325000,0,0.00090000,27089.0000
1623953780255000,0,0.01000000,27089.0000
1623953781484000,0,0.00092106,27089.0000
1623953782325000,0,0.06000000,27089.0000
1623953783585000,0,0.02891888,27089.0000
1623953784396000,0,0.12000000,27089.0000
1623953786592000,0,0.02693691,27089.0000
1623953787098000,0,0.01805764,27089.0000
1623953788094000,0,0.00314779,27089.0000
1623953789136000,0,0.02000000,27089.0000
1623953790592000,0,0.06114457,27089.0000
1623953793096000,0,0.00900000,27089.0000
1623953794766000,0,0.00090000,27089.0000
1623953797601000,0,0.00343946,27089.0000
1623953801630000,0,0.00269631,27089.0000
1623953804116000,0,0.00787168,27089.0000
1623953806422000,1,0.00500000,27083.5600
1623953807125000,0,0.00090000,27082.7200
1623953807125000,0,0.00002106,27088.8500
1623953811651000,0,0.00092107,27069.3700
1623953814246000,1,0.00100000,27069.3700
1623953814379000,1,0.00017956,27069.3700
1623953821170000,0,0.00092179,27045.1200
1623953870557000,0,0.02000000,27019.0200
1623953881179000,0,0.07973176,27015.6400
1623953881179000,0,0.05972819,27019.0200
1623953881179000,0,0.07973096,27019.0300
1623953881179000,0,0.07462365,27025.5500
1623953910783000,0,0.11328376,27064.0200
1623953929568000,0,0.09000000,27052.6300
1623954048732000,0,0.00118154,27019.2300
1623954060068000,0,0.00554000,27035.5900
1623954103304000,0,0.07972286,27025.2100
1623954121418000,0,0.00600000,27011.8800
1623954146534000,0,0.07000000,27008.7600
1623954223093000,0,0.15271000,27016.9000
1623954315757000,0,0.00589539,27071.9900
1623954326584000,0,0.00248000,27055.2000
1623954342762000,0,0.07000000,27050.3200
1623954379001000,0,0.07000000,27074.9300
1623954405491000,0,0.07000000,27080.9300
1623954498802000,1,0.00126286,27020.5000
1623954500494000,0,0.07963304,27050.8500
1623954500494000,0,0.00036696,27054.4900
1623954594395000,0,0.07798201,27073.2600
1623954598203000,0,0.07000000,27076.6100
1623954647905000,0,0.00124000,27049.3700
1623954666814000,0,0.07000000,27041.6700
1623954670515000,0,0.07966199,27046.3400
1623954721895000,0,0.07000000,27004.4800
1623954748248000,1,0.00090000,26996.3100
1623954749369000,1,0.00065354,26996.3100
1623954749369000,1,0.00174170,26996.3100
1623954749449000,1,0.00000001,26996.3100
1623954750670000,1,0.00116014,26996.3100
