timestamp ms,type,amount,price
1621814422795000,0,0.00291000,24706.94
1621814479744000,0,0.08609232,24678.80
1621814499666000,0,0.00004218,24758.92
1621814499666000,0,0.00161683,24758.92
1621814499666000,0,0.00291689,24758.92
1621814499666000,0,0.00349821,24758.92
1621814499668000,0,0.00000001,24758.92
1621814505157000,1,0.00095625,24855.19
1621814505157000,1,0.00096562,24848.97
1621814505157000,1,0.00073618,24842.78
1621814507233000,0,0.00095625,24948.74
1621814507233000,0,0.03299999,24958.61
1621814507272000,0,0.00000001,24958.61
1621814508000000,0,0.03491195,24958.61
1621814512696000,0,0.00380538,24859.92
1621814512804000,0,0.00000001,24859.92
1621814513819000,0,0.00092812,24921.40
1621814513819000,0,0.00092811,24921.41
1621814513845000,0,0.00000001,24921.41
1621814519843000,0,0.00095625,24953.13
1621814519843000,0,0.00080375,24959.37
1621814524749000,0,0.00174357,24911.45
1621814524778000,0,0.00000001,24911.45
1621814531443000,0,0.00160899,24900.33
1621814533038000,1,0.00800000,24898.49
1621814533466000,1,0.06000000,24898.49
1621814582682000,0,0.03000000,24898.97
1621814632832000,0,0.00300235,24949.52
1621814633006000,0,0.00000001,24949.52
1621814633006000,0,0.07999999,24964.66
1621814648984000,1,0.00094687,24986.72
1621814648984000,1,0.00090000,24986.17
1621814648984000,1,0.00093750,24974.42
1621814648984000,1,0.00001596,24974.24
1621814653590000,1,0.00291175,25010.63
1621814786654000,1,0.00106695,25012.75
1621814791023000,1,0.00115620,25012.75
1621814793112000,0,0.40879704,25037.60
1621814800482000,1,0.48400000,25065.72
1621814804496000,0,0.00106491,25072.11
1621814804499000,0,0.00000001,25072.11
1621814804513000,0,0.00106491,25072.11
1621814804521000,0,0.00066609,25072.11
1621814809327000,0,0.00198179,25072.11
1621814866994000,0,0.08438735,25124.97
1621814866998000,0,0.00017791,25124.97
1621814866998000,0,0.04200223,25131.49
1621814871234000,0,0.04254292,25131.49
1621814871234000,0,0.08452796,25136.36
1621814875059000,1,0.00306657,25112.95
1621814881546000,0,0.00344918,25112.95
1621814906129000,0,0.00229946,25136.56
1621814910255000,1,0.08240852,25130.29
1621815008001000,1,0.51600000,25123.33
1621815008010000,1,0.04217147,25123.36
1621815008013000,1,0.02713520,25123.36
1621815008992000,1,0.00091875,25105.49
1621815026637000,1,0.01024610,25047.80
1621815026639000,1,0.02275390,25047.80
1621815091548000,0,0.00091875,25007.03
1621815091548000,0,0.00022891,25007.20
1621815119033000,1,0.33949037,24992.85
1621815119033000,1,0.51800000,24992.84
1621815173763000,0,0.08491865,25015.42
1621815173794000,0,0.00000001,25015.42
1621815200764000,1,0.14155251,24961.68
1621815200764000,1,0.14469270,24961.67
1621815200855000,0,0.04200000,24961.68
1621815206142000,0,0.06275931,24986.71
1621815209864000,0,0.03679287,24998.58
1621815217019000,1,0.05064717,25017.00
1621815217109000,1,0.04200000,25017.00
1621815263816000,1,0.03298137,25014.87
1621815263835000,1,0.02799886,25014.87
1621815263871000,1,0.03944402,25014.87
1621815263909000,1,0.05297144,25014.87
1621815286029000,0,0.04655849,25038.58
1621815286030000,0,0.03828279,25038.58
1621815286030000,0,0.12012032,25041.15
1621815286032000,0,0.19964966,25041.15
1621815286301000,0,0.04200000,25041.15
1621815286557000,0,0.07828330,25041.15
1621815286600000,0,0.02394672,25041.15
1621815297903000,1,0.00091875,25025.13
1621815382195000,1,0.04200000,25050.96
1621815382919000,1,0.06549116,25050.96
1621815382922000,1,0.19947023,25050.96
1621815455280000,1,0.40879704,25129.52
1621815489933000,0,0.00114673,25242.57
1621815494565000,1,0.00402461,25240.90
1621815495760000,1,0.10921008,25240.90
1621815495800000,1,0.05550753,25240.90
1621815495819000,1,0.03393716,25240.90
1621815495828000,1,0.02808404,25240.90
1621815495902000,1,0.06635335,25240.90
1621815671871000,0,0.00380000,25208.98
1621815743078000,0,0.00517892,25207.95
1621815744515000,0,0.00000001,25207.95
1621815777435000,0,0.00228940,25284.34
1621815777453000,0,0.00000001,25284.34
1621815787064000,0,0.00100000,25284.34
1621815787070000,0,0.00047054,25284.34
1621815863046000,0,0.01141000,25204.77
1621815904410000,1,0.03839698,25141.80
1621815924496000,0,0.10047224,25105.79
1621815924805000,0,0.10174752,25105.79
1621815925212000,0,0.07310670,25105.79
1621815925465000,0,0.04274134,25105.79
1621815925515000,0,0.04100000,25105.79
1621815925709000,0,0.02586520,25105.79
1621815925728000,0,0.01085443,25105.79
1621815925741000,0,0.04053089,25105.79
1621815925748000,0,0.04127713,25105.79
1621815925776000,0,0.03148149,25105.79
1621815925845000,0,0.09392306,25105.79
1621815961362000,0,0.00775361,25159.66
1621816045314000,1,0.00986013,25229.17
1621816061895000,1,0.05477095,25178.76
1621816061931000,1,0.02942173,25178.76
1621816062035000,1,0.00130767,25175.18
1621816268413000,1,0.05793530,25147.41
1621816268477000,1,0.10394668,25147.41
1621816268632000,1,0.08438741,25147.42
1621816285284000,0,0.02700000,25108.44
1621816497212000,0,0.08000000,25079.61
1621816554979000,1,0.00117184,25020.16
1621816554981000,1,0.00000001,25020.16
1621816573163000,0,0.00149516,24981.46
1621816607158000,1,0.00100000,24968.23
1621816607176000,1,0.00014946,24968.23
1621816608524000,1,0.00100000,24968.23
1621816608575000,1,0.00017429,24968.23
1621816608587000,1,0.00096562,24951.62
1621816608587000,1,0.00087187,24940.39
1621816631857000,1,0.00091875,24933.15
1621816631857000,1,0.00098234,24927.07
1621816888087000,1,0.00100000,24897.21
1621816888102000,1,0.00072910,24897.21
1621816894742000,1,0.00176646,24897.21
1621816894742000,1,0.00200061,24897.21
1621816894744000,1,0.00000001,24897.21
1621816913655000,1,0.12413067,24848.97
1621816913655000,1,0.07484441,24841.70
1621816913668000,1,0.01050294,24841.70
1621816924270000,0,0.00093750,24823.39
1621816924270000,0,0.00021777,24827.13
1621816928460000,1,0.09753191,24785.26
1621817116558000,1,0.09742587,24914.17
1621817354253000,0,0.11417810,25021.42
1621817538756000,0,0.26000000,25007.76
1621817588418000,0,0.00300000,24993.37
1621817588436000,0,0.00521730,24993.37
1621817588618000,0,0.06221616,24993.37
1621817588812000,0,0.00871849,24993.37
1621817589793000,0,0.10804470,24993.37
1621817589800000,0,0.04217567,24993.37
1621817589901000,0,0.03495607,24993.37
1621817611465000,1,0.07308953,24965.80
1621817611481000,1,0.01185067,24965.80
1621817631581000,0,0.03461894,24967.42
1621817631581000,0,0.61538106,24967.43
1621817642515000,1,0.10000000,24928.45
1621817642515000,1,0.08500421,24928.40
1621817650214000,0,0.63000000,24944.15
1621817683073000,0,0.44000000,24922.68
1621817709711000,0,0.51000000,24899.29
1621817782396000,0,0.46000000,24975.78
1621817799590000,1,0.08000000,24927.04
1621817903059000,1,0.00911000,24851.97
1621817995349000,0,0.00155000,24963.75
1621818183571000,0,0.08552645,24826.87
1621818183571000,0,0.00798006,24832.41
1621818196616000,1,0.00115776,24789.23
1621818196616000,1,0.00236554,24789.23
1621818196616000,1,0.00147670,24789.23
1621818196793000,1,0.00053264,24789.23
1621818227083000,1,0.40000000,24762.51
1621818687919000,0,0.00091875,24792.07
1621818687919000,0,0.00287125,24793.14
1621818718349000,0,0.00090000,24728.53
1621818718349000,0,0.00026002,24728.95
1621818719848000,0,0.00118508,24706.68
1621818751669000,1,0.00118715,24697.62
1621818751669000,1,0.00195271,24697.62
1621818793631000,1,0.00006408,24697.62
1621818812738000,0,0.00116256,24682.72
1621818838017000,1,0.00116639,24634.60
1621818841190000,1,0.00002380,24634.60
1621818857431000,0,0.00116465,24642.46
1621818861709000,0,0.00091875,24660.81
1621818861709000,0,0.00122125,24664.96
1621818887485000,1,0.00100000,24611.60
1621818887586000,1,0.00051798,24611.60
1621818927747000,0,0.03225654,24688.35
1621818968809000,0,0.02905679,24710.33
1621818969365000,0,0.00394320,24710.33
1621818970061000,0,0.00000001,24710.33
1621819123286000,1,0.08585152,24688.40
1621819133956000,1,0.00294337,24672.66
1621819134454000,1,0.08299168,24672.66
1621819198386000,1,0.02000000,24694.61
1621819198403000,1,0.00022300,24694.61
1621819570498000,0,0.08000000,24818.94
1621819598395000,1,0.00780768,24808.49
1621819629563000,0,0.00421000,24820.48
1621819649009000,0,0.00147000,24822.83
1621819689490000,0,0.00387000,24802.26
1621819749197000,0,0.17000000,24805.68
1621819792805000,1,0.00469700,24819.71
1621819842511000,0,0.23469700,24904.66
1621819880736000,1,0.02740272,24888.03
1621819954554000,0,0.08000000,24819.71
1621819956404000,0,0.00082427,24819.71
1621820002251000,0,0.08000000,24982.14
1621820344014000,0,0.00300000,24976.67
1621820400860000,0,0.00053477,24976.67
1621820413243000,0,0.08000000,25007.61
1621820446592000,0,0.08000000,24999.34
1621820466725000,0,0.00100000,25012.70
1621820466789000,0,0.00016465,25012.70
1621820471324000,0,0.00100000,25012.70
1621820472894000,0,0.00018715,25012.70
1621820495299000,1,0.00171946,25010.81
1621820510305000,0,0.00096562,25083.78
1621820511628000,1,0.00116256,25066.99
1621820516120000,1,0.00091875,25074.24
1621820516120000,1,0.00027144,25073.85
1621820520687000,1,0.00090937,25060.32
1621820520687000,1,0.00109997,25058.89
1621820559330000,0,0.00200000,25113.57
1621820559393000,0,0.00031778,25113.57
1621820564456000,0,0.00509002,25113.57
1621820564804000,0,0.00000001,25113.57
1621820710714000,0,0.00200061,25153.04
1621820710756000,0,0.00000001,25153.04
1621820862933000,1,0.03586708,25041.83
1621820862939000,1,0.04698604,25041.83
1621820862946000,1,0.00184553,25041.83
1621820917029000,1,0.00100000,24997.34
1621820917274000,1,0.00047295,24997.34
1621821066140000,1,0.03901212,25063.62
1621821245791000,0,0.08488674,25034.05
1621821245794000,0,0.00000001,25034.05
1621821275897000,0,0.08000000,25055.34
1621821353020000,0,0.00191000,25062.15
1621821469283000,1,0.01395075,24996.87
1621821476164000,1,0.00442336,24996.86
1621821476188000,1,0.02200000,24996.86
1621821476277000,1,0.70000000,24996.85
1621821478758000,1,0.03125672,24966.04
1621821478781000,1,0.00457276,24966.04
1621821537492000,0,0.00147755,24919.49
1621821562548000,1,0.00105493,24892.56
1621821983645000,1,0.00498287,24854.65
1621822018404000,0,0.00105675,24849.72
1621822019797000,0,0.00148170,24849.72
1621822048101000,1,0.00115752,24811.61
1621822056269000,1,0.06529377,24778.08
1621822061639000,0,0.00105893,24798.52
1621822104709000,0,0.05031626,24784.82
1621822125436000,0,0.00115942,24770.84
1621822126607000,0,0.00148642,24770.84
1621822161398000,1,0.00212699,24696.82
1621822162718000,0,0.00092812,24696.65
1621822162972000,1,0.00081623,24696.82
1621822165299000,1,0.00149088,24696.82
1621822179010000,1,0.26000000,24702.05
1621822470394000,0,0.17000000,24850.48
1621822525509000,0,0.22000000,24919.22
1621822555714000,0,0.03000000,24952.82
1621822638243000,1,0.09000000,24921.13
1621822678073000,0,0.08000000,24961.30
1621822787046000,1,0.00322810,24982.90
1621822928555000,0,0.00135000,24948.05
1621823022360000,0,0.00195000,25030.60
1621823072398000,0,0.00200000,25058.73
1621823072497000,0,0.00012699,25058.73
1621823075748000,1,0.00174435,25060.67
1621823081725000,0,0.00149087,25058.73
1621823081726000,0,0.00000001,25058.73
1621823410414000,0,0.00394000,25102.50
1621823449333000,0,0.02809034,25096.17
1621823662826000,1,0.02758855,24909.01
1621823754267000,1,0.00093750,24822.72
1621823754267000,1,0.00094686,24817.44
1621823754274000,1,0.00000001,24817.44
1621823754326000,1,0.00095625,24810.15
1621823754326000,1,0.00644724,24805.03
1621823754345000,1,0.02655276,24805.03
1621823754345000,1,0.09837677,24804.72
1621823808195000,1,0.00149561,24819.30
1621823808195000,1,0.00112573,24819.30
1621824029886000,0,0.03300000,24922.53
1621824029886000,0,0.08522407,24926.32
1621824029886000,0,0.06359905,24926.43
1621824029887000,0,0.02163596,24926.43
1621824029887000,0,0.00095625,24927.75
1621824029887000,0,0.00092812,24934.35
1621824029887000,0,0.08523876,24939.68
1621824029887000,0,0.00095625,24940.50
1621824029887000,0,0.08523282,24941.39
1621824090461000,0,0.09000000,24857.19
1621824090475000,0,0.00715136,24857.19
1621824135833000,0,0.03300000,24811.59
1621824181989000,1,0.00140650,24791.82
1621824182034000,1,0.00000001,24791.82
1621824268618000,1,0.00332461,24819.42
1621824268618000,1,0.16070084,24819.42
1621824268642000,1,0.00758512,24819.42
1621824268654000,1,0.06841202,24819.42
1621824268711000,1,0.07510394,24819.42
1621824268837000,1,0.00430901,24819.42
1621824269185000,1,0.04046002,24819.42
1621824269213000,1,0.03740412,24819.42
1621824436436000,0,0.00090000,24928.44
1621824436436000,0,0.03210000,24933.76
1621824448285000,0,0.01905325,24933.08
1621824863538000,1,0.03800000,24922.71
1621824863580000,1,0.04722407,24922.71
1621824865179000,1,0.03300000,24916.84
1621825045362000,0,0.00116000,24848.30
1621825142092000,0,0.04200000,24987.20
1621825407377000,1,0.00231694,25129.95
1621825411931000,0,0.00148642,25129.94
1621825419497000,0,0.08070847,25165.51
1621825419540000,0,0.00367810,25165.51
1621825426004000,1,0.00105893,25163.37
1621825430489000,1,0.00140651,25168.72
1621825534598000,1,0.00135284,25182.99
1621825587282000,1,0.00148170,25225.36
1621825598683000,1,0.00211168,25224.73
1621825614326000,1,0.00149413,25252.15
1621825629038000,0,0.00173022,25253.05
1621825629040000,0,0.00000001,25253.05
1621825692789000,1,0.03943655,25211.20
1621825692789000,1,0.02056345,25211.19
1621825719229000,1,0.01225800,25181.99
1621825719966000,1,0.04200000,25181.99
1621825742717000,1,0.01598523,25176.17
1621825742886000,1,0.05186884,25176.17
1621825742979000,1,0.00315098,25176.17
1621825754185000,0,0.00762000,25201.82
1621825895787000,1,1.00000000,25146.82
1621825922532000,0,0.02958600,25146.82
1621825998764000,0,0.00090000,25208.62
1621826084653000,1,0.10000000,25184.45
1621826147999000,0,0.06314259,25193.45
1621826178831000,0,0.00096562,25264.47
1621826374087000,1,0.00115561,25326.67
1621826378641000,1,0.00091875,25367.99
1621826378672000,1,0.00147755,25361.66
1621826407991000,0,0.00200000,25353.85
1621826410137000,0,0.00036052,25353.85
1621826418279000,1,0.00090000,25309.67
1621826418352000,1,0.00200000,25304.93
1621826418785000,1,0.09800000,25304.93
1621826423534000,0,0.00093750,25352.83
1621826423534000,0,0.00401644,25353.85
1621826423534000,0,0.00429871,25353.85
1621826423564000,0,0.00000001,25353.85
1621826426007000,0,0.00122432,25353.85
1621826501461000,1,0.00088125,25341.74
1621826501461000,1,0.00096561,25321.19
1621826501462000,1,0.00000001,25321.19
1621826501933000,1,0.00092812,25314.05
1621826569839000,0,0.08000000,25322.21
1621826572528000,0,0.00176000,25348.12
1621826608326000,0,0.08000000,25360.19
1621826614401000,0,0.00094687,25364.52
1621826614823000,0,0.05207656,25383.93
1621826615445000,0,0.40879704,25385.60
1621826615850000,0,0.05813042,25394.40
1621826622325000,1,0.00120913,25393.03
1621826627394000,0,0.00117185,25391.34
1621826651683000,1,0.00095625,25362.35
1621826651683000,1,0.08364787,25357.34
1621826651694000,1,0.00000001,25357.34
1621826677054000,1,0.05899004,25334.73
1621827026723000,0,0.08416272,25248.78
1621827137289000,0,0.08000000,25213.92
1621827137372000,0,0.00400000,25213.92
1621827137687000,0,0.00021625,25213.92
1621827171998000,1,0.02862966,25186.35
1621827172023000,1,0.03143236,25186.35
1621827172078000,1,0.00360051,25186.33
1621827172083000,1,0.03360862,25186.33
1621827172115000,1,0.04699807,25186.33
1621827172200000,1,0.34752589,25186.36
1621827365752000,0,0.03300000,25175.24
1621827439584000,1,0.09000000,25203.05
1621827488009000,1,0.07896705,25169.06
1621827488010000,1,0.00530041,25169.06
1621827488010000,1,0.08428629,25163.47
1621827488010000,1,0.08430228,25157.92
1621827488010000,1,0.00096562,25155.71
1621827517791000,1,0.00400000,25138.79
1621827518001000,1,0.08701436,25138.79
1621827521485000,1,0.00096562,25129.61
1621827710882000,0,0.00116862,25089.41
1621827712009000,0,0.00120449,25089.41
1621827714514000,0,0.01910000,25108.13
1621827847010000,1,0.00100617,25065.21
1621827867932000,0,0.08469756,25077.44
1621827867932000,0,0.07530244,25077.45
1621827948683000,1,0.09000000,25071.91
1621828013703000,1,0.09000000,25010.90
1621828015048000,0,0.00117070,25027.01
1621828021538000,1,0.00181269,25006.82
1621828021618000,1,0.00000001,25006.82
1621828022982000,1,0.00100852,25006.82
1621828060540000,0,0.00117306,24994.29
1621828075737000,0,0.00121005,24974.01
1621828076943000,0,0.00100984,24974.01
1621828306508000,1,0.00100355,24982.05
1621828307436000,1,0.00449629,24982.05
1621828307454000,1,0.03118521,24982.05
1621828307709000,1,0.04822286,24982.05
1621828461168000,1,0.02320329,24974.21
1621828545489000,0,0.00269000,24994.49
1621828611459000,0,0.00117542,24944.23
1621828810214000,0,0.04200000,25030.91
1621828810217000,0,0.04290792,25030.91
1621828821603000,1,0.00289867,25018.72
1621828982216000,0,0.02582965,25069.20
1621828982402000,0,0.01220406,25069.19
1621828982445000,0,0.11053548,25069.19
1621829010273000,0,0.07794000,25097.69
1621829294866000,1,0.00121294,24914.54
1621829294866000,1,0.00078706,24914.54
1621829295707000,1,0.00022520,24914.54
1621829339946000,1,0.22650919,24883.73
1621829344530000,1,0.08000000,24873.16
1621829348014000,0,0.00117760,24886.85
1621829356546000,0,0.00101400,24871.63
1621829361364000,1,0.00100000,24865.56
1621829361367000,1,0.00021533,24865.56
1621829363112000,0,0.00116000,24861.99
1621829383360000,0,0.00118008,24833.35
1621829390301000,1,0.00094687,24774.83
1621829390301000,1,0.00094686,24768.96
1621829390316000,1,0.00000001,24768.96
1621829392310000,0,0.00103694,24791.84
1621829393458000,0,0.00121836,24791.84
1621829394671000,0,0.00092812,24797.35
1621829394671000,0,0.00008866,24802.46
1621829432510000,1,0.08000000,24806.91
1621829642418000,1,0.08000000,24842.10
1621829836149000,1,0.08000000,24854.26
1621829923015000,1,0.08000000,24846.40
1621830020532000,0,0.03000000,24964.56
1621830068505000,1,0.00092812,24896.07
1621830068505000,1,0.08437264,24891.14
1621830068551000,1,0.00897550,24891.14
1621830068551000,1,0.07633215,24891.13
1621830068551000,1,0.02366785,24891.13
1621830068551000,1,0.00092812,24891.02
1621830068626000,0,0.00300000,24889.64
1621830169675000,1,0.01007831,24881.15
1621830170024000,1,0.05250521,24881.15
1621830351526000,1,0.08545905,24813.28
1621830351526000,1,0.08542459,24812.38
1621830351526000,1,0.07873193,24809.63
1621830415532000,0,0.09000000,24865.15
1621831056361000,0,0.00116000,24854.40
1621831207722000,1,0.08000000,24800.59
1621831207734000,1,0.00543127,24800.59
1621831214353000,0,0.00118320,24780.07
1621831218362000,0,0.00095625,24751.63
1621831218362000,0,0.00026407,24758.87
1621831219784000,0,0.00101841,24759.86
1621831239438000,1,0.08569412,24709.65
1621831239548000,1,0.00000001,24709.65
1621831244128000,0,0.00177926,24705.23
1621831245323000,0,0.00093750,24703.38
1621831245323000,0,0.00028508,24705.23
1621831246716000,0,0.00102030,24694.85
1621831272594000,1,0.08000000,24634.53
1621831272975000,0,0.00118846,24670.57
1621831274200000,0,0.00122494,24657.56
1621831275697000,0,0.00102227,24640.99
1621831309161000,1,0.00119169,24603.54
1621831309161000,1,0.00102504,24603.54
1621831309161000,1,0.00000001,24603.54
1621831313220000,0,0.00095625,24601.28
1621831313220000,0,0.00027170,24604.93
1621831323576000,1,0.00095625,24606.11
1621831323576000,1,0.00091875,24598.26
1621831323576000,1,0.08615896,24596.60
1621831323576000,1,0.00090937,24592.72
1621831323576000,1,0.08619341,24586.79
1621831323576000,1,0.00093750,24581.62
1621831323576000,1,0.02238046,24578.65
1621831323581000,1,0.06384098,24578.65
1621831323581000,1,0.08624140,24570.98
1621831323581000,1,0.03204374,24569.84
1621831323631000,1,0.00095626,24569.84
1621831334098000,0,0.00090937,24571.19
1621831334207000,1,0.00032052,24571.19
1621831335582000,1,0.00100000,24571.19
1621831335784000,1,0.00002640,24571.19
1621831338776000,1,0.11367612,24519.18
1621831338776000,1,0.00092812,24505.18
1621831338776000,1,0.00090000,24497.49
1621831338776000,1,0.03300000,24478.61
1621831338776000,1,0.04852503,24478.60
1621831338781000,1,0.03788209,24478.60
1621831338781000,1,0.06881276,24459.80
1621831338781000,1,0.08647113,24459.77
1621831338781000,1,0.00386328,24451.44
1621831343720000,1,0.09676151,24451.46
1621831346596000,0,0.00091875,24447.81
1621831346596000,0,0.00097500,24453.93
1621831346596000,0,0.00110029,24460.04
1621831348048000,0,0.00090000,24447.81
1621831348048000,0,0.00064563,24453.93
1621831353575000,1,0.00100000,24488.03
1621831353789000,1,0.00085110,24488.03
1621831365308000,1,0.00105149,24460.49
1621831375257000,0,0.00090000,24429.73
1621831375257000,0,0.00029926,24441.95
1621831376499000,0,0.00094687,24448.36
1621831376580000,1,0.00028920,24448.36
1621831377754000,0,0.00091875,24448.36
1621831377839000,1,0.00011281,24448.36
1621831393022000,0,0.08667570,24505.15
1621831393042000,0,0.00000001,24505.15
1621831395138000,1,0.09000000,24457.82
1621831425546000,1,0.09000000,24424.37
1621831426174000,1,0.00668132,24424.37
1621831448769000,0,0.08695659,24418.27
1621831448769000,0,0.00095625,24423.55
1621831448769000,0,0.11100000,24426.28
1621831448769000,0,0.08692864,24426.45
1621831448769000,0,0.08698329,24434.48
1621831448769000,0,0.35914513,24512.90
1621831455559000,0,0.00200000,24418.27
1621831456434000,0,0.00685399,24418.27
1621831456435000,0,0.07802144,24418.27
1621831490097000,1,0.09000000,24390.44
1621831494853000,1,0.08000000,24391.55
1621831498302000,1,0.08689868,24391.94
1621831498302000,1,0.00310132,24390.44
1621831499960000,1,0.00123935,24383.61
1621831499960000,1,0.00103430,24383.61
1621831500418000,1,0.00284740,24354.34
1621831502982000,1,0.00120222,24388.19
1621831517038000,1,0.08000000,24431.52
1621831525324000,1,0.08000000,24424.99
1621831567844000,1,0.35914513,24462.18
1621831567844000,1,0.08085487,24462.17
1621831593745000,1,0.08669279,24451.56
1621831593745000,1,0.08669279,24448.34
1621831593745000,1,0.00093750,24445.44
1621831596199000,1,0.08000000,24448.34
1621831613316000,1,0.08658760,24461.38
1621831613316000,1,0.08659825,24458.14
1621831613316000,1,0.02551325,24450.72
1621831613316000,1,0.06111209,24450.72
1621831613316000,1,0.00096562,24445.60
1621831613316000,1,0.08664150,24444.86
1621831613316000,1,0.04997989,24438.20
1621831653504000,1,0.13348869,24471.87
1621831653504000,1,0.00651131,24471.86
1621831688217000,1,0.08000000,24509.70
1621831689258000,1,0.13000000,24504.44
1621831691501000,1,0.08000000,24485.47
1621831691855000,1,0.08652648,24479.54
1621831691855000,1,0.00347352,24478.77
1621831718968000,1,0.08000000,24521.83
1621831752317000,0,0.00096562,24596.44
1621831757403000,1,0.16725834,24577.50
1621831764016000,1,0.08000000,24576.12
1621831777306000,1,0.08000000,24580.43
1621831864996000,0,0.08614210,24633.44
1621831864996000,0,0.00090000,24636.68
1621831864996000,0,0.08612121,24638.02
1621831864996000,0,0.02719249,24642.73
1621831865025000,0,0.05891251,24642.73
1621831865025000,0,0.00093750,24645.09
1621831865025000,0,0.08608787,24647.85
1621831865025000,0,0.00090000,24650.44
1621831865025000,0,0.03300000,24650.68
1621831865025000,0,0.00090937,24656.05
1621831865025000,0,0.00011568,24661.74
1621831899066000,1,0.08000000,24656.33
1621831903276000,1,0.08000000,24658.66
1621831909316000,1,0.08598734,24635.05
1621831994925000,1,0.08588164,24667.99
1621832000939000,1,0.02147982,24655.62
1621832000965000,1,0.02922066,24655.62
1621832001634000,1,0.10264175,24655.62
1621832001696000,1,0.03356181,24655.62
1621832007842000,1,0.04044921,24655.62
1621832007910000,1,0.04200000,24655.62
1621832007995000,1,0.03064675,24655.62
1621832263403000,0,0.08000000,24728.15
1621832263510000,0,0.00588232,24728.15
1621832300617000,0,0.08000000,24755.54
1621832418392000,0,0.03300000,24784.01
1621832425443000,0,0.00100000,24759.34
1621832426335000,0,0.00020222,24759.34
1621832437750000,0,0.00100000,24803.99
1621832437875000,0,0.00023607,24803.99
1621832441908000,1,0.00091875,24827.98
1621832441908000,1,0.00011281,24821.16
1621832449831000,1,0.00093750,24865.54
1621832449831000,1,0.00011399,24863.22
1621832454215000,1,0.00096562,24868.39
1621832454215000,1,0.00023364,24868.21
1621832462048000,1,0.00418573,24890.62
1621832473090000,0,0.00432034,24890.62
1621832473090000,0,0.00257993,24890.62
1621832482674000,1,0.00094687,24995.01
1621832482674000,1,0.00092812,24987.50
1621832482674000,1,0.00017646,24982.52
1621832515578000,0,0.08499353,24972.06
1621832515578000,0,0.08499353,24975.48
1621832515578000,0,0.00095625,24981.44
1621832515578000,0,0.08497049,24981.66
1621832515578000,0,0.00095625,24986.60
1621832515578000,0,0.03300000,24986.76
1621832515578000,0,0.08501753,24986.77
1621832515578000,0,0.00092812,24991.91
1621832515578000,0,0.07169835,24993.50
1621832625209000,1,0.00118846,24978.85
1621832643750000,0,0.00122795,24978.85
1621832663451000,1,0.00200000,24983.97
1621832735689000,0,0.08027180,25015.38
1621832740192000,0,0.00115000,25038.22
1621833066166000,0,0.00623752,25043.57
1621833226022000,1,0.00122494,25059.02
1621833230677000,1,0.00092812,25094.43
1621833230677000,1,0.00009415,25089.60
1621833346121000,1,0.00934379,24955.25
1621833466212000,0,0.00274978,24969.18
1621833545352000,0,0.00963075,24943.34
1621833545648000,0,0.04784848,24943.34
1621833546161000,0,0.00708234,24938.68
1621833546351000,0,0.00000001,24938.68
1621833566058000,0,0.04162913,24957.72
1621833606418000,1,0.00218129,24898.97
1621833673054000,0,0.08519034,24924.08
1621833696690000,1,0.04214731,24911.34
1621833813460000,0,0.00463000,24879.34
1621833928338000,0,0.00601351,24883.95
1621834333453000,0,0.00109742,24758.31
1621834367664000,0,0.01525036,24815.82
1621834417586000,1,0.00149751,24747.61
1621834418635000,0,0.00142478,24742.29
1621834424919000,1,0.09022673,24706.45
1621834424919000,1,0.08565545,24706.42
1621834424919000,1,0.08573999,24705.56
1621834424919000,1,0.03300000,24697.69
1621834424919000,1,0.08568794,24697.68
1621834424919000,1,0.00092812,24696.16
1621834424919000,1,0.08573670,24692.57
1621834424919000,1,0.00094687,24690.51
1621834424919000,1,0.47200000,24683.79
1621834424919000,1,0.06007820,24647.42
1621834433025000,0,0.00109935,24723.51
1621834492979000,1,0.00110170,24670.85
1621834492979000,1,0.00142921,24670.85
1621834500993000,1,0.00150227,24669.23
1621834673675000,1,0.08591624,24658.97
1621834673675000,1,0.08591777,24657.97
1621834673675000,1,0.02682846,24649.23
1621834673676000,1,0.05913253,24649.23
1621834673676000,1,0.08594302,24646.64
1621834673676000,1,0.05408742,24643.77
1621834673690000,1,0.03187357,24643.77
1621834673694000,1,0.00090937,24642.03
1621834673694000,1,0.00095625,24636.33
1621834673694000,1,0.11012000,24636.07
1621834673694000,1,0.08667685,24622.66
1621834673729000,1,0.06277381,24622.66
1621834706051000,1,0.06000000,24712.61
1621834739347000,1,0.09000000,24690.12
1621834747100000,1,0.00652399,24690.12
1621834780831000,1,0.09000000,24695.65
1621834793780000,0,0.00402473,24722.12
1621834813069000,1,0.09000000,24697.29
1621835030177000,1,0.09000000,24808.03
1621835041101000,0,0.02778818,24804.11
1621835078813000,1,0.02976445,24707.43
1621835569569000,0,0.00901804,24931.17
1621835569591000,0,0.02398196,24931.17
1621835670333000,0,0.00284000,24917.09
1621835778685000,0,0.00079949,24953.13
1621835992164000,1,0.04529329,24966.63
1621836003088000,0,0.00796341,24989.27
1621836075038000,1,0.08504846,24886.15
1621836075123000,0,0.04200000,24886.15
1621836075151000,0,0.02295154,24886.15
1621836140315000,1,0.04200000,24878.27
1621836229493000,1,0.01022239,24879.85
1621836263629000,0,0.00192000,24937.06
1621836299123000,0,0.01540000,24917.13
1621836369939000,1,0.00302270,24861.67
1621836373024000,1,0.09412170,24853.73
1621836536478000,1,0.00086851,24857.31
1621836660710000,1,0.00294868,24876.06
1621836678826000,0,0.08000000,24906.58
1621836736938000,0,0.08524693,24887.89
1621836736951000,0,0.00000001,24887.89
1621836768147000,1,0.06715532,24926.38
1621836768155000,1,0.01788965,24926.38
1621836768675000,1,0.10000000,24921.85
1621836857438000,0,0.03299999,25084.87
1621836857492000,0,0.00000001,25084.87
1621836874684000,0,0.08000000,25094.50
1621836881466000,1,0.00177926,25088.72
1621836882806000,1,0.04175491,25073.59
1621836882811000,1,0.04270528,25073.59
1621836882811000,1,0.08446019,25067.88
1621836890905000,0,0.00244289,25088.72
1621836891045000,0,0.00000001,25088.72
1621836891045000,0,0.00102030,25088.72
1621837041637000,1,0.09000000,24973.36
1621837072584000,1,0.09101109,24949.62
1621837291746000,0,0.00170278,24963.62
1621837605286000,0,0.00298743,25044.91
1621837749678000,0,0.00158838,25056.93
1621837859875000,0,0.00198204,25100.40
1621837865626000,0,0.07932406,25087.47
1621837890526000,0,0.01985396,25058.47
1621837954076000,1,0.01467446,25004.04
1621837954098000,1,0.02925724,25004.04
1621838042292000,0,0.00766000,25034.47
1621838121085000,0,0.07662000,25035.48
1621838146113000,0,0.08482343,25011.56
1621838146122000,0,0.00000001,25011.56
1621838146410000,0,0.08479033,25025.61
1621838210917000,1,0.00149751,25108.79
1621838219754000,0,0.00109825,25108.79
1621838219804000,0,0.00000001,25108.79
1621838220158000,0,0.00100000,25108.79
1621838220444000,0,0.00042478,25108.79
1621838326248000,0,0.03129134,25157.73
1621838326250000,0,0.05311744,25157.73
1621838326793000,1,0.03225461,25130.27
1621838331443000,1,0.00150227,25156.85
1621838335515000,1,0.00096562,25198.97
1621838335515000,1,0.00090937,25187.70
1621838335515000,1,0.00032522,25186.39
1621838339922000,1,0.00244762,25234.01
1621838348870000,1,0.00103694,25259.76
1621838353372000,1,0.00236328,25269.85
1621838358366000,1,0.00364663,25282.17
1621838362903000,1,0.00304304,25284.58
1621838371777000,1,0.08387599,25246.60
1621838377130000,0,0.00093750,25254.38
1621838377130000,0,0.00438250,25257.54
1621838390647000,0,0.00117759,25259.74
1621838390665000,0,0.00000001,25259.74
1621838523099000,1,0.06593837,25186.58
1621838523208000,1,0.00100000,25186.58
1621838730847000,1,0.01000000,25166.16
1621838737087000,0,0.08409670,25191.95
1621838737328000,0,0.00015572,25191.95
1621838737328000,0,0.03736332,25193.34
1621838737550000,0,0.04204841,25193.34
1621838744176000,1,0.00470001,25193.34
1621838744192000,1,0.00000001,25193.34
1621838771638000,0,0.01522000,25207.65
1621838973287000,0,0.03060622,25282.57
1621838973312000,0,0.00239378,25282.57
1621838986865000,0,0.00117541,25314.72
1621838986914000,0,0.00000001,25314.72
1621838997947000,0,0.00094687,25345.46
1621838997947000,0,0.03300000,25346.25
1621838997947000,0,0.04643363,25350.48
1621839013649000,1,0.02000000,25253.77
1621839106330000,0,0.08397413,25274.86
1621839106330000,0,0.00094687,25278.29
1621839106330000,0,0.01710457,25280.39
1621839220398000,0,0.03000000,25259.04
1621839220514000,0,0.00300000,25259.04
1621839258196000,0,0.00391000,25266.90
1621839370307000,0,0.00190000,25226.08
1621839418486000,0,0.03000000,25259.23
1621839418631000,0,0.00299999,25259.23
1621839418637000,0,0.00000001,25259.23
1621839457044000,1,0.08000000,25291.42
1621839474345000,0,0.00212442,25320.24
1621839542813000,1,0.08378546,25302.16
1621839544576000,0,0.00749108,25327.69
1621839552905000,1,0.00121005,25336.51
1621839558393000,1,0.00100984,25336.51
1621839573086000,1,0.00117417,25355.77
1621839573727000,0,0.00209596,25391.34
1621839573761000,0,0.00000001,25391.34
1621839587986000,1,0.00093750,25473.16
1621839587986000,1,0.00028259,25472.95
1621839589843000,0,0.02505047,25565.84
1621839589899000,0,0.10000000,25565.85
1621839589899000,0,0.85049052,25565.95
1621839590445000,0,0.04147963,25565.84
1621839590445000,0,0.07857377,25566.25
1621839592162000,0,0.11543092,25565.84
1621839592865000,1,0.00731133,25566.38
1621839597481000,1,0.00090000,25532.57
1621839597481000,1,0.00094687,25523.98
1621839597481000,1,0.00310741,25519.82
1621839605348000,1,0.00121660,25551.14
1621839607072000,1,0.03490312,25633.42
1621839609836000,1,0.00642823,25551.24
1621839614392000,1,0.00210567,25551.14
1621839618180000,0,0.08291011,25614.61
1621839618180000,0,0.00090937,25619.68
1621839618180000,0,0.00091875,25626.84
1621839618180000,0,0.03300000,25632.49
1621839618180000,0,0.00090937,25632.50
1621839618180000,0,0.00092812,25639.22
1621839618180000,0,0.03856211,25639.65
1621839618801000,1,0.00095625,25547.37
1621839618801000,1,0.00043694,25544.02
1621839626449000,0,0.00100000,25535.57
1621839626484000,0,0.00053099,25535.57
1621839630405000,0,0.00098438,25622.15
1621839630405000,0,0.08037953,25627.55
1621839630772000,1,0.00105046,25570.02
1621839639079000,1,0.00153012,25608.30
1621839643896000,1,0.00104943,25614.84
1621839653131000,0,0.00483121,25656.71
1621839653154000,0,0.00000001,25656.71
1621839654818000,1,0.00787412,25621.42
1621839655317000,0,0.00094687,25674.91
1621839655317000,0,0.32716264,25684.99
1621839655317000,0,0.08264591,25685.00
1621839655317000,0,0.03300000,25687.56
1621839655317000,0,0.00092812,25687.57
1621839655760000,0,0.00092812,25693.95
1621839655760000,0,0.00101318,25694.28
1621839656601000,0,0.08000000,25694.28
1621839658106000,0,0.00700000,25656.71
1621839658158000,0,0.00030395,25656.71
1621839659039000,0,0.50000000,25700.00
1621839665116000,0,0.00485556,25656.71
1621839672396000,1,0.00458196,25619.16
1621839712271000,1,0.00094687,25680.24
1621839712271000,1,0.00095625,25675.02
1621839712271000,1,0.00266533,25674.95
1621839720522000,1,0.00091875,25744.08
1621839720522000,1,0.00012557,25731.22
1621839728746000,1,0.00104331,25714.26
1621839743379000,1,0.00747526,25708.72
1621839767534000,1,0.00800000,25717.52
1621839797910000,0,0.00090000,25675.30
1621839798078000,0,0.00096562,25682.11
1621839813930000,0,0.00193273,25740.66
1621839831687000,0,0.00151902,25728.54
1621839831687000,0,0.00104229,25728.54
1621839845139000,0,0.00135307,25728.54
1621839867320000,0,0.00002761,25728.54
1621839867320000,0,0.08248747,25732.02
1621839867320000,0,0.08247505,25736.16
1621839867320000,0,0.08246326,25740.94
1621839867320000,0,0.08246305,25745.32
1621839867320000,0,0.00096562,25754.43
1621839867320000,0,0.00093750,25759.73
1621839867320000,0,0.11168655,25761.02
1621839867320000,0,0.03300000,25761.03
1621839867320000,0,0.50700000,25765.57
1621839867320000,0,0.00092812,25769.70
1621839867320000,0,0.05815042,25815.57
1621839893245000,1,0.00151875,25764.87
1621839897824000,1,0.00103798,25770.53
1621839908808000,1,0.00091875,25792.57
1621839908808000,1,0.00514385,25784.15
1621839915689000,0,0.00207169,25782.60
1621839917992000,0,0.00137792,25782.60
1621839922591000,1,0.00102676,25787.94
1621840049224000,0,0.00200000,25833.05
1621840049595000,0,0.00006867,25833.05
1621840053457000,1,0.00343452,25840.66
1621840056848000,0,0.05923599,25898.00
1621840056925000,0,0.05890954,25898.00
1621840068869000,0,0.00119939,25876.92
1621840068917000,0,0.00000001,25876.92
1621840070200000,0,0.00301983,25876.92
1621840074602000,0,0.00206389,25876.92
1621840147398000,1,0.00090000,25856.94
1621840147398000,1,0.02493909,25856.64
1621840147406000,1,0.05702960,25856.64
1621840184345000,0,0.00150737,25908.05
1621840188692000,1,0.00103020,25919.02
1621840220354000,0,0.00362000,25942.60
1621840225717000,1,0.00200000,25893.56
1621840230246000,0,0.56000000,25903.71
1621840249042000,1,0.00220000,25888.40
1621840263543000,0,0.00963000,25887.94
1621840273668000,1,0.00159977,25853.76
1621840277491000,0,0.07401393,25870.64
1621840277517000,0,0.00804721,25870.64
1621840291489000,1,0.00130000,25883.91
1621840321368000,0,0.06380675,25915.93
1621840321491000,0,0.01816278,25915.93
1621840418219000,0,0.02382099,25852.11
1621840418231000,0,0.04716275,25852.11
1621840418234000,0,0.01112341,25852.11
1621840418367000,0,0.00834348,25855.85
1621840637814000,0,0.03723000,25769.07
1621840667814000,1,0.04502686,25712.16
1621840727963000,1,0.00671217,25697.71
1621840745510000,1,0.02664502,25697.72
1621840745516000,1,0.00000001,25697.72
1621840765203000,1,0.02069012,25671.02
1621840765204000,1,0.00000001,25671.02
1621840839916000,1,0.00985204,25747.36
1621840839924000,1,0.00000001,25747.36
1621840887797000,0,0.08000000,25776.01
1621840903453000,1,0.08000000,25784.52
1621840909641000,1,0.00793924,25794.23
1621840929081000,1,0.06000000,25750.03
1621840985019000,1,0.00619274,25758.08
1621840985021000,1,0.00000001,25758.08
1621840989509000,0,0.00077238,25764.37
1621841022494000,0,0.00666001,25804.68
1621841042149000,1,0.08000000,25795.50
1621841161976000,0,0.08247972,25718.58
1621841161976000,0,0.05343328,25724.23
1621841169915000,0,0.00581447,25718.58
1621841189500000,0,0.00775064,25759.16
1621841207528000,1,0.00388100,25738.83
1621841207528000,1,0.01940299,25738.83
1621841207530000,1,0.00000001,25738.83
1621841228445000,1,0.01939518,25738.83
1621841229580000,1,0.00039582,25738.83
1621841229580000,1,0.03495795,25738.83
1621841230076000,1,0.00578804,25738.83
1621841230077000,1,0.00000001,25738.83
1621841314272000,0,0.01152000,25723.35
1621841334864000,1,0.01460477,25696.53
1621841335021000,1,0.08253323,25696.52
1621841335114000,1,1.01746677,25696.52
1621841395678000,0,0.00170174,25644.22
1621841396290000,1,0.45339646,25607.53
1621841397044000,0,0.00150677,25644.21
1621841398372000,0,0.00113163,25630.55
1621841447076000,0,0.00373000,25691.95
1621841516520000,0,0.06798500,25691.18
1621841532567000,0,0.08253002,25692.13
1621841532567000,0,0.07296498,25695.03
1621841536853000,0,0.00388000,25692.13
1621841576190000,1,0.00188792,25689.17
1621841576205000,1,0.00000001,25689.17
1621841639346000,1,0.01200000,25705.49
1621841682047000,0,0.57000000,25745.82
1621841682283000,0,0.00399999,25745.82
1621841682295000,0,0.00000001,25745.82
1621841691466000,0,0.00166026,25777.81
1621841703869000,0,0.01000000,25742.37
1621841813939000,0,0.03300000,25779.85
1621841817699000,0,0.00900000,25804.33
1621841833653000,0,0.00178537,25910.29
1621841853860000,0,0.03300000,25921.39
1621841853860000,0,0.03730000,25921.41
1621841944135000,0,0.02218000,25928.42
1621841994178000,0,0.00837500,25878.50
1621842055835000,0,0.02220000,25937.07
1621842063722000,1,0.00950698,25927.69
1621842063729000,1,0.05172205,25927.69
1621842070319000,0,0.03000000,25972.93
1621842073561000,1,0.00091875,26009.43
1621842073561000,1,0.00027725,26003.53
1621842078260000,1,0.00096562,25981.10
1621842078260000,1,0.00092812,25980.19
1621842078260000,1,0.00090937,25974.06
1621842078260000,1,0.00020912,25968.12
1621842082733000,1,0.00095625,25998.75
1621842082733000,1,0.00110244,25995.16
1621842087244000,1,0.00136959,26005.12
1621842147593000,0,0.03687000,26010.71
1621842148738000,0,0.04860000,25990.35
1621842189167000,0,0.01920777,25969.17
1621842222337000,0,0.00545975,25970.02
1621842249862000,0,0.00746000,25966.24
1621842251825000,1,0.04200000,25938.09
1621842257559000,0,0.00259000,25917.82
1621842262298000,0,0.01146944,25939.35
1621842333024000,0,0.01303000,25976.82
1621842351536000,1,0.03445048,25904.02
1621842351694000,1,0.00287275,25898.39
1621842364348000,1,0.02855201,25872.00
1621842364383000,1,0.03140689,25872.00
1621842364408000,1,0.00401760,25872.00
1621842364524000,1,0.02403708,25872.00
1621842364628000,1,0.02198642,25872.00
1621842453242000,1,0.00195905,25824.16
1621842453242000,1,0.08200553,25812.84
1621842453242000,1,0.08203578,25803.32
1621842453242000,1,0.03283573,25796.69
1621842474996000,1,0.00162095,25807.79
1621842474996000,1,0.08837905,25807.77
1621842475042000,1,0.00152664,25807.77
1621842489608000,0,0.00186000,25837.63
1621842537334000,1,0.04000000,25842.23
1621842560022000,0,0.00375000,25839.74
1621842562278000,0,0.00339727,25846.34
1621842608688000,1,0.05000000,25811.81
1621842613205000,0,0.00371000,25820.48
1621842626006000,1,0.08204510,25818.63
1621842626006000,1,0.07795490,25815.65
1621842636058000,1,0.09000000,25844.91
1621842713574000,0,0.07360226,25950.36
1621842713575000,0,0.00000001,25950.36
1621842714217000,0,0.03300000,25972.90
1621842714748000,0,0.00100312,25987.40
1621842729843000,0,0.00100000,26021.83
1621842729879000,0,0.00070174,26021.83
1621842733807000,1,0.00150678,26066.61
1621842738287000,1,0.00091875,26026.14
1621842738391000,0,0.00044722,26021.83
1621842745056000,0,0.00092812,26101.31
1621842745056000,0,0.06507234,26103.36
1621842745056000,0,0.00090937,26107.94
1621842745056000,0,0.03300000,26109.12
1621842745056000,0,0.06507234,26111.32
1621842745056000,0,0.06506471,26118.09
1621842745056000,0,0.00094687,26119.69
1621842745056000,0,0.10300000,26129.14
1621842745056000,0,0.05764459,26143.67
1621842748800000,0,0.00090000,26067.71
1621842748800000,0,0.01934000,26068.01
1621842749717000,1,0.08000000,26019.21
1621842765111000,1,0.08000000,25995.60
1621842767209000,1,0.00135712,25988.52
1621842767267000,1,0.00000001,25988.52
1621842784410000,1,0.01155199,25938.16
1621842786798000,1,0.00000001,25938.16
1621842786798000,1,0.00092812,25920.55
1621842795441000,0,0.00094687,25971.68
1621842795441000,0,0.01013313,25976.08
1621842929647000,0,0.02532000,25946.65
1621842947611000,1,0.00192499,25946.65
1621842947736000,1,0.00000001,25946.65
1621843013040000,0,0.00115400,25961.22
1621843124918000,0,0.00092812,25925.35
1621843128633000,0,0.00000937,25943.83
1621843143238000,0,0.00189000,25991.32
1621843227669000,0,0.44000000,25942.96
1621843259977000,0,0.00283000,25883.65
1621843282636000,0,0.51000000,25869.93
1621843295655000,1,0.04700313,25853.32
1621843326862000,0,0.00243946,25749.71
1621843327684000,0,0.01346412,25749.71
1621843344444000,1,0.00091875,25767.72
1621843344444000,1,0.00093750,25762.41
1621843344600000,0,0.00096562,25761.78
1621843344605000,0,0.00093750,25761.78
1621843345044000,0,0.55700000,25767.57
1621843348012000,0,0.39000000,25794.74
1621843438996000,0,0.00949000,25814.31
1621843445465000,0,0.03300000,25814.30
1621843446743000,0,0.56000000,25822.62
1621843548677000,0,0.43000000,25839.57
1621843548780000,0,0.00400000,25839.57
1621843573898000,0,0.49000000,25858.50
1621843582307000,0,0.37000000,25871.72
1621843602056000,0,0.00473626,25887.50
1621843689140000,0,0.37000000,25868.62
1621843720454000,1,0.02400000,25930.34
1621843782889000,1,0.00314790,25939.84
1621843782890000,1,0.00700220,25939.84
1621843782892000,1,0.04505549,25939.84
1621843782898000,1,0.01176263,25939.84
1621843923716000,1,0.00192985,25947.26
1621843953953000,1,0.00119190,26055.21
1621843958464000,1,0.00150283,26029.86
1621843963366000,1,0.00105339,26052.62
1621843970478000,1,0.00113055,26034.05
1621844033255000,0,0.00184000,26019.79
1621844047897000,1,0.00098438,25950.78
1621844062664000,0,0.00093750,25985.15
1621844062664000,0,0.00093750,25990.51
1621844062664000,0,0.00735500,25998.14
1621844106950000,0,0.00817081,25963.05
1621844106950000,0,0.00142919,25967.92
1621844133725000,0,0.00185000,25973.67
1621844145136000,0,0.00376582,25956.54
1621844172913000,1,0.40000000,25931.77
1621844176047000,0,0.01152497,25965.35
1621844177625000,0,0.00090000,25959.66
1621844177625000,0,0.03752063,25965.35
1621844195774000,0,0.00093750,25980.07
1621844195774000,0,0.00199250,25985.52
1621844223723000,0,0.00757000,25991.84
1621844247063000,1,0.00093750,26033.21
1621844248119000,1,0.00092812,26030.24
1621844248192000,1,0.01600000,26020.22
1621844283784000,0,0.00115132,26019.55
1621844286019000,0,0.35000000,26027.99
1621844286128000,0,0.00500000,26027.99
1621844308803000,1,0.00113465,25982.11
1621844308803000,1,0.10656909,25982.09
1621844313049000,0,0.01500000,25981.95
1621844313340000,0,0.10276933,25981.95
1621844313924000,0,0.02033841,25981.95
1621844313954000,0,0.05241838,25981.95
1621844314034000,0,0.90177014,25981.95
1621844352574000,1,0.08178822,25907.57
1621844352574000,1,0.00090806,25904.09
1621844352584000,1,0.00162603,25904.09
1621844352589000,1,0.07925413,25904.09
1621844352589000,1,0.03379374,25897.54
1621844352770000,1,0.04799448,25897.54
1621844352770000,1,0.03200552,25885.37
1621844380941000,0,0.00092812,25884.64
1621844380941000,0,0.00485188,25895.71
1621844388961000,0,0.04000000,25879.84
1621844389037000,0,0.00094188,25879.84
1621844408687000,1,0.10000000,25852.08
1621844436034000,0,0.00819554,25898.30
1621844436034000,0,0.00271802,25899.16
1621844463936000,0,0.00820217,25877.30
1621844463936000,0,0.00820203,25877.31
1621844482294000,0,0.00579000,25862.66
1621844485657000,0,0.00100400,25876.85
1621844488837000,0,0.00820523,25861.59
1621844488837000,0,0.00820522,25864.41
1621844488843000,0,0.00000001,25864.41
1621844493667000,0,0.00820545,25861.03
1621844493668000,0,0.00000001,25861.03
1621844504709000,0,0.00820394,25866.12
1621844506278000,0,0.00000001,25866.12
1621844506278000,0,0.00820393,25871.79
1621844506291000,0,0.00000002,25871.79
1621844531244000,0,0.00095625,25960.16
1621844531244000,0,0.00289375,25963.71
1621844568545000,0,0.00095625,25937.61
1621844568545000,0,0.00481375,25937.86
1621844767369000,0,0.00745000,25993.91
1621844777625000,0,0.00544000,25976.64
1621844781658000,0,0.00923000,25976.50
1621844815149000,0,0.00092812,25925.89
1621844815149000,0,0.00081188,25930.41
1621844833063000,0,0.03422000,25927.71
1621844898590000,0,0.00111000,25885.41
1621844903901000,1,0.00095625,25831.83
1621844903901000,1,0.00089043,25831.82
1621844907916000,1,0.00091875,25825.16
1621844907916000,1,0.00092812,25819.91
1621844907916000,1,0.09815313,25818.93
1621844908008000,1,0.00021379,25818.93
1621844941268000,1,0.00096562,25805.54
1621844961792000,0,0.03300000,25845.09
1621844961792000,0,0.00094687,25849.37
1621844961792000,0,0.00093750,25854.96
1621844961792000,0,0.08057365,25857.92
1621844991496000,1,0.00093750,25742.76
1621844999853000,0,0.00094687,25810.66
1621844999853000,0,0.00016313,25816.52
1621845013761000,1,0.00095625,25786.19
1621845013761000,1,0.61700000,25785.71
1621845107723000,1,0.11000000,25703.43
1621845137353000,1,0.00100000,25742.90
1621845137612000,1,0.00011409,25742.90
1621845138568000,1,0.00100000,25742.90
1621845138779000,1,0.00077680,25742.90
1621845140029000,1,0.00100000,25742.90
1621845140142000,1,0.00053518,25742.90
1621845141395000,0,0.00096562,25736.96
1621845141395000,0,0.00018421,25739.79
1621845181412000,1,0.08262434,25667.65
1621845181412000,1,0.08259963,25667.17
1621845181412000,1,0.03370406,25664.69
1621845181415000,1,0.04892028,25664.69
1621845181415000,1,0.07492479,25663.19
1621845181475000,1,0.19879810,25663.19
1621845181475000,1,0.06747674,25663.19
1621845181481000,1,0.19861964,25663.19
1621845194910000,1,0.00090937,25653.42
1621845194910000,1,0.00094687,25646.96
1621845195409000,1,0.00094687,25653.13
1621845197773000,1,0.00100000,25699.10
1621845197791000,1,0.00077982,25699.10
1621845199152000,1,0.00100000,25699.10
1621845199487000,1,0.00053779,25699.10
1621845200488000,1,0.00100000,25699.10
1621845200659000,1,0.00015179,25699.10
1621845203520000,1,0.11000000,25625.80
1621845203626000,1,0.00860841,25625.80
1621845229039000,0,0.10000000,25719.84
1621845229039000,0,0.08435229,25719.84
1621845230059000,0,0.01325314,25719.84
1621845259625000,1,0.08000000,25739.36
1621845268413000,1,0.00160000,25679.57
1621845290605000,0,0.00090000,25760.01
1621845290605000,0,0.00091875,25760.02
1621845290605000,0,0.00004125,25766.17
1621845308542000,0,0.00092812,25825.27
1621845308542000,0,0.00018188,25829.54
1621845338281000,1,0.09000000,25778.17
1621845440353000,0,0.02066755,25845.09
1621845440353000,0,0.06136764,25845.09
1621845509666000,1,0.09714854,25797.41
1621845535583000,0,0.00090000,25802.40
1621845535583000,0,0.00091875,25802.46
1621845535583000,0,0.00094687,25810.41
1621845535583000,0,0.11286728,25815.30
1621845547089000,0,0.01156869,25802.40
1621845549523000,0,0.00189177,25802.40
1621845549773000,0,0.03372180,25802.40
1621845549820000,0,0.02885155,25802.40
1621845550816000,0,0.00660190,25802.40
1621845552880000,0,0.00665556,25802.40
1621845612499000,0,0.01497507,25802.40
1621845612574000,0,0.01052298,25802.40
1621845628832000,0,0.07769575,25865.12
1621845663841000,1,0.10530000,25829.87
1621845663841000,1,0.00092812,25828.85
1621845663934000,0,0.00600000,25826.58
1621845663990000,0,0.00093750,25826.58
1621845664221000,0,0.00330212,25826.58
1621845664355000,0,0.04740381,25826.58
1621845664388000,0,0.08479917,25826.58
1621845664431000,0,0.05730157,25826.58
1621845810563000,0,0.00366204,25873.56
1621845820933000,0,0.07537822,25861.21
1621845864867000,0,0.05030283,25868.46
1621845955442000,0,0.00924000,25980.49
1621845969839000,0,0.00170000,25975.40
1621846031366000,0,0.00384000,25986.70
1621846041987000,1,0.05412198,25953.52
1621846070491000,0,0.00961000,25948.04
1621846227800000,0,0.02196286,25835.90
1621846227949000,0,0.02065093,25835.90
1621846227952000,0,0.02881923,25835.90
1621846227960000,0,0.01081100,25835.90
1621846265747000,0,0.00540000,25865.36
1621846270245000,0,0.00927000,25865.83
1621846276773000,0,0.01729464,25890.09
1621846301047000,0,0.00191000,25910.27
1621846314457000,0,0.09000000,25910.27
1621846322802000,0,0.01317074,25952.33
1621846334042000,1,0.03531412,25943.97
1621846334047000,1,0.04651450,25943.97
1621846352396000,0,0.07660157,25979.10
1621846359306000,1,0.08184158,25917.65
1621846359320000,1,0.00000001,25917.65
1621846483127000,1,0.00857900,25860.90
1621846567317000,0,0.00221000,25987.83
1621846573901000,1,0.02144174,25948.75
1621846604144000,0,0.01096916,25990.16
1621846622322000,0,0.01818437,25991.00
1621846629253000,0,0.03683048,25991.00
1621846629841000,0,0.01215554,25991.00
1621846630041000,0,0.01248188,25991.00
1621846630281000,0,0.01628909,25991.00
1621846630315000,0,0.91767455,25991.00
1621846704655000,0,0.00109228,26023.00
1621846714883000,0,0.00109286,26042.90
1621846733548000,0,0.07373000,26020.18
1621846744375000,1,0.00178041,25975.83
1621846744437000,1,0.01469876,25975.83
1621846785510000,1,0.00202214,25933.87
1621846917010000,0,0.00363000,25935.69
1621846936831000,1,0.01910338,25808.72
1621847088357000,1,0.11760354,25809.06
1621847093644000,1,1.01854024,25808.72
1621847097167000,0,0.00941832,25835.03
1621847128819000,0,0.07415000,25870.88
1621847152166000,0,0.03974199,25845.07
1621847298284000,0,0.00377148,25900.51
1621847348634000,0,0.00090937,25880.61
1621847348634000,0,0.09333389,25881.65
1621847348634000,0,0.04059285,25881.66
1621847396800000,0,0.00630000,25947.70
1621847399263000,1,0.00090000,25877.95
1621847443178000,0,0.00093750,25891.73
1621847443178000,0,0.00284250,25896.52
1621847468204000,1,0.00091875,25780.56
1621847468204000,1,0.00096562,25780.55
1621847471255000,1,0.09573279,25767.68
1621847533363000,1,0.10179385,25706.73
1621847565242000,0,0.00150000,25780.13
1621847568660000,1,0.00094687,25742.48
1621847568660000,1,0.00092812,25742.47
1621847568660000,1,0.00096562,25735.87
1621847568660000,1,0.09337017,25729.62
1621847568660000,1,0.10553000,25729.61
1621847568660000,1,0.00092812,25729.59
1621847568660000,1,0.03300000,25702.78
1621847568660000,1,0.15596944,25702.77
1621847575172000,0,0.00771142,25805.86
1621847629215000,0,0.00092812,25725.55
1621847629215000,0,0.00094687,25725.56
1621847629215000,0,0.00039746,25738.41
1621847662057000,0,0.00095625,25766.93
1621847662057000,0,0.00090937,25772.62
1621847662057000,0,0.00185438,25773.32
1621847762063000,0,0.00929000,25831.32
1621847769705000,0,0.00090000,25786.51
1621847769705000,0,0.00096562,25792.59
1621847769705000,0,0.01282888,25794.08
1621847787259000,0,0.01189000,25820.15
1621847827869000,0,0.00095625,25868.33
1621847827869000,0,0.02577179,25873.77
1621847941929000,0,0.01140000,25858.27
1621847970260000,0,0.01158493,25830.95
1621848021993000,0,0.00111000,25863.25
1621848023414000,0,0.09599503,25863.25
1621848023414000,0,0.01533497,25868.32
1621848050690000,1,0.00094687,25804.29
1621848050690000,1,0.00287714,25801.52
1621848059076000,0,0.00093750,25852.45
1621848059076000,0,0.00648250,25855.15
1621848064059000,0,0.01154678,25851.35
1621848086464000,1,0.00096562,25720.29
1621848088773000,1,0.00093750,25720.19
1621848300577000,0,0.01667000,25848.52
1621848301846000,0,0.00246000,25848.51
1621848343749000,0,0.00111000,25868.32
1621848358243000,1,0.00857669,25815.30
1621848490970000,0,0.00125000,25849.03
1621848499823000,1,0.00095625,25794.47
1621848508241000,0,0.00096562,25836.91
1621848508241000,0,0.00090937,25842.15
1621848508241000,0,0.01667501,25844.85
1621848578588000,0,0.01080000,25865.63
1621848593669000,0,0.00185000,25877.57
1621848619972000,1,0.00091875,25812.57
1621848619972000,1,0.00091875,25806.28
1621848619972000,1,0.00269407,25801.03
1621848619972000,1,0.00096562,25801.02
1621848619972000,1,0.00090000,25798.17
1621848619972000,1,0.00800297,25788.13
1621848681861000,0,0.03300000,25910.23
1621848681861000,0,0.00094687,25915.86
1621848681861000,0,0.04149254,25921.45
1621848692223000,0,0.03300000,25909.19
1621848692223000,0,0.00096562,25915.35
1621848692223000,0,0.10300000,25921.44
1621848692223000,0,0.05442830,25921.45
1621848692223000,0,0.00088125,25924.63
1621848692223000,0,0.00102187,25934.57
1621848692223000,0,0.19015765,25979.00
1621848692508000,1,0.00091875,25909.92
1621848692508000,1,0.00092812,25898.26
1621848713134000,0,0.01661000,25930.06
1621848748574000,0,0.00093750,25898.27
1621848748574000,0,0.02787410,25901.47
1621848840606000,0,0.00208000,25973.17
1621848877181000,0,0.08199772,25934.82
1621848927473000,0,0.01642000,25904.51
1621849031169000,1,0.26164282,25888.23
1621849031169000,1,0.08208396,25888.20
1621849031169000,1,0.03300000,25881.21
1621849031169000,1,0.08210454,25881.20
1621849031387000,0,1.04903577,25881.20
1621849044504000,0,0.05548000,25925.43
1621849052432000,0,0.00310132,25921.41
1621849061229000,0,0.00555000,25925.43
1621849089425000,0,0.00212000,25884.76
1621849118992000,0,0.02654955,25828.31
1621849118992000,0,0.04520415,25828.31
1621849118993000,0,0.01059679,25828.31
1621849154055000,0,0.00096294,25826.96
1621849162319000,0,0.00111000,25790.05
1621849221377000,0,0.03819995,25785.51
1621849221404000,0,0.01845150,25785.51
1621849221404000,0,0.02582651,25785.51
1621849233508000,0,0.00111000,25811.52
1621849233512000,0,0.00765000,25811.52
1621849234771000,0,0.00571000,25811.52
1621849243683000,0,0.01213000,25806.34
1621849315090000,0,0.00540000,25922.97
1621849342782000,0,0.00681203,25933.61
1621849359724000,0,0.00740000,25918.55
1621849362102000,1,0.00090937,25884.88
1621849362102000,1,0.00095625,25876.01
1621849362102000,1,0.08202866,25875.53
1621849362102000,1,0.03765605,25875.12
1621849423247000,0,0.01467571,25872.18
1621849445747000,0,0.00445000,25904.50
1621849537806000,0,0.02594000,25853.04
1621849623651000,0,0.01133642,25800.52
1621849642335000,0,0.02579775,25779.78
1621849642335000,0,0.05021736,25779.78
1621849642346000,0,0.00649257,25779.78
1621849650558000,0,0.00736756,25794.62
1621849650560000,0,0.02256977,25794.62
1621849650599000,0,0.02305491,25794.62
1621849650599000,0,0.02255992,25794.62
1621849650600000,0,0.00690283,25794.62
1621849709637000,0,0.02810000,25782.53
1621849758198000,0,0.00376000,25733.56
1621849788214000,0,0.00746000,25708.40
1621849804623000,0,0.00190000,25725.49
1621849815168000,0,0.00298000,25759.68
1621849816750000,0,0.00987000,25759.68
1621849855673000,0,0.01593000,25750.12
1621850014380000,1,0.02800000,25769.58
1621850042179000,0,0.00956000,25825.43
1621850123087000,0,0.01125000,25805.99
1621850244427000,0,0.00941000,25717.05
1621850261574000,0,0.00932000,25725.14
1621850264899000,0,0.00568724,25729.76
1621850345521000,0,0.01342000,25743.06
1621850415639000,0,0.00745000,25734.74
1621850489659000,0,0.00999000,25795.92
1621850506243000,0,0.00179000,25820.77
1621850584939000,0,0.01000000,25825.53
1621850665812000,0,0.02598000,25802.87
1621850680669000,0,0.00743000,25803.57
1621850773455000,0,0.00800000,25775.20
1621850819988000,0,0.00819000,25755.41
1621850824274000,0,0.00596000,25764.65
1621850920798000,0,0.02060000,25850.29
1621851194790000,0,0.08263206,25735.60
1621851194790000,0,0.09761116,25740.86
1621851194790000,0,0.08260583,25740.87
1621851194790000,0,0.00856533,25743.68
1621851216618000,0,0.08270815,25723.38
1621851216618000,0,0.08269906,25727.83
1621851216618000,0,0.08269570,25732.67
1621851216618000,0,0.01963119,25736.79
1621851329677000,0,0.08242201,25821.29
1621851329677000,0,0.08241243,25824.38
1621851329677000,0,0.08239297,25830.65
1621851329677000,0,0.08237222,25837.23
1621851329677000,0,0.03300000,25837.88
1621851329677000,0,0.00090000,25837.89
1621851329677000,0,0.08236973,25837.97
1621851329677000,0,0.00099375,25848.23
1621851329677000,0,0.45700980,25883.05
1621851329677000,0,0.05014200,25883.06
1621851337337000,0,0.00227226,25836.49
1621851435651000,1,0.08243374,25768.77
1621851435651000,1,0.09097784,25764.74
1621851435651000,1,0.08239196,25764.73
1621851435651000,1,0.03300000,25761.56
1621851435651000,1,0.08240244,25761.55
1621851435651000,1,0.10000000,25759.31
1621851435651000,1,0.00090000,25755.62
1621851435651000,1,0.10000000,25755.08
1621851435651000,1,0.08242344,25753.98
1621851435651000,1,0.00101250,25749.61
1621851435651000,1,0.08243612,25749.25
1621851435651000,1,0.10300000,25736.73
1621851435651000,1,0.00083437,25736.72
1621851435651000,1,0.02818759,25721.72
1621851497160000,0,0.03339000,25823.67
1621851509716000,0,0.00111000,25827.55
1621851516803000,0,0.01894000,25827.55
1621851575074000,0,0.00279177,25906.21
1621851575086000,0,0.00000001,25906.21
1621851575117000,0,0.02684247,25911.97
1621851575119000,0,0.00615753,25911.97
1621851575167000,0,0.19954581,25920.00
1621851575167000,0,0.03460483,25920.00
1621851576184000,0,0.00090937,25907.04
1621851576184000,0,0.00095625,25913.52
1621851576184000,0,0.78438960,25920.00
1621851722819000,0,0.01847000,25913.55
1621852089185000,0,0.00260000,25790.57
1621852117490000,1,0.03300000,25730.20
1621852117490000,1,0.08254043,25730.19
1621852117695000,0,0.00188000,25771.05
1621852125330000,0,0.03346000,25771.05
1621852222253000,1,0.03300000,25714.92
1621852222253000,1,0.00868285,25714.91
1621852222276000,1,0.07388023,25714.91
1621852269618000,0,0.00365995,25726.86
1621852283146000,1,0.03299999,25663.99
1621852283244000,1,0.00000001,25663.99
1621852295918000,1,0.00111876,25635.43
1621852295918000,1,0.00178424,25635.43
1621852295918000,1,0.00154161,25635.43
1621852295918000,1,0.00115464,25635.43
1621852295925000,1,0.00000001,25635.43
1621852317171000,0,0.00366000,25647.98
1621852328494000,0,0.00094687,25594.65
1621852328494000,0,0.00355313,25606.63
1621852332256000,1,0.00534547,25518.80
1621852332256000,1,0.08324729,25517.93
1621852332256000,1,0.07633272,25509.41
1621852332256000,1,0.00694246,25509.41
1621852332262000,1,0.00092812,25507.71
1621852332632000,1,0.08323404,25501.75
1621852332632000,1,0.08324859,25500.91
1621852332632000,1,0.06687808,25493.71
1621852333150000,0,0.00115678,25554.50
1621852333233000,1,0.03300000,25501.76
1621852333233000,1,0.08323404,25501.75
1621852333233000,1,0.08324859,25500.91
1621852333233000,1,0.00090000,25499.51
1621852333233000,1,0.01638548,25493.71
1621852333233000,1,0.00096562,25493.43
1621852333233000,1,0.00090000,25486.70
1621852333233000,1,0.08329837,25484.02
1621852333233000,1,0.08331839,25475.84
1621852333233000,1,0.13485898,25460.16
1621852337247000,0,0.00178825,25577.98
1621852341723000,1,0.00100000,25577.98
1621852345659000,1,0.00054507,25577.98
1621852374119000,0,0.00113000,25554.81
1621852375241000,1,0.00100000,25541.26
1621852375378000,1,0.00012288,25541.26
1621852375378000,1,0.00099999,25541.26
1621852377688000,1,0.00079083,25541.26
1621852377688000,1,0.00020917,25541.26
1621852377788000,1,0.00133813,25541.26
1621852377909000,1,0.00115890,25541.26
1621852399975000,0,0.00114348,25606.29
1621852448784000,0,0.01218000,25532.46
1621852474438000,0,0.00113000,25516.15
1621852482645000,1,0.00300000,25485.88
1621852482715000,1,0.00031830,25485.88
1621852488790000,0,0.00683000,25531.70
1621852501047000,0,0.04382211,25531.70
1621852501047000,0,0.03274393,25531.70
1621852501047000,0,0.08338379,25531.71
1621852501047000,0,0.08339603,25532.31
1621852515362000,0,0.01913501,25598.69
1621852515824000,0,0.02206426,25598.69
1621852516370000,0,0.05028358,25598.69
1621852516458000,0,0.00851715,25598.69
1621852529734000,0,0.08306926,25626.79
1621852529734000,0,0.02919074,25631.86
1621852544044000,0,0.00388572,25609.15
1621852560279000,0,0.00091875,25732.58
1621852560279000,0,0.00445314,25745.45
1621852591644000,1,0.00095625,25581.26
1621852614686000,0,0.00090000,25584.23
1621852614686000,0,0.00022000,25591.22
1621852655932000,0,0.00750000,25577.48
1621852679920000,1,0.19952482,25529.33
1621852679929000,1,0.12283898,25529.33
1621852720803000,1,0.00193535,25544.64
1621852775400000,0,0.00421000,25574.68
1621852778059000,0,0.00188000,25574.68
1621852800809000,0,0.00124000,25562.09
1621852812742000,1,0.15331065,25541.67
1621852812742000,1,0.08319172,25541.66
1621852812742000,1,0.04228502,25537.28
1621852813440000,1,0.00203872,25537.28
1621852868905000,0,0.00210000,25632.58
1621852869984000,0,0.00077625,25635.78
1621852873808000,0,0.01143000,25631.51
1621852876550000,0,0.00093750,25611.06
1621852876550000,0,0.00294750,25611.40
1621852941109000,0,0.00150000,25647.27
1621852948620000,0,0.00578000,25650.49
1621852951578000,1,0.04200000,25618.59
1621852998766000,0,0.00149000,25691.54
1621853039068000,0,0.00261000,25698.99
1621853059347000,0,0.00343000,25709.07
1621853072739000,1,0.03600000,25663.27
1621853111869000,1,0.00656442,25652.82
1621853238559000,0,0.01686000,25615.29
1621853248370000,1,0.00365136,25615.11
1621853352337000,0,0.03300000,25626.74
1621853352337000,0,0.08298787,25626.75
1621853352341000,0,0.00000001,25626.75
1621853388447000,1,0.00237986,25620.13
1621853428819000,0,0.00673000,25651.13
1621853451312000,0,0.02650364,25689.43
1621853451312000,0,0.00649636,25689.43
1621853495285000,0,0.01375000,25820.64
1621853500068000,1,0.00441400,25761.15
1621853602852000,1,0.00182568,25825.23
1621853609489000,0,0.00121528,25878.76
1621853623636000,0,0.00371000,25878.32
1621853647253000,0,0.00234000,25859.04
1621853685060000,0,0.01444000,25899.26
1621853706994000,1,0.01747852,25822.25
1621853726481000,0,0.00360000,25851.81
1621853832976000,0,0.00111000,25850.86
1621853834595000,0,0.01855000,25841.25
1621853884235000,0,0.03661337,25838.90
1621853900618000,0,0.00445000,25838.87
1621853908342000,0,0.00482000,25842.65
1621853989676000,0,0.01204364,25836.57
1621853989736000,0,0.02463018,25836.57
1621853993862000,0,0.00475514,25841.49
1621853997150000,0,0.00160000,25846.12
1621854010771000,0,0.00114000,25846.12
1621854029398000,0,0.00520000,25833.99
1621854081234000,0,0.02222000,25900.00
1621854086518000,0,1.36684718,25900.00
1621854086610000,0,0.04200000,25900.00
1621854086629000,0,0.00879000,25900.00
1621854086648000,0,0.03335239,25900.00
1621854086791000,0,0.97187131,25900.00
1621854092176000,1,0.00224164,25917.88
1621854096790000,1,0.00179082,25922.04
1621854099497000,0,0.01847000,25967.74
1621854101591000,1,0.00309237,25931.80
1621854106619000,1,0.00115890,25965.27
1621854121267000,0,0.00178825,25965.27
1621854121813000,0,0.00115678,25965.27
1621854136359000,0,0.01105000,26031.43
1621854152843000,1,0.00111409,26026.34
1621854157642000,1,0.00096562,26084.20
1621854157642000,1,0.00081862,26077.80
1621854162411000,1,0.00090000,26111.87
1621854162411000,1,0.00064353,26108.70
1621854168363000,0,0.00248999,26190.58
1621854168363000,0,0.00000001,26190.58
1621854170734000,1,0.00091875,26173.40
1621854170734000,1,0.00091875,26173.12
1621854170734000,1,0.00053604,26160.32
1621854175250000,1,0.00092812,26150.65
1621854175250000,1,0.00712991,26149.08
1621854179875000,1,0.00614749,26161.26
1621854188558000,0,0.00503042,26117.26
1621854188617000,0,0.00000001,26117.26
1621854189937000,0,0.00147834,26117.26
1621854190071000,0,0.00000001,26117.26
1621854216263000,0,0.00299267,26165.98
1621854216263000,0,0.00201918,26165.98
1621854216263000,0,0.00115091,26165.98
1621854226804000,1,0.00298699,26181.04
1621854231594000,1,0.00204145,26214.99
1621854239833000,1,0.00235931,26312.74
1621854244791000,0,0.00596172,26294.45
1621854249190000,0,0.00509036,26294.45
1621854253818000,0,0.00474349,26294.45
1621854277740000,1,0.00297022,26369.46
1621854292416000,1,0.00101421,26353.86
1621854297806000,0,0.00336855,26353.86
1621854304247000,0,0.00096562,26354.78
1621854304247000,0,0.00085438,26355.59
1621854305444000,0,0.00189322,26346.63
1621854330765000,1,0.00090937,26251.93
1621854330765000,1,0.00280952,26247.44
1621854341157000,0,0.00109000,26342.56
1621854359804000,0,0.00444639,26379.01
1621854366184000,0,0.00303898,26379.01
1621854369825000,0,0.00549000,26443.47
1621854386481000,0,0.00095625,26415.82
1621854386481000,0,0.00013375,26421.57
1621854478154000,1,0.04200000,26317.31
1621854495740000,1,0.07417923,26331.19
1621854495832000,1,0.00646944,26331.19
1621854495833000,1,0.00000001,26331.19
1621854535215000,1,0.00114639,26308.14
1621854596569000,1,0.15536244,26311.13
1621854596644000,1,0.03150211,26311.13
1621854736261000,0,0.02004000,26319.86
1621854771169000,0,0.00109000,26326.16
1621854799258000,0,0.00339000,26298.20
1621854856327000,0,0.00188000,26267.34
1621854856402000,1,0.00274978,26226.14
1621854858856000,0,0.00188000,26267.34
1621854882659000,0,0.00951000,26224.32
1621854908022000,0,0.02849586,26263.34
1621854908256000,0,0.12337348,26263.34
1621854908575000,0,0.06284312,26263.34
1621854908635000,0,0.68528754,26263.34
1621854910132000,0,0.01205000,26315.77
1621854954465000,0,0.00553000,26267.82
1621854959193000,0,0.00730000,26256.18
1621854985882000,1,0.01738151,26171.54
1621855006934000,1,0.00760792,26167.98
1621855007014000,1,0.03013019,26167.98
1621855007460000,1,0.05725710,26167.98
1621855007807000,1,0.00606550,26167.98
1621855008018000,1,0.01377602,26167.98
1621855027382000,0,0.00894000,26208.54
1621855047464000,0,0.00107790,26226.39
1621855149424000,0,0.00731000,26232.04
1621855198156000,1,0.04937744,26220.36
1621855241526000,0,0.03802145,26235.19
1621855322616000,0,0.00380000,26273.86
1621855336115000,0,0.00329000,26264.86
1621855360177000,0,0.02545117,26249.64
1621855360204000,0,0.04664210,26249.64
1621855360204000,0,0.00891179,26249.64
1621855360427000,0,0.10000000,26255.74
1621855360427000,0,0.00092812,26259.70
1621855360427000,0,0.08099212,26262.58
1621855360427000,0,0.00093750,26265.89
1621855360427000,0,0.00096562,26271.55
1621855360427000,0,0.00093750,26277.45
1621855363256000,0,0.18476027,26310.41
1621855386434000,0,0.00092812,26316.20
1621855386434000,0,0.09383188,26317.15
1621855458561000,1,0.00140579,26277.51
1621855494778000,0,0.00412000,26318.70
1621855531697000,1,0.01308141,26289.70
1621855552654000,0,0.00569000,26310.39
1621855556296000,0,0.00112000,26310.39
1621855579175000,1,0.00381029,26265.35
1621855666537000,0,0.00365000,26308.92
1621855812100000,0,0.00854000,26404.35
1621855830391000,0,0.00182000,26396.76
1621855854014000,0,0.00727000,26367.85
1621855870209000,1,0.00538837,26355.20
1621855870327000,1,0.02371526,26355.20
1621855918583000,1,0.01119179,26358.99
1621855921714000,1,0.08063182,26355.43
1621855921740000,1,0.00000001,26355.43
1621855954968000,0,0.00100000,26449.68
1621855972870000,0,0.00017667,26449.68
1621855972870000,0,0.00547894,26458.94
1621855984790000,1,0.00103634,26452.63
1621855988726000,0,0.01925396,26500.00
1621855988747000,0,0.04100000,26500.00
1621855989069000,0,0.13067601,26500.00
1621855989512000,1,0.00090937,26479.08
1621855989512000,1,0.00056934,26465.85
1621855989570000,0,0.07383460,26500.00
1621855989570000,0,0.00616540,26500.00
1621855989889000,0,0.00883460,26500.00
1621855994235000,1,0.00090000,26572.50
1621855994235000,1,0.00011062,26563.70
1621855995961000,1,0.00092812,26574.10
1621855995961000,1,0.00091874,26561.65
1621856006445000,1,0.00092812,26544.88
1621856006445000,1,0.00093750,26537.11
1621856006445000,1,0.00034402,26535.94
1621856010379000,0,0.00096562,26587.72
1621856010379000,0,0.00624438,26590.99
1621856011126000,1,0.00295338,26533.39
1621856015553000,1,0.00201847,26532.27
1621856020457000,1,0.00134334,26530.73
1621856029668000,1,0.00103787,26528.64
1621856034419000,1,0.00147412,26553.09
1621856039246000,1,0.00100748,26553.10
1621856043785000,1,0.00133988,26543.94
1621856063457000,0,0.00639000,26577.06
1621856076610000,1,0.00103404,26573.50
1621856076715000,0,0.00184000,26622.74
1621856081609000,1,0.00147328,26564.54
1621856082565000,1,0.03229400,26560.85
1621856086099000,1,0.00100690,26587.15
1621856094524000,0,0.00109000,26676.15
1621856101722000,0,0.00128137,26676.15
1621856101722000,0,0.00278426,26676.15
1621856101722000,0,0.00734423,26676.15
1621856136052000,1,0.04200000,26636.79
1621856143725000,0,0.00501936,26676.15
1621856143725000,0,0.00400531,26676.15
1621856143807000,0,0.00000001,26676.15
1621856143883000,0,0.00101250,26705.62
1621856152369000,0,0.00311571,26732.62
1621856172436000,0,0.00307910,26733.00
1621856172436000,0,0.00292774,26733.00
1621856172436000,0,0.00200095,26733.00
1621856172630000,0,0.00133009,26733.00
1621856177803000,1,0.00153456,26733.46
1621856237908000,0,0.00233000,26696.23
1621856261098000,0,0.01079000,26689.16
1621856304113000,0,0.07978620,26663.70
1621856304113000,0,0.00029380,26669.72
1621856343712000,0,0.00306000,26688.01
1621856428279000,1,0.09646852,26648.77
1621856428279000,1,0.07969293,26648.76
1621856428279000,1,0.02883855,26646.57
1621856451701000,0,0.00224342,26686.91
1621856471232000,0,0.07963279,26705.86
1621856471232000,0,0.07963666,26710.45
1621856471847000,0,0.00096562,26720.43
1621856498232000,0,0.02123982,26702.67
1621856506352000,0,0.07000000,26702.67
1621856543178000,0,0.00394000,26775.16
1621856548358000,1,0.00204800,26788.64
1621856553522000,0,0.00292224,26770.66
1621856558034000,1,0.00099921,26775.78
1621856570251000,1,0.00306912,26803.90
1621856575038000,1,0.00291622,26803.90
1621856579838000,1,0.00299106,26803.90
1621856581650000,1,0.07298386,26788.62
1621856662102000,0,0.01836000,26768.02
1621856708710000,0,0.09541271,26803.89
1621856708710000,0,0.00265193,26803.90
1621856731039000,0,0.00214000,26819.53
1621856769703000,0,0.00365000,26839.06
1621856793832000,1,0.00090000,26840.55
1621856793952000,0,0.00100000,26840.55
1621856794004000,0,0.00013975,26840.55
1621856802670000,0,0.00176288,26840.55
1621856819151000,0,0.00107000,26840.55
1621856832873000,0,0.00502697,26810.15
1621856863103000,0,0.00183000,26814.91
1621856893094000,0,0.00364447,26835.34
1621856899570000,0,0.00151341,26840.55
1621856899675000,0,0.00001758,26840.55
1621856912450000,0,0.00092536,26875.83
1621856981599000,0,0.01487552,26825.27
1621856983080000,0,0.00358000,26820.97
1621857005769000,0,0.00107000,26824.82
1621857017200000,1,0.00100000,26794.29
1621857018203000,1,0.07437684,26785.99
1621857018205000,1,0.00486427,26785.99
1621857035149000,1,0.01487552,26733.01
1621857037762000,0,0.00358000,26795.73
1621857057865000,1,0.20000000,26719.37
1621857123731000,0,0.00090937,26720.32
1621857243682000,0,0.01617640,26656.00
1621857256847000,0,0.00126907,26622.58
1621857280536000,0,0.01601375,26662.72
1621857280629000,0,0.00177120,26662.72
1621857280688000,0,0.01521505,26662.72
1621857294015000,1,0.02392984,26624.53
1621857319785000,0,0.00719000,26649.67
1621857333991000,0,0.03746967,26621.53
1621857344753000,1,0.00151618,26593.05
1621857344753000,1,0.00128641,26593.05
1621857344754000,1,0.00000001,26593.05
1621857424526000,1,0.01096376,26579.60
1621857445075000,0,0.00276000,26638.08
1621857510167000,0,0.00108000,26691.10
1621857565052000,1,0.02000000,26634.02
1621857611191000,0,0.00166000,26729.86
1621857642543000,0,0.00359000,26719.74
1621857660667000,1,0.02754186,26639.29
1621857660671000,1,0.05213953,26639.29
1621857863983000,1,0.00079224,26590.42
1621857931148000,0,0.00280306,26692.22
1621857933352000,0,0.04793788,26682.81
1621857933356000,0,0.03177659,26682.81
1621857933453000,0,0.07971447,26686.19
1621857952175000,1,0.07946195,26726.22
1621857984724000,0,0.03732538,26844.73
1621858023864000,0,0.00372000,26783.56
1621858035440000,0,0.02641271,26783.56
1621858043157000,0,0.00090937,26755.08
1621858043157000,0,0.07947001,26756.50
1621858043157000,0,0.07951141,26758.27
1621858043157000,0,0.00093750,26760.84
1621858043157000,0,0.00092812,26769.58
1621858043157000,0,0.00095625,26775.20
1621858043157000,0,0.43143442,26836.81
1621858043157000,0,0.09117995,26836.82
1621858043157000,0,0.03300000,26836.86
1621858043157000,0,0.10300000,26836.88
1621858043157000,0,0.17251984,26838.11
1621858043483000,0,0.00090000,26740.65
1621858043594000,1,0.00100312,26747.78
1621858044650000,0,0.00744133,26742.50
1621858046956000,1,0.02230816,26698.47
1621858058379000,1,0.47760980,26652.99
1621858061721000,0,0.00359000,26664.75
1621858066139000,0,0.00545000,26656.69
1621858096886000,1,0.00116348,26617.63
1621858099363000,1,0.13183474,26610.07
1621858112364000,1,0.00128754,26570.01
1621858114663000,1,0.00124388,26570.01
1621858137119000,0,0.00116798,26573.70
1621858138907000,0,0.01083000,26573.70
1621858177331000,1,0.00970000,26559.02
1621858242507000,0,0.08006000,26582.81
1621858252531000,0,0.00000228,26582.81
1621858252531000,0,0.02453772,26589.33
1621858274114000,1,0.09843172,26580.43
1621858301917000,1,0.09907828,26550.16
1621858322094000,0,0.00151867,26549.54
1621858325798000,0,0.08003327,26560.27
1621858325798000,0,0.08001965,26565.02
1621858325798000,0,0.02310708,26569.95
1621858327637000,0,0.07740295,26560.27
1621858330118000,0,0.00108000,26569.95
1621858335204000,1,0.00128853,26549.54
1621858335204000,1,0.00182715,26549.54
1621858375423000,0,0.01083000,26563.79
1621858396188000,0,0.00515000,26621.08
1621858428722000,0,0.00266954,26610.08
1621858454842000,0,0.00216000,26645.94
1621858528009000,0,0.00407145,26636.65
1621858529061000,0,0.01368000,26636.65
1621858535820000,0,0.00612000,26640.64
1621858568435000,0,0.00277000,26661.32
1621858568600000,0,0.00144000,26661.32
1621858570019000,1,0.07975762,26622.04
1621858577118000,0,0.01007000,26656.12
1621858609861000,0,0.07211522,26659.20
1621858609900000,0,0.00770177,26659.20
1621858609905000,0,0.07981372,26660.31
1621858610152000,0,0.07977212,26675.87
1621858610152000,0,0.00022788,26675.92
1621858629204000,0,0.00177613,26703.31
1621858674509000,0,0.00234000,26699.51
1621858713014000,1,0.01693700,26670.39
1621858738792000,0,0.03234000,26691.26
1621858743786000,0,0.00108000,26695.22
1621858810343000,0,0.00774399,26668.05
1621858811732000,0,0.00000001,26668.05
1621858851198000,0,0.03100000,26702.81
1621858859543000,1,0.00726821,26681.60
1621858879574000,0,0.00015756,26702.81
1621858919783000,1,0.00450000,26697.51
1621858942797000,0,0.00144000,26715.56
1621858979821000,0,0.01525000,26735.51
1621859034788000,1,0.03980401,26673.43
1621859050472000,0,0.01796000,26698.65
1621859050490000,1,0.00599019,26672.33
1621859072151000,0,0.01100000,26752.14
1621859072433000,0,0.08900000,26752.14
1621859091286000,0,0.00434000,26769.39
1621859115271000,0,0.02433000,26799.41
1621859132017000,1,0.07934842,26752.57
1621859132018000,1,0.00000001,26752.57
1621859185889000,0,0.00560000,26723.44
1621859241852000,1,0.00692492,26785.68
1621859315315000,0,0.07921085,26852.59
1621859325635000,1,0.00298248,26868.50
1621859328552000,0,0.09660945,26907.32
1621859328714000,0,0.18814937,26907.32
1621859333837000,1,0.00203627,26924.99
1621859338446000,1,0.00091875,26959.94
1621859338446000,1,0.00040317,26959.19
1621859339394000,0,0.07280545,27022.54
1621859339395000,0,0.00000001,27022.54
1621859342124000,0,0.00093750,27052.10
1621859342124000,0,0.00092812,27053.50
1621859342124000,0,0.00090000,27060.45
1621859342124000,0,0.03300000,27065.63
1621859342124000,0,0.07866474,27065.64
1621859342124000,0,0.00095625,27066.33
1621859342124000,0,0.07865201,27070.42
1621859342124000,0,0.00092812,27074.51
1621859342124000,0,0.07861540,27082.00
1621859342124000,0,0.07861294,27082.74
1621859342124000,0,0.10300000,27114.99
1621859342124000,0,0.00100000,27115.00
1621859342124000,0,0.32700000,27127.99
1621859342124000,0,0.15926857,27128.00
1621859342124000,0,0.00787608,27269.72
1621859342124000,0,0.52081302,27269.73
1621859346388000,0,0.00115186,26984.38
1621859346411000,0,0.00391571,26984.38
1621859360738000,0,0.00564012,26984.38
1621859360738000,0,0.00480186,26984.38
1621859360738000,0,0.00519560,26984.38
1621859360750000,0,0.00000001,26984.38
1621859387565000,0,0.07871506,26997.14
1621859387565000,0,0.07869363,27005.49
1621859387565000,0,0.04216054,27012.33
1621859387572000,0,0.03651254,27012.33
1621859393375000,1,0.00093750,27025.34
1621859393375000,1,0.00007735,27025.04
1621859398852000,0,0.00144805,27005.97
1621859398874000,0,0.00000001,27005.97
1621859404648000,0,0.00197808,27005.97
1621859406360000,0,0.10628002,27021.31
1621859414033000,1,0.00094687,27100.89
1621859414033000,1,0.00093750,27089.80
1621859414033000,1,0.00014195,27087.35
1621859418538000,1,0.00093750,27089.80
1621859418538000,1,0.00091875,27084.83
1621859418538000,1,0.00093750,27079.02
1621859418538000,1,0.00138032,27076.27
1621859423230000,1,0.00098762,27091.08
1621859428007000,1,0.00090937,27071.50
1621859428007000,1,0.00013071,27070.24
1621859445503000,1,0.03300000,27070.25
1621859450955000,0,0.10650817,27088.27
1621859455857000,1,0.00101168,27098.94
1621859460577000,1,0.00095625,27117.70
1621859460577000,1,0.00048728,27110.43
1621859464955000,1,0.00098657,27187.56
1621859469797000,1,0.00131206,27160.53
1621859478667000,1,0.00202141,27127.06
1621859483421000,1,0.00417046,27129.61
1621859488154000,1,0.00197126,27143.49
1621859488501000,1,0.03100000,27143.49
1621859488797000,0,0.03300000,27136.45
1621859493113000,0,0.00100000,27127.06
1621859493164000,0,0.00031159,27127.06
1621859501880000,1,0.01200000,27147.12
1621859502124000,1,0.02100000,27147.12
1621859502124000,1,0.08096255,27138.52
1621859516066000,0,0.00500000,27177.11
1621859516174000,0,0.00039801,27177.11
1621859518047000,0,0.02115000,27219.66
1621859520249000,0,0.00500000,27177.11
1621859520270000,0,0.00088528,27177.11
1621859524809000,1,0.00396824,27203.02
1621859529655000,1,0.00282471,27192.96
1621859538384000,0,0.00446972,27202.36
1621859538445000,0,0.00000001,27202.36
1621859545359000,1,0.01000000,27191.06
1621859562397000,0,0.01395322,27179.37
1621859604953000,1,0.03299999,27137.17
1621859604958000,1,0.00000001,27137.17
1621859645845000,0,0.00775849,27197.30
1621859655951000,0,0.00158208,27202.36
1621859655951000,0,0.00108254,27202.36
1621859655951000,0,0.00135823,27202.36
1621859681600000,0,0.02387000,27169.35
1621859698807000,1,0.00139730,27113.06
1621859698865000,1,0.03160270,27113.06
1621859700819000,1,0.01835866,27100.00
1621859700852000,1,0.00000001,27100.00
1621859703932000,1,0.00565561,27066.11
1621859713097000,1,0.00074000,27069.07
1621859763310000,0,0.00454603,27163.57
1621859771955000,0,0.00096562,27166.57
1621859771955000,0,0.00094687,27172.84
1621859771955000,0,0.01573751,27173.16
1621859775486000,0,0.01091000,27151.67
1621859828705000,0,0.00844000,27239.96
1621859872068000,1,0.00090937,27260.58
1621859872068000,1,0.00021741,27253.86
1621859913831000,1,0.01243617,27205.77
1621859950516000,1,0.03300000,27182.32
1621859980692000,0,0.00176000,27224.99
1621860007899000,0,0.00627585,27235.78
1621860007899000,0,0.00216181,27235.78
1621860007899000,0,0.00056234,27235.78
1621860008017000,0,0.00073196,27235.78
1621860008017000,0,0.00098376,27235.78
1621860033877000,1,0.00094687,27283.05
1621860033877000,1,0.00017770,27276.77
1621860038762000,1,0.00150013,27286.61
1621860038847000,1,0.07623264,27286.61
1621860038847000,1,0.03756819,27282.54
1621860043798000,1,0.00099766,27302.14
1621860048755000,1,0.00270788,27293.18
1621860057120000,1,0.00112362,27293.17
1621860061837000,1,0.00149875,27293.17
1621860066617000,1,0.00215698,27313.02
1621860067777000,0,0.01354239,27345.00
1621860067797000,0,0.00395761,27345.00
1621860075272000,1,0.00212798,27331.11
1621860079750000,1,0.00307090,27331.11
1621860084293000,1,0.00207494,27331.11
1621860104548000,1,0.00100459,27355.40
1621860113806000,0,0.00145011,27355.40
1621860113806000,0,0.00036822,27379.20
1621860114303000,1,0.02000000,27348.10
1621860115478000,0,0.00200000,27355.40
1621860115518000,0,0.00061560,27355.40
1621860120035000,0,0.00174792,27355.40
1621860142060000,1,0.01100000,27348.10
1621860146777000,1,0.07758183,27348.78
1621860146777000,1,0.00000001,27348.78
1621860154855000,1,0.00708274,27332.20
1621860154857000,1,0.01369234,27332.20
1621860154858000,1,0.08222492,27332.20
1621860156802000,1,0.03170179,27305.45
1621860249276000,0,0.00105000,27368.49
1621860263540000,1,0.03299999,27325.95
1621860263540000,1,0.00000001,27325.95
1621860288495000,0,0.01739000,27308.93
1621860292704000,1,0.03299999,27278.85
1621860292705000,1,0.00000001,27278.85
1621860325236000,0,0.01037170,27336.52
1621860354514000,0,0.00095625,27257.68
1621860354514000,0,0.00185375,27257.97
1621860370404000,0,0.01056000,27237.41
1621860382513000,0,0.00405000,27252.36
1621860411253000,0,0.01056000,27229.06
1621860418939000,0,0.00548127,27229.06
1621860454316000,0,0.00091875,27224.60
1621860454316000,0,0.00095625,27231.96
1621860454316000,0,0.03300000,27262.79
1621860454316000,0,0.00162473,27262.81
1621860485838000,0,0.00274726,27161.51
1621860525489000,0,0.01083000,27161.73
1621860580169000,1,0.09160669,27176.45
1621860613354000,0,0.07818057,27169.43
1621860613374000,0,0.00000001,27169.43
1621860613394000,0,0.07818058,27171.98
1621860642158000,0,0.05551775,27157.44
1621860642500000,0,0.01836697,27157.44
1621860645540000,0,0.00494000,27150.66
1621860657555000,0,0.01837514,27145.37
1621860677058000,0,0.00138172,27109.69
1621860786296000,0,0.00345194,27214.83
1621860906738000,0,0.07828079,27137.75
1621860906738000,0,0.07826988,27141.82
1621860906738000,0,0.07826223,27145.98
1621860906738000,0,0.09668667,27148.06
1621860906738000,0,0.07829817,27149.98
1621860906738000,0,0.00091875,27154.69
1621860906738000,0,0.07827701,27158.31
1621860906738000,0,0.00096562,27162.24
1621860906738000,0,0.00095625,27169.06
1621860906738000,0,0.00095625,27175.99
1621860906738000,0,0.16757191,27197.39
1621860964791000,0,0.07828362,27134.38
1621860964791000,0,0.05357127,27138.93
1621860983306000,1,0.00122993,27115.60
1621860997546000,1,0.00903334,27115.60
1621860997662000,1,0.02026024,27115.60
1621861003140000,0,0.04246080,27132.50
1621861036921000,0,0.00348517,27205.24
1621861134519000,0,0.07807812,27157.54
1621861134684000,0,0.00014561,27157.54
1621861134684000,0,0.04298617,27160.48
1621861135163000,0,0.02681433,27160.48
1621861190231000,0,0.00121856,27089.19
1621861192251000,1,0.00155448,27089.19
1621861192269000,1,0.00000001,27089.19
1621861195067000,1,0.00104322,27089.19
1621861200406000,0,0.01496389,27105.46
1621861200447000,0,0.01074877,27105.46
1621861215122000,0,0.00178000,27243.72
1621861229944000,0,0.00152000,27234.74
1621861305009000,0,0.07821030,27153.35
1621861305009000,0,0.07821030,27156.47
1621861305009000,0,0.07821030,27162.54
1621861305009000,0,0.07821030,27168.51
1621861305009000,0,0.05040221,27172.91
1621861498041000,0,0.00700225,27128.26
1621861542634000,0,0.00367371,27084.32
1621861574925000,0,0.00121957,27066.70
1621861576259000,0,0.00155578,27052.58
1621861577550000,0,0.00104408,27038.10
1621861578823000,0,0.00138435,27038.10
1621861583365000,0,0.00122086,27038.10
1621861584898000,0,0.00155743,27038.10
1621861586202000,0,0.00104519,27038.10
1621861593901000,0,0.01022406,27043.07
1621861602691000,1,0.01842648,27000.00
1621861607633000,0,0.00244562,26999.19
1621861638681000,1,0.00311972,26999.19
1621861638681000,1,0.00209339,26999.19
1621861638681000,1,0.00033450,26999.19
1621861645758000,1,0.00174704,26999.19
1621861686080000,0,0.02085732,26992.56
1621861686141000,0,0.05788764,26992.56
1621861709099000,1,0.03328567,26963.01
1621861742204000,0,0.00122411,26966.41
1621861743503000,0,0.00156157,26966.41
1621861744773000,0,0.00104797,26966.40
1621861756487000,0,0.00122523,26941.87
1621861757762000,0,0.00156299,26941.87
1621861758991000,0,0.00104892,26941.87
1621861760517000,1,0.00139077,26941.87
1621861770071000,0,0.07887956,26942.89
1621861770071000,0,0.06922257,26944.63
1621861775608000,0,0.00122644,26915.11
1621861776926000,0,0.00156454,26915.11
1621861778134000,0,0.00104996,26915.11
1621861809847000,0,0.00162854,26947.26
1621861854214000,0,0.04503967,26948.36
1621861854250000,0,0.02418666,26948.36
1621861880099000,0,0.00262375,27003.17
1621861930328000,0,0.00440921,26964.02
1621861965267000,0,0.01800000,26952.32
1621861987609000,0,0.02361016,26980.28
1621861993166000,1,0.04362276,26971.25
1621862020938000,0,0.00368444,27005.43
1621862053112000,0,0.00640000,26995.02
1621862055594000,0,0.01803255,26993.87
1621862074892000,0,0.00994000,26986.78
1621862079473000,0,0.03147000,26986.78
1621862105833000,0,0.00107000,26988.48
1621862123689000,1,0.02029122,26923.24
1621862130230000,0,0.00249000,26945.40
1621862153167000,0,0.00178000,26928.60
1621862171270000,0,0.01069000,26951.94
1621862185047000,0,0.01068000,26939.76
1621862203210000,0,0.00122727,26888.71
1621862205701000,1,0.00156560,26896.99
1621862207037000,1,0.00105067,26896.99
1621862208258000,1,0.00139309,26896.99
1621862210494000,0,0.00713000,26894.83
1621862218370000,0,0.02852000,26850.63
1621862219048000,0,0.00122836,26850.63
1621862220661000,0,0.00156699,26850.62
1621862222256000,0,0.00105160,26835.71
1621862223255000,0,0.03159111,26835.71
1621862227281000,0,0.00123007,26835.71
1621862228510000,0,0.00156917,26835.71
1621862229902000,0,0.00105307,26835.61
1621862231427000,0,0.00139627,26808.96
1621862236502000,0,0.00123130,26808.96
1621862237866000,0,0.00157074,26808.96
1621862239590000,1,0.00105412,26808.96
1621862257631000,0,0.01099000,26793.17
1621862258997000,0,0.00123203,26793.17
1621862260323000,0,0.00157166,26793.17
1621862261776000,0,0.00105474,26793.17
1621862263146000,0,0.00139849,26793.17
1621862271499000,1,0.00666666,26738.90
1621862280911000,1,0.00123320,26767.62
1621862280911000,1,0.00157316,26767.62
1621862280911000,1,0.00105574,26767.62
1621862280924000,1,0.00000001,26767.62
1621862290164000,1,0.00093750,26723.42
1621862290854000,0,0.00392000,26746.81
1621862295989000,1,0.00247202,26710.89
1621862296052000,0,0.00264000,26698.66
1621862297301000,1,0.00315339,26710.89
1621862298805000,1,0.00211599,26710.89
1621862299418000,0,0.01549000,26728.38
1621862300404000,1,0.00210401,26710.89
1621862306276000,0,0.00370000,26687.82
1621862307949000,0,0.00123689,26687.82
1621862309225000,0,0.00157787,26687.82
1621862312498000,0,0.07961924,26722.39
1621862312498000,0,0.02374076,26725.93
1621862314497000,1,0.00105891,26687.82
1621862322075000,0,0.00123756,26673.40
1621862327293000,1,0.00157872,26673.40
1621862327293000,1,0.00105948,26673.40
1621862327293000,1,0.00140476,26673.40
1621862327323000,1,0.00000001,26673.40
1621862362701000,0,0.00123922,26637.60
1621862364087000,0,0.00158084,26637.60
1621862365758000,0,0.00106090,26637.60
1621862376306000,1,0.02055920,26578.65
1621862376309000,1,0.05926058,26578.65
1621862376309000,1,0.07981978,26571.27
1621862384323000,1,0.00248287,26594.14
1621862387423000,1,0.00316723,26594.14
1621862387423000,1,0.00212528,26594.14
1621862388374000,1,0.00211324,26594.14
1621862411173000,0,0.06556138,26665.46
1621862411574000,0,0.00153093,26665.46
1621862412651000,0,0.00000001,26665.46
1621862415499000,0,0.00547000,26703.46
1621862481808000,0,0.01055920,26721.85
1621862579727000,0,0.07944629,26751.99
1621862579727000,0,0.02812371,26757.95
1621862602082000,1,0.00096562,26735.59
1621862602082000,1,0.00757406,26733.64
1621862605807000,0,0.00369000,26773.81
1621862612809000,0,0.07167000,26763.45
1621862632386000,0,0.00176690,26736.86
1621862637386000,1,0.00521349,26666.40
1621862658005000,0,0.01204000,26670.25
1621862664346000,0,0.03594000,26717.91
1621862671515000,0,0.00108000,26725.78
1621862699109000,0,0.00715000,26758.63
1621862746343000,0,0.00107000,26791.24
1621862759018000,0,0.00251000,26791.24
1621862824690000,0,0.00922000,26776.46
1621862862680000,1,0.00131100,26731.79
1621862882880000,0,0.07938037,26770.26
1621862882880000,0,0.03000193,26770.27
1621862882983000,0,0.04941301,26770.27
1621862882983000,0,0.07941974,26771.31
1621862882983000,0,0.08980313,26773.13
1621862882983000,0,0.03125733,26774.96
1621862889058000,0,0.03045000,26770.26
1621862896613000,0,0.00548000,26773.89
1621863015224000,0,0.00357000,26884.23
1621863062320000,0,0.00178000,26874.37
1621863119056000,0,0.00316722,26993.35
1621863140726000,0,0.00000001,26993.35
1621863140726000,0,0.00212528,26993.35
1621863140726000,0,0.00211323,26993.35
1621863140800000,0,0.00000001,26993.35
1621863154754000,1,0.00091875,27020.07
1621863154835000,0,0.00200000,27020.07
1621863155004000,0,0.00080334,27020.07
1621863156705000,0,0.00885000,27080.06
1621863202262000,1,0.00200000,26992.72
1621863237546000,0,0.03153000,26926.93
1621863263667000,0,0.00237000,26873.72
1621863398678000,0,0.01069000,26905.17
1621863437362000,1,0.09726223,26889.22
1621863455069000,0,0.02089348,26917.96
1621863462439000,1,0.06296423,26872.40
1621863475645000,1,0.03300000,26834.47
1621863490775000,0,0.01071000,26858.31
1621863503771000,0,0.00414000,26895.04
1621863534978000,1,0.00087230,26883.45
1621863545229000,0,0.00091875,26914.19
1621863545229000,0,0.00095625,26920.81
1621863545229000,0,0.07253901,26922.53
1621863614980000,1,0.09055150,26851.67
1621863615060000,0,0.04200000,26851.63
1621863644449000,0,0.00734000,26913.80
1621863664617000,1,0.07881759,26907.10
1621863673977000,1,0.07877446,26923.46
1621863674098000,0,0.07877446,26923.45
1621863715979000,1,0.02375778,26936.48
1621863738608000,1,0.04200000,26920.34
1621863738619000,1,0.02416540,26920.34
1621863738817000,1,0.00280465,26920.34
1621863740083000,1,0.04749031,26920.34
1621863748330000,1,0.03300000,26899.38
1621863776227000,0,0.00162750,26941.09
1621863868499000,1,0.07921046,26766.12
1621863868589000,0,1.12078954,26764.32
1621863909756000,0,0.02812645,26814.74
1621863909799000,0,0.05113005,26814.74
1621863954834000,0,0.00129000,26856.46
1621864026756000,0,0.00167790,26891.03
1621864104997000,0,0.00278000,26901.39
1621864105344000,0,0.00357000,26909.46
1621864260185000,1,0.07920895,26737.03
1621864260185000,1,0.07923645,26736.70
1621864267662000,0,0.00167071,26692.39
1621864268574000,0,0.00108000,26701.32
1621864269110000,0,0.00131644,26705.19
1621864274618000,0,0.00131772,26705.19
1621864282993000,1,0.00167372,26682.95
1621864284387000,1,0.00131881,26682.95
1621864293996000,0,0.00094687,26658.59
1621864293996000,0,0.00037280,26665.59
1621864298492000,1,0.00251761,26608.51
1621864329300000,0,0.01080000,26649.39
1621864347038000,0,0.05588955,26642.25
1621864347054000,0,0.02377254,26642.25
1621864384494000,1,0.00264500,26608.51
1621864384518000,1,0.00000001,26608.51
1621864385471000,0,0.00180000,26638.26
1621864397713000,0,0.00354340,26612.00
1621864427814000,1,0.00168104,26566.74
1621864435314000,1,0.00264917,26566.74
1621864435314000,1,0.00106372,26566.74
1621864435337000,1,0.00000001,26566.74
1621864447948000,0,0.00914836,26585.93
1621864449355000,1,0.02295435,26532.95
1621864449355000,1,0.01004565,26532.95
1621864457737000,1,0.07200662,26502.36
1621864524293000,1,0.02089348,26564.49
1621864608226000,0,0.05475516,26674.22
1621864685431000,0,0.00294000,26601.36
1621864754185000,0,0.07962617,26649.29
1621864754263000,0,0.00000001,26649.29
1621864872692000,0,0.00180000,26713.24
1621865002351000,0,0.00897000,26735.80
1621865014893000,0,0.00108000,26727.57
1621865049291000,1,0.00397969,26681.11
1621865127909000,1,0.00091875,26626.03
1621865127909000,1,0.00093749,26619.81
1621865127911000,1,0.00000001,26619.81
1621865128518000,1,0.00090000,26613.55
1621865128569000,1,0.00093750,26607.42
1621865128569000,1,0.00094687,26601.78
1621865128569000,1,0.00165942,26531.16
1621865166850000,0,0.00180000,26636.73
1621865172539000,0,0.02158000,26664.74
1621865189585000,0,0.00408594,26717.98
1621865230259000,1,0.07937918,26698.54
1621865269848000,1,0.00634104,26698.42
1621865295855000,0,0.02513000,26715.02
1621865312268000,0,0.00528905,26713.65
1621865325921000,0,0.07417267,26713.65
1621865325921000,0,0.07943948,26713.66
1621865325921000,0,0.07944740,26718.56
1621865325921000,0,0.00093750,26719.22
1621865325921000,0,0.07944070,26720.96
1621865325921000,0,0.00095625,26724.59
1621865325921000,0,0.03300000,26727.05
1621865325921000,0,0.07942392,26727.06
1621865325921000,0,0.00093750,26730.90
1621865325921000,0,0.00095625,26740.45
1621865325921000,0,0.09092371,26746.99
1621865325921000,0,0.10300000,26749.34
1621865325921000,0,0.32700000,26787.84
1621865325921000,0,1.06084330,26791.69
1621865325921000,0,0.36034163,26917.80
1621865330175000,0,0.00091875,26770.28
1621865330175000,0,0.00793565,26779.87
1621865331286000,0,0.00535000,26732.41
1621865360906000,1,0.00158234,26732.41
1621865395625000,0,0.00922000,26785.89
1621865396315000,0,0.00145000,26790.97
1621865442663000,0,0.00318032,26748.83
1621865468362000,1,0.03300000,26719.49
1621865473320000,1,0.03300000,26698.58
1621865503721000,0,0.00194000,26728.41
1621865527903000,0,0.01116755,26729.21
1621865530811000,0,0.00134799,26731.61
1621865536227000,0,0.00000001,26731.61
1621865548509000,0,0.05241249,26754.25
1621865548510000,0,0.02692463,26754.25
1621865574295000,0,0.06455172,26827.66
1621865574296000,0,0.01462067,26827.66
1621865586551000,0,0.00107000,26881.32
1621865601414000,1,0.00094687,26871.81
1621865601414000,1,0.00012955,26863.81
1621865672014000,0,0.07885599,26922.41
1621865672014000,0,0.07883898,26922.71
1621865672014000,0,0.07883416,26932.30
1621865672014000,0,0.04760813,26935.26
1621865677253000,0,0.00891000,26922.41
1621865698769000,0,0.00316059,26915.78
1621865706362000,0,0.00214000,26913.11
1621865755853000,1,0.03300000,26852.75
1621865863421000,1,0.03300000,26788.91
1621865866011000,0,0.01754000,26795.13
1621865889200000,0,0.01073000,26812.78
1621866034681000,1,0.03300000,26746.13
1621866069636000,0,0.38997375,26722.99
1621866114101000,1,0.00374664,26714.82
1621866124326000,0,0.00528973,26742.99
1621866142260000,0,0.00286000,26794.68
1621866156600000,0,0.04200000,26794.68
1621866175421000,0,0.01607000,26847.72
1621866234975000,1,0.00187545,26822.65
1621866260014000,1,0.03300000,26768.29
1621866305348000,0,0.00420293,26816.48
1621866384380000,0,0.00734000,26663.19
1621866470908000,0,0.03396226,26606.59
1621866551199000,0,0.06542700,26570.81
1621866566103000,0,0.01295727,26653.27
1621866581990000,0,0.00145000,26640.31
1621866695973000,1,0.00132652,26528.01
1621866695973000,1,0.00141245,26528.01
1621866695975000,1,0.00000001,26528.01
1621866704643000,0,0.00108000,26533.86
1621866713471000,1,0.00168449,26512.21
1621866713474000,1,0.00000001,26512.21
1621866713474000,1,0.00132731,26512.21
1621866745489000,0,0.05651600,26569.45
1621866745489000,0,0.07991066,26587.81
1621866745489000,0,0.07053723,26593.21
1621866750627000,1,0.01213017,26549.11
1621866777891000,0,0.00189570,26591.64
1621866852296000,1,0.00095503,26512.21
1621866852919000,1,0.03330089,26500.57
1621866852941000,1,0.00195924,26500.57
1621866852947000,1,0.08866424,26500.57
1621866853113000,1,0.21707563,26500.57
1621866860594000,1,0.00311201,26498.20
1621866912917000,1,0.00095625,26485.34
1621866912917000,1,0.00090000,26478.71
1621866912917000,1,0.00168705,26472.11
1621866912917000,1,0.00265864,26472.11
1621866912917000,1,0.00191333,26472.11
1621866935755000,0,0.00724000,26507.66
1621866973535000,0,0.00184000,26469.81
1621866977489000,0,0.03548714,26469.81
1621867050484000,0,0.00109000,26513.80
1621867080814000,0,0.06802306,26475.87
1621867080991000,0,0.02694995,26480.07
1621867081011000,0,0.04530540,26480.07
1621867245802000,0,0.01114000,26590.40
1621867288602000,1,0.02929521,26525.92
1621867288626000,1,0.11710564,26525.92
1621867288651000,1,0.03753223,26525.92
1621867288667000,1,0.04821521,26525.92
1621867288697000,1,0.16503322,26525.92
1621867288697000,1,0.18481849,26525.92
1621867288697000,1,0.00092812,26525.16
1621867288697000,1,0.00091875,26519.65
1621867289644000,1,0.00092812,26500.75
1621867299899000,1,0.09437990,26492.11
1621867321876000,0,0.00727912,26479.79
1621867335925000,0,0.01086000,26491.49
1621867388578000,0,0.07985612,26557.34
1621867389885000,0,0.00433000,26586.68
1621867444970000,0,0.01627186,26571.31
1621867444970000,0,0.04693415,26571.31
1621867444970000,0,0.03895376,26571.31
1621867483878000,0,0.00453000,26650.42
1621867485181000,0,0.00345000,26659.27
1621867571924000,0,0.00899000,26660.26
1621867674824000,0,0.00108000,26561.80
1621867788504000,1,0.04200000,26553.32
1621867797107000,0,0.00187226,26572.04
1621867940553000,1,0.07974650,26592.96
1621867940553000,1,0.03300000,26588.37
1621867940553000,1,0.07976034,26588.36
1621867940553000,1,0.09385428,26584.05
1621867940553000,1,0.07977281,26584.04
1621867940553000,1,0.07978478,26579.71
1621867940553000,1,0.02150147,26574.85
1621867957775000,0,0.00576000,26643.38
1621868099165000,0,0.00093750,26694.26
1621868099165000,0,0.00086250,26696.39
1621868099593000,1,0.00093750,26662.93
1621868099791000,0,0.00090000,26660.31
1621868171099000,0,0.00560000,26727.79
1621868193265000,0,0.07952900,26703.44
1621868193265000,0,0.07947357,26708.69
1621868193265000,0,0.00095625,26711.03
1621868193410000,1,0.24004118,26712.42
1621868194203000,0,0.00109000,26713.94
1621868299902000,0,0.01907961,26647.42
1621868370187000,1,0.02373474,26630.73
1621868400210000,0,0.00726000,26680.68
1621868408897000,0,0.00333000,26734.42
1621868414320000,0,0.01076000,26734.42
1621868425547000,0,0.00179000,26754.93
1621868479110000,0,0.04200000,26771.98
1621868484842000,0,0.00358000,26771.98
1621868581622000,0,0.00438000,26823.23
1621868647737000,1,0.03008176,26748.56
1621868650863000,0,0.00780000,26779.69
1621868650863000,0,0.00094687,26798.49
1621868650863000,0,0.01725313,26804.94
1621868664273000,1,0.01210700,26780.38
1621868686109000,0,0.00745686,26784.71
1621868803889000,0,0.00716000,26809.01
1621868837022000,1,0.03299999,26698.16
1621868837022000,1,0.00000001,26698.16
1621868869038000,0,0.07972224,26644.04
1621868869038000,0,0.00092812,26651.66
1621868869038000,0,0.04533964,26652.23
1621868880182000,0,0.07974977,26628.56
1621868880182000,0,0.07977761,26628.57
1621868880182000,0,0.07977690,26628.91
1621868880182000,0,0.07974977,26632.40
1621868880182000,0,0.00092812,26639.14
1621868880182000,0,0.07972224,26644.04
1621868880182000,0,0.00090937,26645.43
1621868880182000,0,0.00092812,26650.85
1621868880182000,0,0.09884080,26745.30
1621868880182000,0,0.03300000,26745.31
1621868880182000,0,0.10300000,26745.31
1621868880182000,0,0.00563100,26745.32
1621868880182000,0,0.25199950,26805.65
1621868887785000,1,0.00092812,26631.14
1621868888423000,0,0.00093750,26678.38
1621868888423000,0,0.00308250,26691.72
1621868889326000,1,0.00093750,26624.62
