timestamp ms,type,amount,price
1627257731573000,0,0.00090000,25660.6700
1627257731573000,0,0.00093944,25668.8100
1627257746490000,1,0.00361935,25637.0100
1627257746491000,1,0.00000001,25637.0100
1627257876550000,0,0.01938222,25740.5900
1627258137040000,1,0.00336162,25801.3600
1627258296484000,1,0.00316753,25802.6000
1627258323881000,0,1.23230000,25850.0000
1627258335923000,1,0.00316454,25840.1600
1627258351853000,0,0.00002817,25850.0000
1627258356099000,1,0.00090000,25875.4700
1627258356099000,1,0.00226112,25865.5700
1627258373330000,1,0.00316038,25880.6600
1627258389382000,0,0.02663920,25943.7000
1627258389460000,0,0.05533063,25943.7000
1627258389476000,0,0.00226346,25943.7000
1627258389675000,0,0.01338680,25943.7000
1627258389675000,1,0.00090000,25920.6200
1627258389675000,1,0.00225520,25915.9000
1627258389789000,0,0.00690079,25943.7000
1627258391509000,0,0.00269330,25943.7000
1627258391680000,0,0.01246990,25943.7000
1627258391709000,0,0.00428109,25943.7000
1627258398875000,0,0.00457452,25981.0700
1627258399812000,0,0.00188637,25982.3600
1627258399813000,0,0.00000001,25982.3600
1627258401307000,0,0.00152198,25999.7700
1627258401360000,0,0.00583051,25999.7700
1627258401360000,0,0.00166381,26000.0000
1627258401436000,0,0.00832273,26000.0000
1627258401590000,0,0.01133195,26000.0000
1627258401590000,0,0.02964703,26000.0000
1627258401806000,0,0.00947177,26000.0000
1627258402195000,0,0.00713374,26000.0000
1627258402345000,0,0.04101160,26000.0000
1627258402601000,0,0.00855678,26000.0000
1627258402962000,0,0.00230000,26000.0000
1627258403863000,0,0.00187908,26000.0000
1627258403863000,0,0.00584929,26000.0000
1627258403863000,0,0.00630847,26000.0000
1627258403908000,0,0.00369153,26000.0000
1627258406671000,1,0.00944695,26019.9900
1627258426829000,1,0.00090000,25987.6400
1627258427603000,1,0.00088200,25978.9000
1627258439647000,1,0.00314254,26001.1800
1627258444349000,0,0.15000000,26028.9900
1627258444416000,0,0.00759935,26028.9900
1627258451610000,1,0.00313936,26028.6400
1627258457579000,0,0.00230000,26009.9800
1627258563388000,1,0.33000000,26013.3000
1627258563388000,1,0.09309195,26013.3000
1627258563545000,0,0.33000000,26011.7800
1627258563645000,0,0.24729082,26011.7800
1627258740878000,0,0.00221000,25983.4300
1627258741969000,1,0.01603886,25960.6500
1627258741969000,1,0.06792119,25960.6500
1627258741985000,1,0.00005096,25960.6500
1627258741990000,1,0.00230000,25956.3200
1627258819195000,1,0.00230000,25910.5400
1627258823230000,1,0.00230000,25902.1600
1627258875222000,0,0.05782523,25946.2500
1627258875400000,0,0.00230000,25946.2500
1627258875909000,0,0.03987476,25946.2500
1627258875911000,0,0.00000001,25946.2500
1627258900926000,0,0.00383524,25943.5600
1627258994678000,1,0.03099999,25933.0200
1627258994680000,1,0.00000001,25933.0200
1627259182047000,1,0.00200000,26060.2400
1627259334756000,1,0.03099999,25981.9300
1627259334757000,1,0.00000001,25981.9300
1627259595078000,1,0.00766079,26025.8500
1627259595108000,1,0.01184937,26025.8500
1627259595160000,1,0.00175298,26025.8500
1627259595170000,1,0.00538817,26025.8500
1627259595187000,1,0.00434869,26025.8500
1627259721099000,0,0.01178677,26070.7400
1627259871529000,1,0.00100000,26044.9500
1627260258138000,1,0.00313330,26087.9300
1627260369455000,1,0.00313680,26101.6500
1627260439601000,0,0.04174615,26124.3200
1627260471774000,0,0.00090000,26133.1400
1627260471774000,0,0.00100368,26133.8300
1627260492385000,1,0.00313024,26137.5900
1627260504711000,1,0.00312720,26152.8200
1627260552337000,0,0.00190000,26190.4800
1627260572572000,0,0.00190000,26169.7800
1627260572654000,0,0.00001060,26169.7800
1627260648200000,0,0.03867511,26162.0600
1627260654337000,1,0.01347417,26142.5400
1627260719446000,0,0.00000909,26190.4800
1627260736842000,1,0.00312422,26230.0500
1627260739232000,0,0.00110000,26285.2900
1627260743896000,1,0.00312124,26248.7200
1627260772057000,1,0.00311826,26271.2200
1627260772532000,0,0.01532891,26319.9900
1627260772532000,0,0.03031289,26320.0000
1627260772809000,0,0.04879763,26320.0000
1627260772893000,0,0.01578442,26320.0000
1627260772967000,0,0.00253981,26320.0000
1627260773031000,0,0.03352601,26320.0000
1627260773051000,0,0.01281516,26320.0000
1627260774013000,0,0.00262934,26320.0000
1627260774201000,0,0.01211833,26320.0000
1627260774323000,0,0.10637802,26320.0000
1627260774685000,0,0.06685959,26320.0000
1627260775599000,0,0.01209999,26329.0000
1627260775602000,0,0.00000001,26329.0000
1627260780661000,1,0.00933330,26307.8100
1627260839903000,1,0.00310938,26329.8100
1627260875924000,1,0.00310643,26361.1700
1627260883489000,1,0.00619462,26385.1400
1627260900411000,1,0.00457899,26409.4800
1627261012998000,0,0.09591867,26397.0600
1627261037882000,0,0.00181000,26435.5400
1627261042106000,0,0.09489234,26435.5400
1627261046897000,1,0.00309761,26428.8100
1627261094745000,0,0.20066420,26500.0000
1627261094747000,0,0.08129631,26500.0000
1627261095418000,0,0.01803949,26500.0000
1627261101837000,1,0.01831596,26556.5300
1627261103948000,0,0.00219082,26559.1700
1627261110319000,1,0.00109480,26652.7500
1627261112663000,1,0.00230000,26783.6000
1627261133879000,1,0.02747394,26697.1000
1627261134435000,1,0.00230000,26697.1000
1627261134456000,1,0.00258961,26697.1000
1627261141941000,1,0.00088200,26697.9000
1627261142596000,1,0.00630859,26690.2300
1627261146079000,1,0.01000000,26675.4000
1627261146129000,1,0.00680935,26675.4000
1627261156420000,0,0.00230000,26757.7900
1627261156746000,1,0.00090000,26726.3000
1627261156746000,1,0.00367899,26724.8700
1627261164456000,1,0.00093876,26736.7300
1627261233876000,1,0.00915798,26770.0300
1627261237040000,0,0.09000000,26826.9100
1627261237979000,0,0.00189610,26828.7500
1627261241382000,0,0.01000000,26951.7400
1627261241393000,0,0.00246600,26951.7400
1627261241809000,0,0.18000000,26966.5300
1627261242705000,0,0.05000000,27000.0000
1627261242705000,0,0.05052002,27000.1000
1627261243055000,0,0.03217998,27000.1000
1627261244009000,0,0.66800000,27051.7600
1627261246734000,1,0.03663192,27013.1700
1627261247964000,1,0.00230000,27133.5700
1627261248085000,1,0.09639071,27133.5800
1627261250348000,1,0.00230000,27175.6400
1627261251552000,0,0.00090000,27191.6000
1627261253822000,0,0.00230000,27197.2800
1627261254691000,1,0.00090000,27121.1100
1627261254691000,1,0.00006620,27107.5700
1627261254801000,0,0.00090000,27196.4800
1627261254801000,0,0.21783593,27200.0000
1627261254801000,0,0.00090000,27209.7900
1627261254869000,1,0.00230000,27211.0400
1627261259373000,0,0.00170000,27253.1700
1627261259468000,0,0.00005000,27253.1700
1627261260374000,0,0.10257773,27290.9900
1627261260374000,0,0.01131927,27291.0000
1627261260643000,1,0.00090000,27263.1500
1627261260643000,1,0.02447063,27260.9600
1627261260960000,0,0.00230000,27291.9200
1627261261590000,0,0.00300000,27291.9200
1627261262096000,1,0.00230000,27349.3500
1627261263565000,1,0.05494788,27353.4600
1627261264237000,0,0.04112742,27405.9500
1627261264237000,0,0.00309909,27420.2700
1627261264277000,1,0.00090000,27427.7100
1627261264985000,1,0.05141264,27433.2300
1627261265928000,1,0.01703133,27434.6100
1627261265957000,0,0.00949992,27500.0000
1627261266040000,1,0.06633421,27507.0000
1627261266771000,1,0.02617893,27508.3800
1627261266821000,1,0.00371137,27508.3700
1627261267094000,1,0.02677989,27508.3800
1627261267094000,1,0.05802894,27508.3700
1627261268317000,1,0.01703900,27508.3700
1627261268690000,1,0.08480886,27508.3700
1627261268694000,1,0.04769938,27508.3700
1627261268697000,1,0.02320038,27508.3700
1627261268735000,1,0.00900757,27508.3700
1627261269426000,1,0.04827095,27568.5200
1627261269940000,1,0.17859800,27568.5200
1627261270316000,1,0.01840222,27568.5200
1627261271428000,1,0.00115944,27568.5200
1627261278633000,1,0.00090000,27571.8600
1627261278633000,1,0.05404788,27568.5200
1627261290632000,1,0.00090000,27615.5700
1627261290632000,1,0.07848169,27601.7700
1627261290632000,1,0.00090000,27601.7100
1627261290632000,1,0.00090000,27600.3300
1627261290632000,1,0.33000000,27587.9200
1627261290632000,1,0.42900000,27586.5400
1627261290632000,1,0.02952151,27568.5200
1627261290632000,1,0.07863989,27543.3300
1627261290729000,0,0.00230000,27525.2000
1627261290804000,0,0.07848169,27525.2000
1627261290825000,0,0.02840000,27525.2000
1627261290842000,0,0.13401000,27525.2000
1627261290845000,0,0.24897097,27525.2000
1627261291756000,0,0.00100000,27851.8200
1627261294916000,1,0.00230000,27984.1300
1627261294938000,1,0.00090000,27985.2700
1627261294949000,1,0.00300000,27985.2700
1627261295024000,1,0.00202902,27984.1300
1627261295907000,0,0.00190000,28000.0000
1627261296940000,0,0.00230000,27998.8100
1627261297022000,0,0.06000000,27998.8100
1627261297031000,0,0.00088000,27998.8100
1627261297031000,0,0.00000442,28000.0000
1627261297031000,0,0.00090000,28061.5800
1627261297031000,0,0.00090000,28074.2200
1627261297031000,0,0.00075000,28077.8500
1627261297031000,0,0.00090000,28109.2100
1627261297031000,0,0.00010000,28109.2100
1627261297031000,0,0.00090000,28109.2100
1627261297031000,0,0.00035000,28109.2100
1627261297031000,0,0.00147000,28109.2100
1627261297031000,0,0.00003000,28109.2100
1627261298543000,0,0.02000000,28082.8700
1627261299142000,0,0.00417000,28082.8700
1627261300440000,1,0.00090000,27884.2500
1627261300440000,1,0.00988100,27870.3200
1627261301444000,0,0.00595000,28170.6900
1627261303727000,1,0.07326384,27969.9500
1627261306067000,1,0.06276662,28089.2200
1627261307841000,0,0.00090000,28395.8300
1627261307841000,0,0.00090000,28395.8400
1627261307841000,0,0.00090000,28397.2500
1627261307841000,0,0.00090000,28397.2600
1627261307903000,1,0.00090000,28404.3600
1627261309907000,0,0.00230000,28408.6000
1627261310911000,0,0.00230000,28408.6000
1627261312022000,0,0.22581248,28408.6000
1627261312022000,0,0.33000000,28408.6100
1627261316340000,1,0.00090000,28509.0700
1627261316340000,1,0.07380200,28502.3700
1627261316370000,0,0.01043477,28509.5100
1627261316565000,0,0.00391844,28592.3800
1627261316565000,0,0.00100000,28602.4600
1627261316565000,0,0.06237392,28624.8200
1627261316649000,1,0.33000000,28626.7700
1627261316652000,1,0.80270764,28626.7700
1627261316788000,0,0.00230000,28612.4600
1627261317037000,1,0.00154800,28526.6200
1627261317713000,0,0.00230000,28626.7700
1627261318763000,0,0.00230000,28626.7700
1627261318865000,0,0.04026269,28626.7700
1627261318865000,0,0.00099950,28626.7700
1627261319033000,1,0.15276248,28690.4200
1627261319033000,1,1.11770384,28690.4100
1627261319362000,1,0.10073778,28566.5600
1627261320165000,1,0.00230000,28634.9400
1627261320549000,1,0.02169488,28566.5600
1627261323237000,0,0.00214307,28619.4800
1627261327406000,1,0.00090000,28580.8400
1627261327406000,1,0.00090000,28573.6900
1627261327406000,1,0.00100198,28566.5600
1627261335173000,1,0.00915798,28571.5700
1627261339599000,0,0.15474569,28774.4300
1627261339601000,0,0.17525431,28774.4300
1627261339601000,0,0.00176378,28886.8200
1627261339601000,0,0.02342375,28954.7200
1627261344034000,1,0.00457899,28694.0600
1627261351525000,0,0.33000000,28868.1400
1627261351525000,0,0.00090000,28868.1700
1627261351604000,1,0.00230000,28869.8500
1627261352615000,1,0.00230000,28869.8600
1627261353274000,1,0.01654476,28869.8600
1627261353274000,1,0.00177120,28869.8500
1627261353690000,1,0.00230000,28869.8500
1627261362459000,0,0.23041248,28868.1700
1627261362459000,0,0.06958752,28868.1800
1627261364286000,1,0.00915798,28733.8800
1627261395035000,1,0.00230000,28507.8400
1627261396675000,0,0.13044000,28525.1900
1627261396689000,1,0.12833000,28507.8400
1627261396896000,0,0.13037000,28525.1900
1627261397486000,1,0.13080000,28470.5600
1627261398034000,1,0.13087000,28456.2000
1627261398544000,1,0.13085000,28460.7700
1627261398544000,1,0.00220000,28450.2900
1627261398544000,1,0.00846635,28450.2800
1627261402190000,1,0.00370741,28336.0300
1627261402342000,1,0.12771259,28336.0300
1627261421894000,1,0.00090000,28077.7200
1627261421894000,1,0.00090000,28066.7800
1627261421962000,0,0.00230000,28064.9200
1627261421965000,0,0.00090000,28064.9200
1627261423209000,1,0.00090000,28078.9400
1627261423209000,1,0.33000000,28064.9100
1627261423209000,1,0.00090000,28054.1400
1627261423209000,1,0.00177837,28048.2400
1627261423209000,1,0.05361163,27963.3000
1627261423327000,1,0.00230000,28062.2600
1627261423327000,1,0.02340043,27963.3000
1627261423327000,1,0.23041248,27903.4900
1627261423327000,1,0.00143101,27903.4800
1627261423327000,1,0.07717772,27903.4700
1627261423327000,1,0.05851836,27894.4300
1627261423438000,1,0.27766000,27895.8300
1627261423535000,1,0.25591000,27894.4300
1627261423545000,1,0.19686789,27894.4300
1627261423546000,1,0.19686789,27894.4300
1627261423547000,1,0.19686789,27894.4300
1627261423548000,1,0.19686789,27894.4300
1627261423859000,1,0.02204715,27943.9300
1627261423861000,1,0.19674549,27943.9300
1627261427639000,0,0.01930575,28237.4200
1627261432837000,0,0.00090000,28130.3400
1627261432837000,0,0.00090000,28136.8200
1627261432837000,0,0.03050446,28144.4100
1627261439755000,0,0.13121000,28159.1800
1627261439755000,0,0.00143101,28159.8800
1627261441156000,0,0.00090000,28207.3200
1627261441156000,0,0.13030999,28221.4300
1627261441171000,0,0.00090001,28221.4300
1627261448745000,0,0.00090000,28471.2300
1627261448745000,0,0.00090000,28471.2500
1627261448745000,0,0.12030430,28485.4700
1627261450616000,0,0.00229999,28458.1400
1627261450900000,0,0.00000001,28458.1400
1627261450900000,0,0.02050400,28526.5900
1627261450900000,0,0.07949599,28526.6100
1627261450990000,0,0.00230000,28512.3300
1627261450990000,0,0.00704251,28526.6100
1627261453843000,0,0.02465200,28509.5200
1627261453843000,0,0.14534800,28530.9000
1627261470915000,0,0.06029797,28484.0800
1627261470915000,0,0.07043203,28484.0900
1627261471773000,0,0.13062000,28484.0900
1627261471885000,0,0.12894797,28484.0900
1627261472765000,0,0.13078000,28462.5000
1627261480862000,1,0.03000000,28301.2100
1627261497955000,1,0.07702155,28215.2000
1627261497955000,1,0.07711796,28178.2900
1627261497955000,1,0.04346806,28150.1600
1627261497988000,1,0.00090000,28229.3000
1627261505564000,1,0.13000000,28250.9100
1627261505595000,1,0.00183000,28250.9100
1627261505769000,1,0.12919340,28262.2200
1627261505959000,1,0.00258660,28262.2200
1627261506423000,1,0.00518700,28125.2600
1627261510753000,1,0.12645234,28125.2600
1627261522360000,1,0.00090000,28088.8000
1627261522360000,1,0.00090000,28088.7900
1627261522360000,1,0.12942000,28074.7700
1627261522675000,1,0.00230000,28102.8400
1627261522675000,1,0.05752442,28074.7700
1627261522675000,1,0.07139558,28074.7600
1627261566174000,0,0.00230000,28165.9100
1627261566179000,0,0.00300000,28165.9100
1627261566301000,0,0.12618000,28165.9100
1627261567023000,1,0.49553003,28152.6200
1627261567075000,1,0.70446997,28152.6200
1627261574844000,1,0.00090000,28081.5600
1627261574844000,1,0.33000000,28067.5300
1627261574844000,1,0.13270000,28066.1300
1627261574844000,1,0.00090000,28066.1200
1627261574844000,1,0.33000000,28052.1000
1627261574844000,1,0.21250040,28007.3700
1627261575761000,1,0.00200000,28095.6000
1627261582175000,1,0.00100000,28066.1500
1627261584729000,1,0.00138300,28029.7800
1627261584729000,1,0.12861700,28029.7700
1627261585282000,0,0.00646877,28056.7100
1627261598140000,0,0.00090000,27973.8200
1627261598140000,0,0.02507192,27978.4500
1627261613738000,0,0.00584845,27870.3100
1627261614350000,1,0.03867511,27779.8200
1627261631970000,0,0.03000000,27905.1900
1627261631974000,0,0.10000000,27905.1900
1627261631989000,0,0.00172000,27905.1900
1627261638427000,0,0.00090000,27928.0200
1627261640430000,0,0.23041248,27930.4000
1627261645668000,0,0.00090000,27923.2500
1627261645839000,0,0.00200000,27917.3300
1627261647042000,0,0.00090000,27905.7500
1627261647129000,0,0.08000000,27917.1600
1627261647297000,0,0.10000000,27917.1600
1627261650417000,0,0.00090000,27909.7600
1627261650417000,0,0.00086400,27914.6500
1627261651368000,0,0.00090000,27918.2600
1627261651368000,0,0.19910000,27923.7200
1627261665294000,1,0.00170000,27817.0300
1627261683663000,0,0.00090000,27812.3400
1627261683663000,0,0.00090000,27812.3500
1627261683663000,0,0.00090000,27813.7300
1627261683663000,0,0.00678641,27826.2500
1627261683663000,0,0.00811032,27826.2600
1627261687842000,0,0.01174908,27795.6800
1627261689395000,1,0.00090000,27619.2300
1627261689395000,1,0.02821797,27605.4400
1627261689398000,1,0.00000001,27605.4400
1627261717995000,0,0.00090000,27877.4100
1627261718514000,0,0.00230000,27875.0000
1627261738173000,0,0.13428999,27972.2400
1627261738201000,0,0.00000001,27972.2400
1627261787743000,1,0.00090000,27925.8000
1627261787743000,1,0.00089999,27925.7900
1627261789512000,1,0.04676534,27928.6000
1627261792386000,1,0.00000001,27925.7900
1627261793433000,1,0.00090000,27875.0500
1627261793598000,1,0.00207336,27868.1000
1627261793617000,1,0.00000001,27868.1000
1627261815658000,0,0.02911162,27868.0000
1627261815784000,0,0.00100000,27868.0000
1627261815889000,0,0.02988100,27868.0000
1627261816067000,0,0.03861067,27868.0000
1627261816080000,0,0.00230000,27868.0000
1627261816099000,0,0.03215671,27868.0000
1627261827556000,1,0.00300000,27866.0900
1627261841546000,1,0.00895092,27752.6600
1627261841589000,1,0.00230000,27752.6600
1627261841728000,1,0.00700917,27745.0100
1627261847698000,1,0.13447000,27693.3300
1627261856003000,1,0.02911677,27575.0600
1627261856243000,1,0.02001134,27575.0600
1627261856250000,1,0.01615576,27575.0600
1627261856338000,1,0.00928965,27575.0600
1627261856373000,1,0.06047648,27575.0600
1627261856670000,1,0.00229999,27582.9700
1627261858047000,1,0.00000001,27582.9700
1627261858047000,1,0.00090000,27540.8400
1627261858047000,1,0.00037604,27540.8300
1627261860546000,0,0.00090000,27671.0900
1627261860546000,0,0.00090000,27678.0100
1627261860546000,0,0.02179250,27684.9300
1627261863082000,1,0.00090000,27634.0200
1627261863129000,0,0.00300000,27629.3200
1627261863144000,0,0.00230000,27629.3200
1627261863243000,0,0.12734000,27629.3200
1627261863350000,1,0.13354000,27622.9900
1627261864969000,0,0.00090000,27761.7400
1627261865029000,1,0.00090000,27764.5100
1627261865208000,1,0.00000086,27764.5100
1627261867724000,1,0.00230000,27690.8400
1627261886522000,1,0.00090000,27641.1000
1627261886522000,1,0.00086400,27641.0900
1627261893620000,1,0.00100000,27592.8100
1627261894932000,0,0.00090000,27619.9400
1627261894932000,0,0.01091603,27633.7200
1627261899585000,0,0.00090000,27604.7100
1627261899585000,0,0.00090000,27604.7200
1627261899585000,0,0.00411204,27618.5100
1627261900239000,1,0.00090000,27543.8700
1627261900239000,1,0.00090000,27543.8600
1627261912601000,1,0.00098000,27620.7800
1627261919693000,0,0.07903895,27671.0600
1627261919834000,0,0.07903895,27671.0600
1627261962442000,0,0.00446325,27795.6000
1627261962455000,0,0.00000001,27795.6000
1627261970944000,1,0.00090000,27701.2800
1627261970944000,1,0.13446000,27700.3400
1627261970944000,1,0.00090000,27691.8100
1627261970944000,1,0.01208698,27685.9800
1627261972035000,1,0.00300000,27671.6400
1627261972105000,1,0.00230000,27671.6400
1627261972315000,1,0.12930000,27671.6400
1627261979289000,0,0.00300000,27744.5500
1627261993103000,0,0.02757511,27737.4800
1627262030392000,1,0.00090000,27755.3200
1627262030392000,1,0.33000000,27743.0500
1627262030392000,1,0.00090000,27740.2900
1627262030392000,1,0.00090000,27740.2800
1627262030392000,1,0.00090000,27732.6600
1627262030392000,1,0.07859767,27723.8200
1627262030392000,1,0.07862546,27711.3300
1627262030392000,1,0.21816771,27698.3400
1627262030392000,1,0.18694384,27698.3300
1627262030392000,1,0.07866386,27698.3200
1627262030392000,1,0.02653026,27684.1800
1627262036491000,0,0.00090000,27800.5100
1627262036491000,0,0.00012512,27812.6900
1627262044739000,0,0.02000000,27743.9500
1627262044752000,0,0.05000000,27743.9500
1627262044771000,0,0.09000000,27743.9600
1627262044932000,0,0.23000000,27743.9600
1627262044961000,0,0.01000000,27743.9600
1627262052167000,0,0.16028736,27761.8100
1627262054952000,0,0.01156509,27800.7300
1627262054968000,0,0.02226942,27800.7300
1627262098724000,0,0.10000000,27634.2000
1627262098741000,0,0.23000000,27634.2000
1627262127327000,0,0.00591819,27589.7800
1627262158153000,0,0.00090000,27545.7000
1627262158153000,0,0.00090000,27546.0200
1627262158153000,0,0.00090000,27552.8700
1627262158153000,0,0.00322174,27559.4700
1627262163446000,0,0.00230000,27498.2100
1627262164489000,1,0.00090000,27486.1600
1627262164489000,1,0.07930973,27477.6700
1627262164489000,1,0.23041248,27466.4300
1627262164489000,1,0.19580609,27466.4100
1627262164489000,1,0.07923198,27466.4000
1627262164489000,1,0.07926047,27453.7300
1627262164489000,1,0.07925611,27453.2200
1627262164489000,1,0.00208384,27436.4100
1627262164489000,1,0.94962862,27417.1000
1627262164489000,1,0.00411068,27406.0500
1627262166105000,0,0.00592826,27531.3300
1627262198773000,0,0.00517837,27449.3300
1627262204516000,0,0.00518498,27422.0300
1627262220520000,0,0.00518740,27409.4500
1627262229471000,1,0.04190688,27364.4200
1627262267974000,1,0.00380941,27443.4000
1627262303962000,0,0.21486173,27619.2400
1627262303962000,0,0.18596622,27619.2500
1627262303962000,0,0.13571000,27619.2600
1627262303962000,0,0.03100000,27630.3800
1627262303962000,0,0.07923719,27635.7400
1627262303962000,0,0.00387960,27656.1400
1627262354041000,1,0.13000000,27433.1300
1627262395598000,1,0.00300000,27390.5300
1627262400210000,0,0.00090000,27389.4900
1627262400210000,0,0.00429039,27395.0500
1627262422671000,0,0.13000000,27436.6400
1627262422732000,0,0.00524000,27436.6400
1627262467831000,0,0.33000000,27507.9700
1627262556552000,1,0.00090000,27513.9200
1627262556552000,1,0.00086400,27513.9100
1627262556567000,1,0.00003600,27513.9100
1627262557442000,1,0.00088200,27498.7800
1627262557661000,1,0.00001800,27498.7800
1627262561298000,1,0.00078400,27493.9600
1627262563890000,1,0.00090000,27508.4200
1627262563890000,1,0.00086400,27508.4100
1627262698741000,0,0.00179942,27647.7800
1627262770660000,1,0.00090000,27756.9800
1627262770660000,1,0.00089999,27755.1800
1627262770672000,1,0.00090000,27748.7000
1627262967419000,0,0.00180290,27599.9200
1627263489427000,1,0.00519039,27827.8700
1627263574482000,1,0.00518740,27851.9500
1627263590014000,1,0.00518498,27869.7100
1627263597794000,1,0.01110663,27907.5300
1627263647680000,1,0.01183993,28021.6700
1627263658567000,1,0.00591204,28038.5300
1627263666001000,1,0.00891265,28085.3700
1627263668502000,0,0.00090000,28132.7200
1627263668502000,0,0.02212285,28135.9100
1627263675433000,1,0.00090000,28120.3700
1627263675433000,1,0.00200338,28117.1700
1627263749111000,0,0.20046136,28137.1900
1627263763483000,1,0.04650235,28163.4700
1627263763503000,1,0.01680423,28163.4700
1627263763509000,1,0.00532765,28163.4700
1627263763509000,1,0.05735496,28163.4700
1627263763603000,1,0.02578251,28163.4700
1627263771843000,1,0.00889679,28121.9800
1627263792367000,0,0.13236000,28197.1400
1627263797839000,1,0.01469571,28163.9100
1627263847500000,1,0.00143966,28095.6100
1627263847521000,1,0.00659425,28095.6100
1627263847549000,1,0.00781871,28095.6100
1627263847631000,1,0.00496334,28095.6100
1627263847662000,1,0.00456311,28095.6100
1627263847671000,1,0.00577941,28095.6100
1627263847723000,1,0.00609286,28095.6100
1627263908689000,1,0.00084611,28046.5100
1627263951632000,1,0.09306996,27899.4400
1627263951635000,1,0.19931815,27899.4400
1627263951646000,1,0.00230000,27899.4400
1627264023450000,1,0.00140860,27959.7500
1627264054120000,1,0.09000000,27877.1200
1627264054135000,1,0.00627724,27877.1200
1627264062133000,1,0.03000000,27825.5100
1627264062143000,1,0.03000000,27825.5100
1627264124573000,1,0.07683200,27782.7600
1627264174414000,0,0.00300000,27808.6900
1627264191361000,1,0.18000000,27855.1000
1627264191640000,1,0.15000000,27855.1000
1627264194294000,1,0.04000000,27845.0300
1627264194305000,1,0.13000000,27845.0300
1627264224856000,1,0.11307748,27775.8700
1627264224876000,1,0.00230770,27775.8700
1627264335870000,1,0.00910000,27767.7500
1627264340261000,0,0.02305608,27809.1200
1627264340332000,0,0.00794392,27809.1200
1627264389130000,1,0.00181008,27938.0300
1627264603465000,0,0.00229999,27839.7200
1627264603476000,0,0.00000001,27839.7200
1627264625310000,0,0.02489530,27872.7400
1627264625313000,0,0.00610470,27872.7400
1627264955480000,0,0.00138000,27898.1300
1627264957601000,0,0.17833166,27898.1300
1627265017385000,1,0.00887371,27858.6600
1627265017385000,1,0.02112629,27851.5800
1627265017607000,1,0.00106035,27851.5800
1627265017617000,1,0.00000001,27851.5800
1627265019424000,1,0.00204895,27810.9400
1627265121738000,1,0.00090000,27796.0300
1627265121738000,1,0.00090000,27789.3200
1627265121738000,1,0.03899311,27786.4300
1627265215289000,0,0.00090000,27764.9400
1627265215289000,0,0.00471484,27769.5000
1627265260495000,0,0.00229999,27715.7000
1627265260510000,0,0.00000001,27715.7000
1627265267841000,0,0.00562040,27743.5600
1627265289137000,0,0.00562437,27716.5300
1627265355910000,0,0.00230000,27697.6000
1627265356135000,0,0.02301500,27697.6000
1627265373702000,1,0.35100000,27672.0800
1627265393360000,1,0.00088200,27650.5700
1627265393508000,1,0.00001800,27650.5700
1627265400591000,0,0.00090000,27671.7200
1627265400591000,0,0.00090000,27677.4900
1627265400591000,0,0.00383280,27682.5000
1627265401384000,1,0.07840000,27642.9500
1627265401411000,1,0.07840000,27642.9500
1627265410378000,0,0.00563633,27651.0000
1627265428009000,0,0.00090000,27611.9500
1627265428009000,0,0.00090000,27619.4700
1627265428009000,0,0.00949028,27622.8700
1627265442023000,1,0.33000000,27598.0600
1627265448008000,0,0.00565090,27592.4200
1627265452713000,1,0.04000000,27577.4800
1627265459133000,0,0.00090000,27620.2300
1627265459133000,0,0.00274000,27626.3700
1627265470509000,1,0.16000000,27605.0800
1627265470606000,1,0.17000000,27605.0800
1627265471615000,1,0.00088200,27606.0600
1627265471856000,1,0.00001800,27606.0600
1627265472555000,1,0.00088200,27604.9800
1627265473740000,1,0.00088200,27599.8000
1627265520649000,0,0.00954623,27613.5400
1627265520929000,0,0.00690136,27613.5400
1627265520930000,0,0.06115799,27613.5400
1627265521349000,0,0.01497197,27616.7800
1627265521352000,0,0.00726378,27616.7800
1627265521358000,0,0.00876425,27616.7800
1627265522763000,0,0.01663369,27625.8700
1627265522792000,0,0.00726323,27625.8700
1627265522803000,0,0.00685440,27625.8700
1627265522807000,0,0.00024868,27625.8700
1627265592474000,0,0.03063815,27641.6500
1627265592483000,0,0.00036185,27641.6500
1627265684382000,1,0.00196000,27637.9800
1627265684904000,1,0.00014000,27637.9800
1627265698337000,1,0.22532228,27648.7300
1627265698337000,1,0.27519099,27648.7200
1627265753336000,0,0.00800448,27758.0800
1627265772894000,0,0.00868342,27758.0800
1627265776009000,0,0.00518291,27758.0800
1627265776047000,0,0.01471724,27758.0800
1627265776048000,0,0.01070804,27758.0800
1627265777364000,0,0.02660391,27758.0800
1627265804446000,0,0.00230000,27774.6500
1627265845950000,1,0.00300000,27753.8400
1627265947877000,0,0.33000000,27800.8900
1627265989066000,0,0.00090000,27788.6700
1627265989066000,0,0.32338200,27789.7500
1627266053680000,0,0.00121000,27734.8600
1627266127877000,0,0.00176000,27784.8700
1627266143869000,0,0.32340000,27819.8400
1627266182934000,0,0.19854473,27832.4700
1627266191876000,0,0.00088200,27814.0500
1627266200070000,0,0.32340000,27825.4300
1627266560919000,0,0.32340000,27889.8000
1627266566264000,0,0.23041248,27900.9600
1627266566264000,0,0.31879175,27900.9700
1627266573300000,0,0.33000000,27901.8600
1627266573300000,0,0.00090000,27902.9800
1627266573300000,0,0.19443520,27906.4900
1627266573300000,0,0.07824756,27906.5000
1627266573300000,0,0.00090000,27909.1200
1627266573300000,0,0.31042834,27909.7100
1627266616307000,0,0.00344000,27878.5400
1627266645758000,0,0.00300000,27878.8800
1627266757266000,0,0.06746287,27905.6300
1627267083601000,0,0.07803445,27970.9300
1627267083601000,0,0.07490205,27976.5800
1627267087759000,0,0.07801924,27976.5500
1627267087759000,0,0.32272162,27979.5800
1627267100651000,0,0.00088200,27997.6800
1627267166508000,0,0.00090000,27988.1400
1627267166508000,0,0.00086400,27989.8100
1627267179498000,0,0.00355140,28017.1100
1627267188838000,0,0.32428200,28039.7500
1627267193821000,1,0.00565090,28003.4400
1627267395672000,0,0.00676176,27958.6900
1627267434365000,0,0.00257000,27973.7700
1627267915670000,1,0.00300000,27881.6400
1627267932819000,0,0.00090000,27862.6600
1627267932819000,0,0.00090000,27863.2200
1627267932819000,0,0.00090000,27871.9400
1627267932819000,0,0.00377275,27876.5900
1627268390548000,1,0.01000000,27711.1400
1627268390549000,1,0.08077919,27711.1400
1627268409689000,0,0.03099999,27724.5300
1627268409695000,0,0.00000001,27724.5300
1627268413337000,0,0.00163085,27738.1000
1627268413342000,0,0.01750269,27738.1000
1627268512669000,0,0.01205619,27757.9400
1627268545034000,0,0.00150909,27781.1700
1627268549223000,1,0.02836220,27778.2500
1627268549228000,1,0.00808471,27778.2500
1627268549229000,1,0.01184175,27778.2500
1627268549233000,1,0.00883750,27778.2500
1627268549238000,1,0.03399799,27778.2500
1627268549238000,1,0.00839034,27778.2500
1627268549249000,1,0.01469157,27778.2500
1627268549252000,1,0.01171901,27778.2500
1627268616399000,1,0.00752947,27724.9500
1627268616474000,1,0.00015366,27724.9500
1627268617440000,1,0.04000000,27718.5100
1627268617835000,1,0.00098000,27718.5100
1627268618481000,1,0.00878082,27718.5100
1627268619081000,1,0.00017920,27718.5100
1627268777989000,1,0.33000000,27646.4500
1627269001441000,0,0.06692363,27768.9400
1627269035936000,1,0.09000000,27730.3200
1627269068278000,1,0.10448740,27757.4300
1627269068291000,1,0.00000001,27757.4300
1627269557022000,0,0.03099999,27795.6500
1627269933722000,1,0.00404982,27802.1600
1627269933724000,1,0.07000000,27802.1600
1627269933851000,1,0.00303016,27802.1600
1627270159761000,0,0.03403409,27774.2100
1627270178399000,1,0.01000000,27743.5100
1627270434444000,1,0.03403409,27722.5600
1627270434444000,1,0.01388300,27722.5500
1627272071996000,1,0.00090000,27886.8900
1627272071996000,1,0.00392246,27886.0900
1627272508934000,0,0.02833489,27835.0700
1627272508934000,0,0.00686265,27835.0700
1627272509048000,0,0.00300000,27835.0700
1627272608624000,0,0.00230000,27835.0700
1627272608637000,0,0.00150850,27835.0700
1627272609678000,0,0.00793821,27835.0700
1627272610277000,0,0.01090824,27835.0700
1627272610341000,0,0.01319067,27835.0700
1627272615181000,0,0.00320982,27835.0700
1627272615771000,0,0.00808850,27835.0700
1627272615830000,0,0.00674472,27835.0700
1627272615832000,0,0.00230000,27835.0700
1627272615850000,0,0.00548693,27835.0700
1627272615909000,0,0.00012687,27835.0700
1627272727369000,1,0.00376771,27825.2400
1627273008248000,1,0.00300000,27822.4500
1627273428718000,1,0.01901434,27933.0800
1627273428722000,1,0.03980006,27933.0800
1627273548513000,1,0.00673056,27892.9000
1627273576299000,1,0.01430605,27890.6900
1627273576368000,1,0.00690067,27890.6900
1627273576381000,1,0.00979328,27890.6900
1627273831957000,0,0.00836954,27862.5300
1627273831957000,0,0.00783179,27862.5300
1627273831957000,0,0.02282235,27862.5300
1627273832098000,0,0.00268355,27862.5300
1627273832107000,0,0.03046317,27862.5300
1627273832108000,0,0.01065092,27862.5300
1627273832123000,0,0.00494009,27862.5300
1627273832133000,0,0.00822347,27862.5300
1627273832202000,0,0.00636705,27862.5300
1627273832203000,0,0.00286997,27862.5300
1627274510252000,1,0.00431488,27906.9800
1627274599631000,0,0.00200000,27915.4000
1627274599717000,0,0.00030000,27915.4000
1627274658913000,0,0.00230000,28000.0000
1627274728189000,0,0.07000000,28000.0000
1627274728208000,0,0.02802842,28000.0000
1627274731530000,0,0.09000000,28023.5100
1627274731587000,0,0.00538208,28023.5100
1627274870925000,1,0.00450500,27988.0500
1627275377829000,1,0.00200000,27959.7800
1627275397668000,1,0.02576643,27887.6500
1627275397668000,1,0.03406329,27887.6500
1627275400046000,0,0.00229999,27877.1000
1627275400052000,0,0.00000001,27877.1000
1627275561977000,0,0.00090000,27884.6100
1627275561977000,0,0.00079779,27888.7200
1627275583087000,1,0.02678447,27861.8300
1627275583090000,1,0.00000001,27861.8300
1627275836145000,1,0.33000000,27843.1600
1627275836145000,1,0.07829889,27842.3600
1627275836145000,1,0.00090000,27841.7700
1627275836145000,1,0.09652301,27836.1500
1627275836145000,1,0.21820207,27836.1400
1627276020378000,0,0.00300000,27860.9400
1627276070964000,0,0.00310000,27834.9900
1627276082815000,0,0.00698410,27827.5800
1627276323213000,1,0.00303824,27834.6700
1627276417629000,1,0.00230000,27862.6100
1627276656207000,1,0.00308012,27852.8800
1627276656213000,1,0.02791988,27852.8800
1627276739383000,1,0.02752105,27896.9000
1627276852296000,0,0.03438000,27899.1700
1627277238993000,0,0.04696934,27953.6000
1627277507264000,0,0.00541000,27921.1900
1627277572676000,1,0.00205905,27902.3700
1627277875607000,1,0.00578734,27942.5400
1627277928224000,0,0.00230000,28000.0000
1627277928279000,0,0.00321155,28000.0000
1627277928282000,0,0.00148845,28000.0000
1627278024666000,0,0.00846965,27974.0000
1627278290482000,0,0.00343000,27997.0300
1627278379961000,1,0.00892060,28025.7400
1627278648672000,0,0.03022260,27984.6800
1627278701653000,0,0.00533631,27968.7400
1627278817668000,1,0.00090000,27929.6900
1627278817668000,1,0.01410000,27928.8800
1627278964296000,1,0.01281739,27998.2000
1627279004732000,0,0.00130000,28028.7900
1627279058001000,1,0.03385731,28021.4200
1627279233615000,1,0.00236968,28060.7300
1627279462443000,1,0.01241987,28038.0300
1627279574831000,0,0.06694000,28033.4900
1627279702702000,1,0.03600000,28023.8900
1627279748987000,1,0.03892230,28041.8900
1627279950899000,0,0.00713000,28095.8800
1627279969697000,1,0.00090000,28097.7600
1627279969697000,1,0.00473633,28091.7900
1627279983119000,1,0.00563280,28118.7300
1627280000427000,1,0.00452097,28097.2300
1627280000448000,1,0.01090943,28097.2300
1627280081946000,1,0.00562437,28126.5500
1627280291125000,0,0.00176930,28118.4400
1627280341467000,1,0.00090000,28179.2200
1627280341467000,1,0.00090000,28173.4500
1627280341467000,1,0.00382040,28166.0200
1627280359981000,1,0.00862456,28159.9100
1627280359981000,1,0.05063814,28159.9000
1627280372160000,1,0.00561484,28188.5500
1627280398643000,0,0.00180085,28247.6200
1627280398656000,0,0.00000001,28247.6200
1627280400342000,1,0.00886524,28221.4600
1627280407767000,0,0.00177073,28224.6800
1627280444688000,0,0.01168379,28240.9700
1627280444689000,0,0.00766821,28240.9700
1627280444690000,0,0.03229082,28240.9700
1627280444691000,0,0.02785287,28240.9700
1627280444692000,0,0.01024484,28240.9700
1627280462695000,1,0.00288384,28244.7500
1627280481386000,1,0.00884173,28283.0100
1627280602188000,1,0.00875500,28320.3500
1627280699466000,0,0.00090000,28419.9300
1627280699466000,0,0.00089999,28419.9400
1627280700498000,1,0.01465902,28379.8100
1627280720499000,1,0.01716135,28455.6400
1627280720705000,0,0.04799528,28497.8700
1627280725749000,0,0.00481143,28462.7900
1627280733444000,0,0.00090000,28457.1800
1627280733444000,0,0.00742416,28463.6100
1627280734767000,0,0.00229999,28454.6900
1627280734784000,0,0.00000001,28454.6900
1627280760342000,0,0.01921736,28486.3300
1627280768285000,0,0.09384237,28502.9900
1627280769896000,0,0.00605161,28502.9900
1627280770284000,0,0.00749513,28502.9900
1627280776837000,0,0.00587731,28499.8200
1627280785340000,0,0.04901701,28512.7300
1627280785797000,0,0.00486570,28511.4000
1627280807665000,0,0.00090000,28519.9600
1627280807665000,0,0.25365185,28521.9000
1627280848677000,1,0.01000000,28367.6400
1627280848699000,1,0.00230000,28367.6400
1627280848699000,1,0.03000000,28367.6400
1627280848746000,1,0.07000000,28367.6400
1627280848762000,1,0.01531132,28367.6400
1627280849001000,1,0.07678497,28339.1300
1627280849001000,1,0.03091942,28324.9600
1627280880383000,0,0.03504984,28389.0000
1627280937175000,0,0.00230000,28449.1800
1627280945414000,0,0.00230000,28449.7700
1627280970266000,1,0.00090000,28444.8600
1627281241897000,0,0.02098071,28455.6500
1627281267383000,1,0.00229999,28481.9900
1627281267394000,1,0.00000001,28481.9900
1627281415448000,1,0.00300000,28347.6900
1627281471003000,1,0.07697203,28300.4600
1627281496171000,0,0.00229999,28275.7100
1627281496172000,0,0.00000001,28275.7100
1627281514567000,0,0.00525000,28307.7800
1627281543878000,1,0.00300000,28270.3300
1627281543954000,1,0.00230000,28270.3300
1627281544126000,1,0.03334169,28270.3300
1627281544178000,1,0.01218958,28270.3300
1627281544421000,1,0.00929968,28270.3300
1627281544438000,1,0.04376895,28270.3300
1627281544439000,1,0.39610010,28270.3300
1627281602505000,0,0.00229999,28307.3300
1627281832523000,1,0.03468600,28296.3000
1627281983288000,0,0.00167099,28394.0800
1627282133828000,1,0.00110000,28245.8200
1627282193591000,0,0.00300000,28267.7000
1627282193649000,0,0.19700000,28267.7000
1627282294156000,1,0.00608507,28264.6400
1627282297836000,1,0.00300000,28267.0000
1627282297947000,1,0.00531100,28267.0000
1627282298063000,1,0.00288902,28267.0000
1627282298082000,1,0.00260353,28267.0000
1627282298125000,1,0.86000000,28267.0000
1627282298249000,1,0.00362914,28267.0000
1627282304512000,1,0.01815337,28240.0700
1627282304512000,1,0.00748721,28223.4000
1627282325949000,1,0.01066681,28223.4000
1627282325949000,1,0.03933319,28223.3900
1627282326011000,1,0.00786558,28223.3900
1627282415220000,0,0.00090000,28093.8800
1627282415220000,0,0.00514857,28101.1100
1627282436002000,0,0.00672907,28094.4900
1627282438544000,0,0.00090000,28090.4700
1627282438544000,0,0.00515029,28094.5000
1627282654756000,0,0.00230000,28152.1900
1627282662996000,0,0.00170000,28151.9100
1627282710549000,1,0.04987293,28087.4300
1627282833370000,0,0.00341000,28163.4500
1627282887150000,1,0.33000000,28151.4500
1627282895793000,0,0.02646511,28198.2500
1627282999288000,0,0.00289000,28173.5100
1627283003916000,1,0.01000000,28165.0600
1627283003924000,1,0.02000000,28165.0600
1627283003950000,1,0.00098000,28165.0600
1627283004109000,1,0.02000000,28165.0600
1627283004186000,1,0.04000000,28165.0600
1627283004320000,1,0.14798000,28165.0600
1627283004936000,1,0.06000000,28165.0600
1627283005313000,1,0.01000000,28165.0600
1627283085448000,0,0.03847882,28216.9200
1627283265743000,0,0.07734412,28238.4600
1627283265743000,0,0.07834826,28243.4400
1627283318306000,0,0.00352888,28188.9700
1627283434112000,0,0.00479000,28203.1900
1627283537029000,0,0.07738497,28213.1200
1627283537029000,0,0.07743914,28218.7400
1627283537029000,0,0.07740941,28224.6000
1627283537029000,0,0.03100000,28227.0100
1627283537029000,0,0.07739191,28230.1400
1627283537029000,0,0.00090000,28235.2300
1627283537029000,0,0.07738263,28238.0300
1627283537029000,0,0.01048047,28244.0000
1627283537029000,0,0.00090000,28246.5100
1627283537029000,0,0.09200000,28248.5300
1627283537029000,0,0.17033356,28253.7000
1627283549309000,0,0.00340000,28215.3400
1627283706940000,1,0.00230000,28243.6300
1627283706940000,1,0.00083600,28242.8100
1627283706980000,1,0.00313600,28243.6400
1627283707136000,1,0.00080000,28244.6000
1627283707136000,1,0.00006400,28242.8100
1627283757356000,0,0.00155789,28260.2100
1627283992697000,1,0.33000000,28230.2100
1627284029418000,0,0.03532723,28238.8400
1627284158348000,0,0.00090000,28174.5500
1627284158348000,0,0.01587300,28174.7100
1627284178593000,0,0.00090000,28187.0900
1627284178593000,0,0.03264600,28188.4100
1627284189840000,1,0.32340000,28150.9600
1627284198860000,0,0.01677300,28175.2000
1627284229318000,1,0.00090000,28168.3000
1627284229318000,1,0.01204380,28165.3400
1627284249721000,0,0.01680114,28168.5400
1627284252388000,1,0.03000000,28154.6500
1627284252452000,1,0.00100000,28154.6500
1627284259843000,0,0.00170000,28168.5400
1627284310083000,1,0.07739481,28131.1900
1627284310083000,1,0.07260519,28130.4000
1627284367819000,0,0.00090000,28163.6800
1627284367819000,0,0.00051343,28168.3100
1627284470387000,0,0.07756496,28134.4300
1627284470387000,0,0.02363504,28138.7400
1627284553388000,0,0.03508000,28156.3100
1627284571095000,1,0.00950000,28134.2300
1627284622782000,1,0.00078400,28119.4400
1627284623197000,1,0.00001600,28119.4400
1627284690326000,0,0.00605642,28054.8500
1627284733644000,0,0.00606037,28041.0100
1627284769529000,0,0.01567954,28039.8900
1627284784166000,0,0.01197000,28035.8900
1627284805828000,0,0.00606620,28016.9400
1627284818938000,0,0.03952511,28030.9400
1627284820827000,0,0.01285159,28030.9400
1627284820903000,0,0.02032141,28030.9400
1627284855957000,0,0.01027000,28024.2900
1627284898863000,1,0.00098000,28000.0000
1627284898888000,1,0.00002000,28000.0000
1627284951789000,1,0.01000000,28018.5000
1627284957464000,0,0.00080000,28024.2900
1627284957465000,0,0.00090000,28051.3700
1627285013233000,0,0.00261694,28070.1000
1627285074230000,0,0.00607282,27990.2900
1627285114403000,0,0.00607673,27954.0200
1627285120016000,0,0.00090000,27883.5600
1627285120016000,0,0.00090000,27883.5700
1627285120016000,0,0.00395011,27897.5100
1627285125990000,0,0.00575502,27896.3300
1627285137511000,1,0.00088200,27848.6500
1627285137791000,1,0.00001800,27848.6500
1627285139317000,1,0.00088200,27847.8700
1627285139357000,1,0.00001800,27847.8700
1627285140464000,1,0.01000000,27834.7400
1627285140507000,1,0.02000000,27834.7400
1627285140544000,1,0.07000000,27834.7400
1627285140819000,1,0.23000000,27834.7400
1627285145193000,1,0.01000000,27832.7300
1627285145199000,1,0.17000000,27832.7300
1627285145237000,1,0.07000000,27832.7300
1627285145418000,1,0.08000000,27832.7300
1627285157140000,1,0.05000000,27792.8000
1627285157244000,1,0.03000000,27792.8000
1627285157371000,1,0.09000000,27792.8000
1627285159311000,0,0.00090000,27818.1100
1627285159311000,0,0.01063647,27823.7500
1627285178184000,0,0.00090000,27741.3400
1627285178184000,0,0.01644746,27755.2100
1627285186236000,1,0.04000000,27721.7300
1627285186237000,1,0.04000000,27721.7300
1627285186293000,1,0.04000000,27721.7300
1627285190704000,1,0.03000000,27694.8800
1627285190712000,1,0.33000000,27694.8700
1627285190942000,1,0.03000000,27692.1000
1627285277766000,0,0.00578787,27706.5900
1627285286987000,1,1.39800000,27505.3500
1627285288116000,0,0.00180453,27573.0900
1627285288958000,0,0.02908691,27527.9600
1627285318544000,1,0.06000000,27630.5000
1627285318911000,1,0.04000000,27630.5000
1627285328286000,1,0.22464083,27622.3800
1627285328286000,1,0.32535917,27622.3700
1627285343310000,1,0.33000000,27572.5600
1627285403620000,1,0.00088200,27658.3700
1627285443455000,1,0.00088200,27683.8000
1627285461911000,1,0.00090000,27657.6600
1627285473225000,0,0.01281000,27705.5600
1627285479077000,1,0.00088200,27671.2700
1627285479478000,1,0.00001800,27671.2700
1627285516179000,1,0.00079772,27755.2400
1627285516404000,1,0.00150228,27755.2400
1627285527000000,1,0.05303775,27709.8100
1627285527019000,1,0.00090000,27723.6600
1627285527019000,1,0.08643787,27709.8100
1627285528998000,0,0.07867237,27755.1800
1627285528998000,0,0.03279999,27771.1500
1627285553384000,1,0.00090000,27777.3500
1627285553384000,1,0.00086400,27777.3400
1627285702275000,0,0.01421121,27815.3700
1627285702435000,0,0.02673998,27815.3700
1627285702754000,0,0.01348302,27815.3700
1627285816569000,0,0.00723210,27815.3700
1627285816578000,0,0.02705062,27815.3700
1627285816625000,0,0.01128307,27815.3700
1627285843426000,1,0.02640000,27790.3300
1627285848839000,1,0.00899280,27808.4900
1627285873674000,0,0.03685667,27835.6500
1627285947622000,0,0.00361000,27861.7400
1627285957843000,1,0.00898472,27826.1900
1627285959182000,0,0.03529000,27852.8000
1627286164461000,0,0.00365309,27821.6200
1627286262655000,1,0.02548705,27793.7200
1627286301463000,0,0.00340199,27783.6600
1627286355200000,1,0.05389381,27753.2700
1627286365432000,1,0.06400000,27752.5400
1627286371488000,1,0.00230000,27719.3900
1627286371579000,1,0.02870000,27719.3900
1627286451167000,0,0.00090000,27779.3100
1627286451167000,0,0.00956000,27779.7400
1627286610078000,0,0.00580000,27746.0800
1627286626923000,0,0.00090000,27752.9900
1627286626923000,0,0.00626908,27758.8100
1627286651050000,1,0.07870069,27706.2500
1627286651051000,1,0.00000001,27706.2500
1627286695281000,0,0.00594000,27702.6100
1627286763253000,0,0.04000000,27679.8800
1627286763277000,0,0.29000000,27679.8800
1627286763318000,0,0.18408032,27679.8600
1627286848339000,1,0.00090000,27644.9600
1627286880363000,1,0.00745671,27587.4600
1627286880364000,1,0.00000001,27587.4600
1627286895285000,1,0.00099999,27571.9300
1627286911825000,0,0.01640000,27621.9700
1627286916746000,1,0.00090000,27588.1000
1627286916746000,1,0.00090000,27582.2000
1627286916746000,1,0.00248523,27578.4500
1627287020168000,0,0.00229999,27430.6000
1627287020212000,0,0.00000001,27430.6000
1627287097960000,1,0.00107000,27596.8400
1627287218210000,0,0.00090000,27556.2700
1627287218210000,0,0.33000000,27562.8800
1627287218210000,0,0.00090000,27564.2500
1627287218210000,0,0.00090000,27564.2600
1627287218210000,0,0.00090000,27572.1800
1627287218210000,0,0.00923270,27576.5900
1627287219327000,0,0.00229999,27555.5500
1627287219368000,0,0.00000001,27555.5500
1627287304760000,0,0.00143977,27643.2600
1627287323414000,1,0.00188000,27595.1400
1627287350626000,1,0.03888976,27569.1500
1627287483947000,1,0.03284348,27622.2000
1627287599300000,1,0.00090000,27653.6600
1627287599300000,1,0.00392187,27642.0100
1627287717771000,0,0.00359045,27712.4000
1627287719537000,0,0.00352276,27712.3900
1627287739752000,0,0.00212000,27774.4600
1627287801199000,0,0.00173000,27742.1600
1627287836872000,0,0.03324700,27727.5200
1627287836872000,0,0.00487300,27727.5300
1627287880254000,0,0.00136672,27696.9800
1627287929502000,0,0.00693000,27690.7500
1627287990872000,0,0.01709555,27665.1600
1627288041083000,0,0.01712204,27654.5500
1627288090196000,0,0.00256000,27692.1700
1627288091300000,0,0.01711511,27690.7800
1627288091382000,1,0.00799535,27663.5200
1627288098158000,0,0.00693000,27685.9900
1627288111578000,1,0.00679915,27651.8900
1627288131907000,0,0.01709443,27684.6100
1627288140682000,0,0.03890000,27689.2100
1627288147920000,1,0.00155242,27663.5800
1627288172400000,0,0.01709443,27685.8900
1627288202653000,0,0.01711082,27696.5100
1627288293273000,0,0.00314000,27777.3900
1627288387397000,1,0.00088200,27733.0900
1627288388078000,1,0.00001800,27733.0900
1627288435251000,1,0.33000000,27724.0100
1627288445949000,1,0.02000000,27709.6500
1627288456555000,0,0.01048843,27717.4700
1627288456574000,0,0.00743857,27717.4700
1627288465857000,1,0.00088200,27721.1000
1627288486075000,1,0.05000000,27722.9600
1627288486103000,1,0.06000000,27722.9600
1627288486133000,1,0.22000000,27722.9600
1627288486133000,1,0.00090000,27721.5800
1627288495526000,1,0.01000000,27714.3800
1627288495723000,1,0.32000000,27714.3800
1627288497002000,1,0.02000000,27711.8000
1627288501947000,1,0.00088200,27717.3400
1627288502040000,1,0.00001800,27717.3400
1627288510215000,0,0.00090000,27727.6300
1627288510215000,0,0.06827000,27736.4100
1627288556070000,0,0.00416000,27703.5500
1627288699670000,1,0.04921574,27664.4700
1627288699673000,1,0.02946801,27664.4700
1627288699673000,1,0.07869339,27659.2600
1627288699673000,1,0.00090000,27658.5700
1627288699878000,1,0.00230000,27664.4700
1627288764559000,0,0.00204974,27612.5000
1627288784756000,1,0.00073382,27567.3000
1627288811823000,1,0.01000000,27575.8200
1627288879841000,0,0.01096000,27574.7100
1627288912866000,1,0.00081040,27551.8800
1627288912923000,1,0.00001654,27551.8800
1627288942573000,0,0.00244000,27573.4200
1627288945082000,0,0.00090000,27568.4700
1627288945082000,0,0.00049000,27573.4300
1627289005641000,0,0.00106164,27590.0900
1627289089124000,0,0.02427000,27664.0900
1627289106195000,1,0.00374851,27612.7000
1627289168601000,0,0.00347000,27672.4800
1627289183246000,0,0.03100000,27709.9500
1627289183246000,0,0.07284000,27713.6800
1627289191827000,0,0.01731000,27704.9200
1627289228320000,1,0.00230000,27669.2200
1627289505397000,0,0.00121000,27726.0600
1627289597199000,1,0.47000000,27747.5700
1627289597242000,1,0.00200000,27747.5700
1627289677965000,0,0.00204856,27739.8500
1627289693211000,0,0.00104000,27748.1200
1627289696021000,0,0.01362542,27748.1200
1627289775217000,0,0.00906000,27773.0000
1627289936847000,0,0.00107000,27765.4200
1627289950049000,0,0.01813000,27765.4200
1627289990458000,0,0.02703000,27767.3800
1627290008570000,1,0.00079487,27746.3500
1627290009410000,0,0.00242000,27775.8200
1627290014871000,1,0.09335659,27746.3500
1627290199399000,0,0.00140115,27876.8500
1627290244357000,0,0.00252000,27847.2300
1627290259521000,1,0.08000000,27853.4300
1627290259524000,1,0.00953744,27853.4300
1627290334508000,0,0.08955566,27826.9900
1627290356887000,1,0.00952000,27806.5500
1627290378063000,1,0.00090000,27805.0600
1627290378063000,1,0.22089248,27800.6500
1627290378063000,1,0.02820752,27800.6400
1627290393092000,1,0.00090000,27846.5100
1627290393092000,1,0.00090000,27846.5000
1627290393092000,1,0.00090000,27840.4200
1627290393143000,0,0.00300000,27840.0000
1627290393156000,0,0.00230000,27840.0000
1627290393158000,0,0.00090000,27840.0000
1627290393233000,0,0.24110000,27840.0000
1627290405991000,1,0.00090000,27843.2000
1627290406267000,0,0.24000000,27840.0000
1627290406304000,0,0.00910000,27840.0000
1627290425655000,0,0.25000000,27820.0000
1627290462267000,0,0.22000000,27810.0000
1627290462313000,0,0.03000000,27810.0000
1627290488654000,0,0.02592051,27810.0000
1627290488656000,0,0.00915239,27810.0000
1627290489033000,0,0.04146096,27810.0000
1627290489074000,0,0.00931013,27810.0000
1627290521253000,0,0.12000000,27810.0000
1627290521278000,0,0.04415601,27810.0000
1627290571158000,0,0.03520537,27825.0000
1627290571168000,0,0.01487051,27825.0000
1627290571346000,0,0.13000000,27825.0000
1627290571400000,0,0.01000000,27825.0000
1627290571412000,0,0.05992412,27825.0000
1627290633886000,0,0.25000000,27800.0000
1627290635962000,0,0.01775000,27819.2900
1627290660631000,1,0.00300000,27805.3600
1627290661189000,1,0.00185971,27805.0200
1627290684997000,0,0.00665000,27803.0500
1627290720341000,0,0.00449000,27800.0000
1627290731447000,0,0.00351462,27800.0000
1627290767449000,1,0.03099999,27782.3800
1627290771880000,1,0.00090000,27730.8200
1627290771880000,1,0.00085264,27728.4100
1627290782207000,1,0.00358639,27743.8800
1627290782209000,1,0.00000001,27743.8800
1627290782209000,1,0.03100000,27742.4800
1627290812091000,0,0.00351471,27773.6200
1627290835579000,0,0.24500000,27775.0000
1627290835807000,0,0.00382200,27775.0000
1627290835998000,0,0.00117800,27775.0000
1627290902743000,0,0.00090000,27765.7000
1627290902743000,0,0.00234033,27766.8900
1627290923706000,1,0.00197653,27739.7300
1627290927194000,1,0.00096865,27739.7400
1627290942477000,0,0.00346000,27756.2800
1627291071399000,0,0.00701988,27760.0000
1627291073203000,0,0.00760548,27760.0000
1627291073812000,0,0.00300000,27760.0000
1627291073883000,0,0.00217295,27760.0000
1627291073891000,0,0.00663307,27760.0000
1627291073993000,0,0.04900255,27760.0000
1627291074071000,0,0.07839397,27760.0000
1627291074164000,0,0.02023800,27760.0000
1627291074173000,0,0.01217619,27760.0000
1627291074177000,0,0.00926032,27760.0000
1627291074182000,0,0.00120038,27760.0000
1627291074238000,0,0.05329721,27760.0000
1627291099889000,0,0.07837422,27770.0000
1627291106066000,0,0.07837787,27770.0000
1627291107133000,0,0.07837478,27770.0000
1627291113384000,0,0.01487313,27770.0000
1627291121846000,0,0.25000000,27785.0000
1627291149236000,0,0.04000000,27800.0000
1627291149353000,0,0.01000000,27800.0000
1627291149418000,0,0.07000000,27800.0000
1627291150101000,0,0.00361237,27800.0000
1627291151094000,0,0.07000000,27800.0000
1627291152409000,0,0.04838301,27800.0000
1627291161389000,0,0.25000000,27810.0000
1627291173281000,0,0.00388544,27825.0000
1627291173289000,0,0.01487239,27825.0000
1627291173298000,0,0.00547425,27825.0000
1627291173364000,0,0.22576792,27825.0000
1627291173998000,0,0.02000000,27844.9900
1627291175068000,0,0.02000000,27845.0000
1627291175346000,0,0.01000000,27845.0000
1627291215696000,0,0.24500000,27800.0000
1627291215744000,0,0.00500000,27800.0000
1627291251670000,0,0.00090000,27797.2800
1627291251670000,0,0.00520000,27799.9600
1627291305048000,1,0.07832311,27779.7500
1627291305048000,1,0.07833141,27779.2900
1627291305129000,0,0.07832311,27775.0000
1627291307073000,0,0.01502237,27775.0000
1627291412863000,0,0.08000000,27800.0000
1627291412906000,0,0.01000000,27800.0000
1627291412921000,0,0.16000000,27800.0000
1627291460754000,0,0.00345000,27825.0000
1627291472236000,0,0.24000000,27825.0000
1627291472251000,0,0.00655000,27825.0000
1627291581130000,0,0.00090000,27831.2100
1627291581130000,0,0.00324000,27831.6200
1627291603500000,0,0.00266000,27822.6600
1627291616891000,1,0.07821641,27804.6200
1627291616897000,1,0.00000001,27804.6200
1627291616897000,1,0.03100000,27804.4800
1627291622867000,1,0.00191460,27793.2400
1627291625079000,1,0.00000001,27793.2400
1627291625079000,1,0.03835730,27781.8600
1627291690353000,0,0.00397000,27790.1700
1627291710220000,0,0.00090000,27780.9100
1627291710220000,0,0.00465121,27781.3900
1627291835002000,1,0.00148000,27788.8700
1627291835396000,0,0.00690000,27806.5900
1627291868049000,0,0.00230000,27815.0000
1627291868075000,0,0.00498000,27815.0000
1627291930541000,0,0.00513000,27797.6800
1627291945139000,0,0.00090000,27778.5300
1627291945139000,0,0.03833000,27781.5700
1627291975263000,0,0.00170301,27767.0600
1627291995291000,1,0.00000001,27739.7300
1627292105884000,0,0.12338119,27720.2200
1627292169910000,0,0.00356000,27740.9500
1627292341122000,0,0.00314000,27747.5700
1627292397840000,1,0.00730000,27721.0700
1627292419628000,0,0.00090000,27753.6000
1627292419628000,0,0.00470000,27756.0000
1627292496477000,0,0.05281020,27744.8900
1627292522285000,0,0.00851547,27750.6600
1627292526681000,0,0.00297017,27745.4200
1627292637104000,0,0.00853588,27747.0400
1627292637185000,1,0.00905791,27724.3100
1627292703563000,0,0.00149000,27671.8300
1627292709657000,1,0.00090000,27665.7100
1627292709657000,1,0.00090000,27662.6300
1627292709657000,1,0.00090000,27660.7800
1627292709657000,1,0.00090000,27660.7700
1627292709657000,1,0.07858168,27651.8900
1627292709657000,1,0.03100000,27648.8100
1627292709657000,1,0.22437260,27646.9600
1627292709657000,1,0.33000000,27646.9500
1627292709657000,1,0.00383625,27646.0300
1627292769691000,0,0.00264000,27637.2900
1627292772410000,1,0.00100000,27600.0000
1627292781573000,1,0.00029181,27600.0000
1627292821314000,0,0.00210000,27650.8100
1627292874436000,0,0.00609922,27616.6100
1627292887911000,1,0.00127512,27606.2700
1627292958712000,1,0.01160470,27618.1900
1627293023062000,0,0.00104000,27676.9800
1627293079434000,1,0.00363124,27609.2100
1627293109743000,0,0.00353069,27681.2100
1627293160647000,0,0.00693000,27678.5400
1627293167166000,0,0.01797749,27674.0500
1627293360536000,0,0.00370544,27709.3900
1627293370728000,0,0.00855513,27724.2600
1627293370809000,0,0.00797736,27724.2700
1627293406092000,1,0.00387310,27716.7400
1627293406165000,1,0.00000001,27716.7400
1627293419334000,0,0.00913000,27724.0500
1627293429640000,0,0.00804000,27731.4900
1627293541335000,0,0.00206109,27727.3300
1627293544435000,0,0.02767000,27729.6000
1627293648652000,0,0.00254000,27740.2100
1627293701623000,0,0.02082678,27705.1600
1627293701623000,0,0.00576457,27705.1700
1627293821490000,0,0.00205000,27767.7900
1627293849478000,0,0.00138000,27782.0000
1627293870850000,0,0.00181000,27775.6700
1627293886142000,0,0.00104000,27809.4000
1627293952306000,1,0.00198419,27749.3000
1627293996360000,0,0.01087000,27771.9200
1627294002612000,0,0.01055166,27768.7900
1627294012799000,1,0.01149732,27737.7200
1627294054785000,1,0.00205753,27738.0800
1627294099737000,0,0.10746619,27776.9200
1627294103121000,1,0.00124656,27741.2500
1627294537178000,0,0.00104000,27760.2600
1627294644220000,0,0.00538570,27712.2300
1627294670158000,0,0.33000000,27708.7600
1627294670158000,0,0.07851699,27710.1400
1627294670158000,0,0.00090000,27710.5500
1627294670158000,0,0.07850151,27715.2900
1627294670158000,0,0.00090000,27718.6900
1627294670158000,0,0.07847989,27720.4900
1627294670158000,0,0.07845643,27725.5300
1627294670158000,0,0.07851989,27736.4600
1627294670158000,0,0.03100000,27748.5000
1627294670158000,0,0.07118832,27753.1500
1627294670158000,0,0.07316060,27753.1800
1627294675782000,0,0.10771017,27713.9100
1627294714800000,1,0.00513077,27682.0000
1627294747942000,1,0.00416058,27684.2700
1627294832636000,1,0.00230000,27689.6100
1627294833867000,0,0.00090000,27690.1300
1627294833867000,0,0.00090000,27697.9200
1627294833867000,0,0.01615871,27703.9800
1627294869036000,0,0.00790000,27693.9500
1627294891158000,0,0.00141000,27672.8800
1627294905558000,0,0.01340444,27666.4800
1627295081515000,0,0.33000000,27708.8200
1627295081515000,0,0.03268579,27713.5500
1627295256374000,0,0.00796113,27689.9100
1627295346046000,1,0.07856376,27672.5000
1627295346046000,1,0.13864467,27670.7100
1627295346046000,1,0.07250122,27670.7000
1627295474463000,1,0.01029955,27650.0000
1627295474512000,1,0.03112436,27650.0000
1627295474521000,1,0.08358148,27650.0000
1627295474527000,1,0.01869782,27650.0000
1627295474543000,1,0.00200000,27650.0000
1627295474580000,1,0.00450660,27650.0000
1627295474590000,1,0.00653398,27650.0000
1627295474646000,1,0.00796343,27650.0000
1627295475045000,1,0.01915288,27650.0000
1627295475331000,1,0.00113859,27650.0000
1627295475606000,1,0.05548391,27650.0000
1627295475628000,1,0.07888598,27650.0000
1627295476796000,1,0.34714933,27650.0000
1627295477176000,1,0.41932585,27650.0000
1627295477743000,0,0.03467000,27661.1500
1627295520698000,0,0.00116000,27704.5400
1627295557413000,1,0.00340000,27670.9900
1627295586921000,0,0.00116000,27742.8700
1627295644461000,0,0.00249000,27769.2300
1627295680910000,0,0.00416000,27773.4200
1627295690820000,0,0.00362000,27790.2600
1627295707741000,0,0.00204824,27790.8900
1627295726786000,0,0.00670065,27814.3900
1627295726904000,0,0.01869182,27814.3900
1627295727162000,0,0.00989921,27814.3900
1627295728013000,1,0.00090000,27804.5400
1627295728013000,1,0.00090000,27798.9400
1627295728013000,1,0.00300461,27791.7700
1627295769835000,0,0.01466000,27803.0700
1627295770881000,0,0.00241000,27803.0700
1627295793451000,0,0.05170000,27825.3200
1627295801438000,0,0.00230000,27840.0000
1627295801522000,0,0.00971372,27840.0000
1627295801559000,0,0.00300000,27840.0000
1627295801593000,0,0.01955776,27840.0000
1627295801598000,0,0.07542852,27840.0000
1627295802418000,0,0.02000000,27845.0000
1627295802432000,0,0.05000000,27845.0000
1627295802468000,0,0.02000000,27845.0000
1627295802595000,0,0.13000000,27845.0000
1627295802927000,0,0.00230000,27850.0000
1627295868382000,1,0.00639492,27810.8900
1627295886737000,0,0.09669199,27850.0000
1627295886750000,0,0.03396409,27850.0000
1627295888659000,0,0.00322739,27848.7200
1627296012081000,0,0.00223000,27848.6100
1627296168095000,0,0.11000000,27850.0000
1627296168148000,0,0.00704392,27850.0000
1627296168314000,0,0.03500000,27875.0000
1627296170718000,0,0.00090000,27899.7100
1627296170718000,0,0.00090000,27902.2400
1627296170718000,0,0.00090000,27909.4700
1627296170718000,0,0.08196129,27913.6600
1627296195251000,1,0.00897665,27862.2600
1627296199763000,0,0.00090000,27883.9000
1627296199763000,0,0.31838788,27887.3400
1627296229341000,1,0.02194971,27850.3700
1627296230006000,1,0.03178934,27850.3700
1627296230065000,1,0.00452815,27850.3700
1627296230186000,0,0.00350864,27870.3600
1627296231288000,1,0.02337153,27850.3700
1627296231289000,1,0.01836127,27850.3700
1627296353908000,0,0.00230000,27900.0000
1627296353929000,0,0.00610000,27900.0000
1627296354573000,1,0.00213274,27897.7500
1627296356088000,0,0.00090000,27920.6600
1627296356088000,0,0.00090000,27926.3400
1627296356088000,0,0.00057000,27932.2800
1627296368686000,0,0.00541000,27890.8700
1627296409093000,1,0.00343000,27887.0300
1627296409419000,1,0.00007000,27887.0300
1627296419210000,0,0.00155000,27897.9900
1627296451837000,0,0.02233000,27919.0000
1627296456239000,0,0.00230000,27925.0000
1627296456506000,0,1.08000000,27925.0000
1627296456557000,0,0.00354376,27925.0000
1627296457113000,0,0.18000000,27944.5200
1627296457115000,0,0.07000000,27944.5200
1627296457123000,0,0.11000000,27944.5200
1627296457401000,0,0.02156092,27944.5200
1627296457415000,0,0.01085668,27944.5200
1627296457430000,0,0.00900746,27944.5200
1627296457433000,0,0.03184072,27944.5200
1627296457454000,0,0.13773422,27944.5200
1627296492847000,0,0.00090000,27880.9700
1627296492847000,0,0.01182000,27888.8000
1627296499727000,0,0.00708000,27911.7300
1627296561306000,0,0.07801275,27891.4500
1627296561306000,0,0.00080378,27892.6300
1627296673598000,0,0.00105000,27867.0000
1627296692406000,1,0.00180000,27862.3900
1627296722679000,1,0.00111528,27889.2400
1627296732801000,0,0.01375000,27903.1000
1627296805339000,0,0.09907000,27912.0100
1627296835549000,0,0.00178391,27888.1700
1627296848911000,0,0.00516000,27893.8100
1627296852408000,0,0.00992000,27900.0500
1627296913152000,1,0.00925738,27893.0200
1627296913188000,1,0.04717521,27893.0200
1627296913220000,1,0.00435607,27893.0200
1627296913304000,1,0.00321356,27893.0200
1627296913542000,1,0.00734322,27893.0200
1627296921500000,0,0.00859000,27899.1700
1627296921562000,0,0.00703000,27899.1700
1627297119955000,0,0.19000000,27901.7600
1627297120206000,0,0.35000000,27901.7600
1627297160780000,0,0.00103000,27898.7000
1627297163837000,0,0.07701201,27898.7000
1627297163926000,0,0.33600000,27905.6500
1627297163926000,0,0.07804432,27906.4800
1627297163926000,0,0.07803538,27915.1500
1627297163926000,0,0.07801028,27923.0300
1627297164078000,0,0.07798027,27930.3700
1627297164545000,0,0.13308000,27972.4900
1627297166554000,0,0.00230000,28000.0000
1627297166739000,0,0.00089496,28000.0000
1627297168395000,1,0.45000000,28033.9600
1627297168428000,1,0.00230000,28033.9600
1627297168601000,1,0.00170000,28033.9600
1627297218215000,0,0.00090000,27995.2400
1627297218215000,0,0.00914000,27996.9700
1627297221069000,1,0.00090000,27957.9900
1627297221069000,1,0.00105500,27956.2600
1627297222107000,1,0.00099999,27959.4900
1627297222108000,1,0.00000001,27959.4900
1627297328867000,0,0.01712000,28017.4600
1627297351717000,0,0.00359000,28028.1300
1627297361723000,0,0.02851019,28047.3900
1627297404482000,1,0.00738647,28046.2400
1627297438205000,0,0.00090000,28089.5100
1627297438205000,0,0.01358000,28089.8800
1627297446816000,1,0.13000000,28049.6000
1627297446870000,1,0.00246000,28049.6000
1627297511528000,0,0.00171000,28034.8400
1627297524783000,1,0.00393558,28005.8300
1627297558347000,0,0.17779807,28054.4100
1627297635229000,1,0.03100000,28013.1000
1627297636020000,1,0.07000000,27994.7100
1627297636287000,1,0.00100000,27994.7100
1627297636650000,1,0.05000000,27994.7100
1627297637355000,1,0.11000000,27994.7100
1627297665574000,1,0.00230000,27970.4000
1627297665833000,1,0.19908041,27959.6300
1627297665842000,1,0.17220107,27959.6300
1627297700941000,0,0.00090000,28011.3200
1627297700941000,0,0.00566000,28015.4600
1627297753615000,1,0.01000000,27992.8900
1627297811589000,0,0.00090000,28011.9400
1627297811589000,0,0.06758000,28012.5100
1627297820523000,1,0.04000000,27988.4700
1627297820607000,1,0.04000000,27988.4700
1627297820841000,1,0.01000000,27988.4700
1627297820912000,1,0.01000000,27988.4700
1627297893144000,1,0.01411486,27929.3000
1627297908545000,0,0.01028000,27991.0800
1627297909001000,1,0.16000000,27958.1100
1627297909289000,1,0.08000000,27958.1000
1627297909695000,1,0.14000000,27958.1000
1627297910345000,1,0.02000000,27958.1000
1627297911001000,1,0.05000000,27958.1000
1627297911671000,1,0.04000000,27958.1000
1627297928721000,0,0.00206000,27984.4400
1627297932453000,1,0.11000000,27963.5600
1627297932495000,1,0.21000000,27963.5600
1627297932739000,1,0.01000000,27963.5600
1627297933079000,1,0.01000000,27962.1700
1627297933150000,1,0.01000000,27962.1700
1627297933889000,1,0.01000000,27962.1700
1627297965635000,1,0.00800000,27951.4300
1627297976325000,0,0.00171000,27984.7800
1627298000565000,1,0.02000000,27973.0600
1627298076356000,0,0.00209435,27992.0800
1627298153814000,0,0.00989000,27986.0000
1627298273333000,0,0.03100000,27975.7500
1627298273333000,0,0.03277000,27985.9100
1627298297109000,0,0.04512767,27985.9100
1627298297109000,0,0.03100000,27986.4800
1627298297109000,0,0.07790857,27992.1000
1627298297109000,0,0.07784348,27996.7200
1627298297109000,0,0.00090000,27999.9100
1627298297109000,0,0.00426810,28000.5000
1627298324558000,0,0.00103000,28008.2500
1627298387587000,1,0.00731022,27974.2400
1627298404483000,0,0.00180000,28019.5800
1627298500672000,0,0.00519000,27966.1000
1627298768308000,1,0.03000000,27943.2300
1627298768967000,1,0.12000000,27943.2300
1627298769751000,1,0.00379324,27943.2300
1627298790537000,0,0.00957000,27952.9200
1627298803365000,0,0.00596000,27944.5300
1627298878960000,0,0.02031476,27918.6100
1627298979417000,0,0.00240000,27940.1100
1627299089630000,0,0.01748362,27940.2800
1627299100031000,1,0.00260000,27928.2500
1627299175952000,1,0.00088200,27926.7600
1627299176342000,1,0.00001800,27926.7600
1627299200327000,0,0.07788454,27944.5600
1627299200327000,0,0.00792546,27948.0600
1627299260795000,1,0.00078974,27904.3500
1627299288670000,0,0.00137000,27921.0400
1627299361075000,0,0.00174965,27954.8300
1627299368280000,0,0.00118000,27967.2100
1627299385260000,1,0.00463931,27926.9800
1627299422695000,0,0.00381000,27957.5900
1627299436395000,1,0.01000000,27943.2000
1627299451689000,0,0.09645509,27962.8900
1627299461916000,1,0.00370007,27939.0500
1627299496803000,0,0.00137000,27946.0200
1627299615893000,0,0.00171000,27963.1100
1627299630051000,0,0.00175000,27961.7100
1627299689834000,0,0.00574000,27963.0500
1627299704665000,0,0.07782358,27967.9800
1627299704665000,0,0.07781123,27973.1900
1627299704665000,0,0.32900000,27975.3300
1627299704665000,0,0.07780844,27978.0100
1627299704665000,0,0.00090000,27986.2500
1627299704665000,0,0.03665675,27988.2500
1627299715469000,0,0.07782735,27964.5400
1627299715469000,0,0.00585073,27966.5900
1627299728446000,0,0.00990000,27956.4300
1627299729295000,0,0.00206000,27956.4300
1627299730662000,0,0.00163000,27955.0300
1627299735988000,0,0.02500000,27951.6100
1627299751618000,0,0.00250000,27951.6100
1627299837211000,1,0.00088200,27894.6300
1627299837438000,1,0.00001800,27894.6300
1627299842034000,1,0.00088200,27899.9000
1627299842424000,1,0.00001800,27899.9000
1627299846058000,1,0.00088200,27901.5100
1627299846312000,1,0.00001800,27901.5100
1627299852873000,1,0.00088200,27899.5800
1627299852991000,1,0.00001800,27899.5800
1627299888187000,0,0.03205869,27933.7600
1627299970815000,0,0.01261000,27931.1300
1627299982840000,0,0.00172000,27919.2800
1627300033007000,1,0.00996291,27872.3400
1627300053314000,1,0.05788412,27873.6000
1627300089819000,0,0.00206000,27868.5500
1627300100907000,0,0.00181000,27870.9300
1627300254248000,1,0.01113490,27883.7200
1627300284473000,1,0.00741620,27863.0000
1627300294689000,0,0.00339739,27871.0900
1627300339537000,0,0.03541000,27888.1800
1627300434237000,0,0.00378000,27924.0300
1627300445606000,0,0.00101874,27901.0400
1627300465038000,0,0.00480000,27919.8100
1627300468183000,0,0.00265000,27926.2700
1627300575895000,0,0.02975069,27930.3300
1627300784183000,0,0.00712552,27927.7500
1627300810252000,0,0.00148000,27923.4800
1627300810885000,0,0.00481000,27923.4800
1627300826829000,1,0.00090000,27923.0900
1627300826829000,1,0.00100044,27919.3200
1627300977497000,0,0.00384674,27887.3100
1627300979032000,0,0.00200000,27861.9300
1627300994153000,0,0.00672000,27901.4500
1627301057721000,0,0.04203322,27904.9100
1627301098134000,0,0.07562477,27888.3900
1627301108391000,0,0.00193600,27885.5900
1627301111432000,0,0.00090000,27883.1500
1627301111432000,0,0.00357000,27884.1900
1627301115990000,0,0.00602000,27874.3500
1627301118656000,0,0.00362278,27872.9500
1627301214741000,0,0.13121051,27852.7200
1627301214774000,0,0.00230000,27852.7200
1627301214799000,0,0.00100000,27852.7200
1627301215385000,0,0.00899009,27852.7200
1627301238026000,0,0.00090000,27887.4600
1627301238026000,0,0.07045906,27887.7000
1627301239084000,0,0.00561110,27887.7000
1627301288397000,0,0.00688000,27872.8100
1627301292107000,0,0.02546000,27870.0100
1627301410544000,0,0.00151000,27837.9400
1627301549139000,1,0.00229999,27837.5200
1627301549379000,1,0.00000001,27837.5200
1627301632023000,0,0.15000000,27899.0000
1627301632062000,0,0.00369373,27899.0000
1627301654860000,0,0.00343000,27937.0600
1627301789685000,1,0.01260953,28010.2300
1627301789738000,1,0.01982169,28010.2300
1627301789748000,1,0.00416489,28010.2300
1627301789753000,1,0.00626251,28010.2300
1627301789771000,1,0.00482334,28010.2300
1627301789947000,1,0.00300000,28010.2300
1627301789947000,1,0.01605638,28010.2300
1627301791042000,1,0.00131549,28010.2300
1627301808468000,0,0.00090000,27996.3500
1627301808468000,0,0.00449000,28002.9800
1627301906756000,0,0.00184000,27964.4200
1627301919896000,1,0.00073092,27944.8700
1627301930126000,0,0.00148918,27971.3400
1627301990360000,1,0.02161101,27936.0200
1627301992247000,0,0.00168976,27968.3200
1627302120607000,0,0.03315825,28020.2400
1627302130808000,1,0.00586499,27983.0300
1627302190207000,0,0.00090000,28000.3600
1627302190207000,0,0.00090000,28006.5000
1627302190207000,0,0.00022504,28011.3800
1627302263662000,0,0.07767267,28053.9200
1627302346601000,0,0.00634000,28120.8600
1627302366274000,1,0.00088200,28085.3700
1627302369999000,0,0.00640000,28101.4600
1627302371292000,1,0.00088200,28085.4800
1627302391568000,0,0.00674766,28087.1400
1627302418534000,0,0.05203042,28078.2900
1627302418666000,0,0.00363409,28078.2900
1627302418775000,0,0.00796776,28078.2900
1627302418875000,0,0.03968887,28078.2900
1627302418876000,0,0.00300000,28078.2900
1627302419027000,0,0.00802077,28078.2900
1627302419061000,0,0.00547864,28078.2900
1627302473686000,0,0.00884996,28107.4700
1627302542969000,0,0.00683000,28105.9500
1627302696465000,1,0.00578788,28153.3500
1627302740934000,0,0.00180452,28190.1700
1627302740935000,0,0.00000001,28190.1700
1627302742432000,1,0.00179999,28190.4900
1627302742437000,1,0.00000001,28190.4900
1627302755275000,1,0.00887311,28180.4800
1627302782579000,0,0.00076186,28199.0700
1627302800353000,0,0.00687000,28175.8400
1627302812867000,0,0.01679047,28179.8800
1627302848551000,0,0.01031000,28179.0600
1627302902874000,0,0.00117000,28189.7100
1627302935806000,0,0.00219545,28199.2000
1627302971880000,1,0.00847436,28207.8700
1627303003605000,0,0.00235213,28203.7000
1627303063627000,1,0.01984088,28185.6500
1627303063627000,1,0.05738743,28185.6500
1627303083816000,0,0.00484889,28206.6400
1627303104847000,1,0.05000000,28160.0100
1627303194481000,1,0.00964000,28153.1000
1627303196163000,1,0.00926631,28156.4900
1627303206300000,1,0.00230000,28151.6500
1627303206342000,1,0.01166143,28151.6500
1627303450421000,0,0.00207000,28164.4500
1627303511537000,1,0.02720786,28137.8100
1627303563982000,0,0.00877000,28139.3600
1627303606199000,0,0.00197795,28152.6500
1627303726361000,1,0.47000000,28082.0700
1627303726385000,1,0.00900000,28082.0700
1627303817744000,0,0.01707000,28100.5100
1627303830530000,0,0.00708006,28107.0900
1627303904505000,0,0.02389000,28102.8600
1627303913387000,0,0.00410000,28100.8700
1627303961434000,1,0.01989803,28075.8100
1627304067028000,0,0.00074169,28100.0300
1627304068817000,0,0.02179000,28103.1700
1627304261155000,0,0.00090000,28048.3100
1627304261155000,0,0.00751000,28053.4800
1627304263443000,0,0.00090000,28048.4500
1627304263443000,0,0.00246964,28051.1200
1627304276519000,1,0.01000000,28032.9100
1627304276591000,1,0.16000000,28032.9100
1627304318210000,1,0.00090000,28061.4300
1627304318210000,1,0.00622061,28055.5500
1627304328405000,1,0.00218766,28063.5400
1627304335013000,0,0.00673171,28083.4700
1627304338597000,0,0.00135073,28083.4700
1627304349693000,1,0.03000000,28050.0000
1627304349746000,1,0.00547344,28050.0000
1627304378790000,0,0.13309079,28073.5700
1627304387394000,0,0.00279952,28079.7400
1627304409356000,0,0.00118000,28046.7100
1627304442522000,1,0.00356411,27921.4000
1627304478803000,1,0.00279952,27760.7800
1627304484151000,0,0.00090000,27787.4700
1627304484151000,0,0.33000000,27788.0800
1627304484151000,0,0.10000000,27789.4700
1627304484151000,0,0.10000000,27790.1500
1627304484151000,0,0.00090000,27794.0400
1627304484151000,0,0.10000000,27798.5600
1627304484151000,0,0.00090000,27800.0500
1627304484151000,0,0.08520031,27807.2000
1627304484210000,0,0.01676259,27788.0700
1627304504281000,0,0.00090000,27822.1300
1627304504281000,0,0.00186536,27823.0100
1627304519235000,0,0.20957480,27819.6600
1627304536869000,1,0.00088200,27811.9600
1627304546641000,0,0.01019372,27819.0700
1627304551344000,1,0.01000000,27782.2800
1627304551466000,1,0.32000000,27782.2800
1627304560865000,1,0.00775994,27755.7600
1627304560865000,1,0.00224006,27755.7500
1627304560925000,1,0.00551893,27755.7500
1627304573281000,1,0.33000000,27752.1100
1627304579680000,1,0.00079507,27733.4000
1627304579979000,1,0.32000000,27733.4000
1627304579996000,1,0.00920493,27733.4000
1627304580723000,0,0.00559268,27760.3400
1627304591323000,1,0.00088200,27769.0200
1627304593694000,1,0.03011971,27744.7900
1627304654335000,0,0.00560037,27704.8000
1627304659315000,0,0.00090000,27686.2900
1627304659315000,0,0.00090000,27691.1700
1627304659315000,0,0.00090000,27696.9300
1627304659315000,0,0.00290574,27700.1300
1627304662953000,0,0.00180331,27689.3400
1627304664692000,0,0.00560793,27689.3400
1627304674593000,1,0.07000000,27657.4900
1627304674697000,1,0.12379552,27657.4900
1627304677408000,0,0.00561208,27668.8800
1627304710542000,0,0.01763618,27750.4700
1627304779047000,0,0.00691000,27738.1400
1627304782703000,1,0.06000000,27710.3700
1627304782714000,1,0.06000000,27710.3700
1627304782899000,1,0.05000000,27710.3700
1627304792136000,0,0.03100000,27746.5400
1627304792136000,0,0.00364000,27752.2800
1627304801794000,1,0.32340000,27740.8500
1627304801917000,1,0.00660000,27740.8500
1627304841414000,1,0.00182563,27728.9900
1627304851768000,0,0.00334269,27782.4800
1627304871961000,1,0.00103505,27739.1800
1627304909168000,0,0.00217000,27774.9300
1627304982381000,0,0.07037525,27746.3200
1627304996583000,1,0.00090000,27722.2200
1627304998112000,0,0.00325000,27731.2800
1627305002656000,1,0.00090000,27710.8900
1627305002656000,1,0.05380000,27704.7400
1627305019763000,1,0.00088200,27715.3100
1627305065530000,1,0.00088200,27718.4400
1627305080072000,1,0.00088200,27708.7700
1627305092482000,0,0.00717733,27726.1600
1627305167664000,0,0.00969000,27713.1400
1627305187177000,1,0.00090000,27663.9700
1627305187177000,1,0.00090000,27661.5100
1627305187177000,1,0.18649975,27648.7700
1627305187177000,1,0.33000000,27648.7600
1627305187177000,1,0.03100000,27647.6700
1627305187177000,1,0.00090000,27647.3800
1627305187177000,1,0.47000000,27643.7900
1627305187177000,1,0.07861171,27638.1500
1627305187177000,1,0.07862873,27632.4400
1627305187177000,1,0.09200000,27626.9200
1627305187177000,1,0.07864267,27626.0800
1627305187289000,1,0.00200000,27663.3400
1627305187751000,1,0.00030000,27663.3400
1627305205243000,0,0.00561902,27633.1700
1627305206341000,1,1.09000000,27600.0000
1627305206362000,1,0.00599637,27600.0000
1627305209520000,0,0.00562240,27618.0700
1627305212279000,1,0.00359999,27555.0000
1627305212296000,1,0.00000001,27555.0000
1627305216748000,0,0.01126701,27561.6600
1627305240120000,0,0.00563829,27531.7500
1627305333194000,0,0.00090000,27546.9200
1627305333194000,0,0.00703646,27547.1300
1627305419334000,0,0.00124674,27647.9300
1627305463781000,0,0.00077885,27656.5200
1627305501461000,0,0.00200000,27649.5800
1627305534944000,1,0.00311604,27652.2000
1627305561876000,1,0.00155802,27651.2600
1627305584027000,0,0.19041449,27669.5700
1627305584027000,0,0.03090506,27677.2100
1627305584027000,0,0.03100000,27680.2200
1627305584027000,0,0.04772145,27683.8700
1627305584954000,0,0.01040000,27681.0800
1627305644238000,1,0.00091499,27655.4500
1627305700040000,1,0.01000000,27687.6100
1627305783133000,0,0.51600000,27749.9400
1627305800347000,0,0.00090000,27767.6700
1627305800347000,0,0.00117000,27771.3400
1627305820252000,1,0.04268882,27731.0300
1627305882521000,0,0.00415000,27819.6200
1627305982132000,0,0.00544000,27779.3300
1627306066040000,0,0.00828000,27798.8700
1627306096006000,0,0.21106904,27791.7900
1627306102334000,0,0.00418000,27804.4800
1627306126390000,0,0.00080884,27815.1500
1627306237392000,0,0.00366000,27775.8400
1627306420075000,0,0.00090000,27679.4400
1627306420075000,0,0.00201000,27684.4100
1627306427294000,1,0.02432171,27642.5900
1627306499690000,0,0.07282000,27645.5400
1627306568025000,0,0.03497623,27692.7800
1627306570116000,1,0.05000000,27671.3600
1627306570132000,1,0.10000000,27671.3600
1627306570167000,1,0.03000000,27671.3600
1627306572964000,1,0.01159583,27661.7600
1627306578527000,0,0.00359585,27670.7200
1627306688450000,0,0.00856521,27693.8300
1627306712951000,0,0.09104442,27691.8700
1627306712951000,0,0.04749558,27691.8800
1627306738662000,0,0.07844656,27687.8300
1627306738662000,0,0.00090000,27689.7800
1627306738662000,0,0.03093642,27691.8800
1627306738662000,0,0.00090000,27695.9700
1627306738662000,0,0.01936915,27697.0000
1627306750588000,1,0.00078400,27684.7100
1627306751083000,1,0.00076636,27684.7100
1627306751451000,1,0.00074964,27684.7100
1627306778913000,0,0.00152000,27717.5000
1627306808869000,1,0.00101524,27693.7000
1627306808966000,0,0.00138000,27717.0800
1627306939633000,0,0.00090000,27747.3600
1627306939633000,0,0.00090000,27752.9900
1627306939633000,0,0.00171980,27753.5200
1627306950987000,1,0.00230000,27732.8400
1627307079879000,0,0.00170735,27726.6600
1627307253229000,1,0.00462208,27707.4700
1627307280616000,1,0.01675915,27707.3700
1627307361924000,0,0.03100000,27763.1900
1627307361924000,0,0.07650876,27766.9000
1627307386999000,0,0.00362000,27769.1200
1627307403258000,0,0.05390151,27767.3100
1627307411316000,0,0.00562747,27773.8300
1627307411993000,0,0.00694000,27773.8300
1627307491594000,0,0.07040193,27800.4200
1627307539117000,0,0.00345000,27808.4500
1627307711723000,0,0.00449000,27757.6300
1627307752679000,1,0.06087956,27726.2800
1627307897249000,0,0.00356000,27766.3500
1627307929259000,0,0.01153000,27775.8100
1627307955173000,1,0.00300000,27775.4300
1627307955321000,1,0.01000000,27775.4300
1627307955352000,1,0.00491187,27775.4300
1627307999769000,0,0.00311000,27750.2800
1627308013329000,1,0.01841662,27716.6900
1627308013431000,1,0.05989244,27716.6900
1627308013431000,1,0.00100764,27716.1400
1627308069497000,0,0.00587000,27783.7300
1627308106832000,0,0.00509762,27814.8900
1627308169014000,0,0.00230000,27850.0000
1627308174532000,0,0.00230000,27850.0000
1627308193866000,0,0.00826719,27850.0000
1627308193866000,0,0.00077281,27860.4900
1627308254628000,0,0.00637000,27854.3000
1627308263916000,0,0.02616920,27846.6900
1627308284110000,0,0.07803592,27844.4400
1627308284110000,0,0.00033609,27846.6900
1627308310576000,1,0.00137292,27803.4200
1627308310611000,1,0.01002746,27803.4200
1627308311287000,1,0.00572891,27803.4200
1627308311287000,1,0.00341767,27803.4200
1627308311632000,1,0.00201424,27803.4200
1627308317253000,1,0.00230000,27803.4200
1627308323489000,1,0.05096000,27803.4200
1627308323670000,1,0.02567600,27803.4200
1627308323863000,1,0.00225682,27803.4200
1627308324137000,1,0.00121687,27803.4200
1627308546446000,0,0.00169951,27807.9200
1627308695238000,0,0.00351320,27826.0200
1627308985983000,0,0.05265703,27845.9700
1627309016997000,0,0.00174000,27861.7400
1627309026514000,1,0.00090000,27838.9200
1627309026514000,1,0.00556644,27838.2000
1627309042229000,0,0.00327000,27845.3300
1627309091052000,0,0.00121000,27828.1200
1627309107674000,0,0.00090000,27819.6200
1627309107674000,0,0.00090000,27827.0700
1627309107674000,0,0.00177587,27827.4500
1627309136833000,0,0.00350803,27814.2100
1627309165592000,0,0.01420000,27819.0200
1627309217211000,1,0.00111619,27819.7200
1627309388657000,0,0.00286158,27816.7400
1627309409085000,0,0.00300000,27816.7400
1627309409105000,0,0.00230000,27816.7400
1627309517724000,0,0.00893111,27852.0500
1627309633009000,0,0.00118000,27850.1700
1627309777528000,0,0.09618000,27831.2700
1627309778017000,0,0.00351041,27831.2700
1627309817738000,0,0.01433973,27815.7100
1627309953361000,0,0.00396000,27715.5200
1627310051373000,0,0.00212000,27760.1200
1627310058676000,0,0.01445875,27767.5800
1627310102354000,0,0.00176000,27773.0400
1627310128497000,0,0.00690000,27803.5000
1627310139768000,0,0.03136878,27790.6400
1627310254593000,0,0.00414000,27777.1600
1627310481149000,0,0.00444471,27676.2100
1627310576868000,0,0.00090000,27709.8500
1627310576868000,0,0.01059000,27714.9500
1627310591805000,0,0.00176447,27709.2000
1627310672566000,0,0.00741757,27671.3500
1627310701257000,0,0.00555000,27666.9800
1627310793787000,0,0.00176126,27723.8800
1627310961198000,1,0.12500000,27716.6700
1627311013373000,0,0.00692000,27733.5000
1627311047286000,0,0.00230000,27738.0200
1627311124584000,0,0.01415345,27743.7300
1627311130030000,0,0.00553000,27743.7300
1627311184887000,1,0.01019028,27709.8100
1627311205212000,0,0.04712975,27715.8500
1627311212510000,0,0.00090000,27724.2800
1627311212510000,0,0.00014000,27724.7800
1627311285867000,1,0.09309811,27688.2300
1627311285867000,1,0.00690189,27681.9200
1627311327803000,0,0.02690475,27737.1000
1627311369240000,0,0.00318000,27720.2600
1627311437308000,0,0.01538522,27756.5800
1627311437835000,0,0.00421648,27756.5800
1627311454337000,0,0.00257347,27756.5800
1627311460716000,0,0.00797000,27756.5800
1627311466391000,0,0.00230268,27756.5800
1627311466395000,0,0.00627060,27756.5800
1627311466603000,0,0.00131107,27756.5800
1627311466838000,0,0.00131939,27756.5800
1627311466840000,0,0.00396755,27756.5800
1627311466978000,0,0.00649973,27756.5800
1627311467052000,0,0.00683044,27756.5800
1627311467090000,0,0.04135337,27756.5800
1627311475940000,0,0.00348723,27762.8000
1627311516181000,0,0.00696438,27765.6400
1627311540906000,0,0.00173000,27771.4500
1627311545719000,0,0.00331000,27770.0600
1627311650543000,0,0.00090000,27704.5300
1627311650543000,0,0.05296797,27707.2300
1627311730652000,0,0.00498000,27754.5900
1627311793512000,1,0.05000000,27721.9000
1627311804426000,1,0.03100000,27698.9100
1627311820813000,0,0.02077000,27710.7000
1627311879335000,0,0.01904000,27717.3500
1627311879417000,0,0.01904000,27717.3500
1627311937236000,1,0.00090000,27723.1400
1627311937236000,1,0.00090000,27717.2800
1627311937236000,1,0.00892429,27716.9400
1627311969668000,0,0.00317000,27747.6400
1627312027807000,1,0.01921086,27667.1500
1627312070311000,1,0.02767832,27654.6600
1627312070411000,1,0.01338464,27654.6600
1627312158339000,0,0.34000000,27685.8300
1627312158352000,0,0.00600000,27685.8300
1627312265515000,0,0.00178000,27694.9900
1627312329261000,0,0.01903000,27713.5900
1627312434994000,0,0.00125000,27707.7400
1627312450835000,0,0.00139000,27695.7100
1627312459034000,0,0.00634719,27700.4900
1627312529515000,1,0.01868171,27680.0100
1627312540472000,1,0.00286158,27691.8900
1627312571463000,0,0.01902000,27732.4800
1627312593417000,0,0.03592990,27762.6700
1627312598100000,0,0.00190000,27767.9800
1627312641924000,0,0.00090000,27759.4600
1627312641924000,0,0.03100000,27764.5300
1627312641924000,0,0.00090000,27765.7500
1627312641924000,0,0.01816411,27765.9700
1627312945281000,0,0.04811000,27705.1100
1627312960799000,0,0.10217038,27720.8400
1627313049342000,0,0.01079000,27731.4600
1627313111091000,0,0.05989426,27750.8800
1627313468385000,0,0.00965948,27820.0500
1627313480347000,0,0.03286710,27819.6400
1627313482496000,1,0.00186180,27801.5600
1627313483293000,0,0.00409157,27816.9200
1627313651532000,0,0.04993000,27852.7700
1627313673218000,0,0.22794299,27837.9300
1627313673307000,1,0.00299977,27817.1800
1627313702981000,0,0.40000000,27861.0400
1627313703238000,0,0.04000000,27861.0400
1627313703824000,0,0.06000000,27861.0400
1627313834545000,0,0.00349808,27885.1400
1627313844753000,1,0.00590766,27860.7800
1627313844918000,1,0.00242985,27860.7300
1627313865190000,1,0.00543833,27843.4300
1627313885186000,0,0.02926000,27855.5000
1627313885403000,0,0.00169861,27855.5000
1627313895741000,1,0.00589645,27831.8400
1627313946051000,1,0.00090000,27847.6400
1627313946051000,1,0.00838794,27846.0600
1627313956320000,1,0.00231693,27857.6400
1627313974464000,0,0.03542000,27881.3700
1627314036568000,0,0.00090000,27879.6600
1627314036568000,0,0.00085315,27880.0300
1627314046858000,1,0.01114671,27869.6400
1627314055350000,0,0.00090000,27896.2300
1627314055350000,0,0.00013000,27896.5100
1627314097384000,0,0.00086507,27890.6400
1627314147629000,0,0.00509431,27888.2000
1627314150361000,0,0.05000000,27890.1300
1627314150367000,0,0.02785145,27890.1300
1627314214009000,0,0.03387705,27902.9600
1627314248208000,0,0.08095953,27909.1200
1627314250034000,0,0.03539000,27909.1200
1627314294487000,0,0.00751626,27954.2900
1627314306126000,0,0.04097980,27928.5900
1627314326855000,0,0.01715000,27968.9000
1627314445685000,0,0.00090000,27907.4400
1627314445685000,0,0.00926074,27909.5500
1627314498493000,0,0.00176000,27951.7200
1627314498527000,1,0.07327126,27922.8100
1627314502422000,0,0.04478452,27915.8000
1627314502468000,1,0.00230000,27916.5000
1627314589833000,0,0.07348295,27886.1900
1627314671882000,0,0.00344000,27895.1100
1627314729500000,0,0.01719000,27903.9200
1627314731604000,0,0.03539000,27903.9200
1627314810083000,0,0.00137000,27904.9100
1627314823824000,1,0.00370000,27863.0000
1627314882213000,1,0.01809000,27830.7500
1627314908147000,0,0.09000000,27857.0100
1627314908203000,0,0.00644887,27857.0100
1627314968751000,0,0.00090000,27896.3400
1627314968751000,0,0.00013000,27897.0000
1627314976046000,0,0.00088200,27890.2900
1627315022535000,0,0.02390000,27912.5800
1627315171704000,1,0.33000000,27941.3800
1627315171704000,1,0.01615075,27939.9900
1627315193129000,0,0.00090000,27938.9700
1627315193129000,0,0.00408585,27939.0300
1627315221415000,0,0.04000000,27925.1200
1627315221453000,0,0.29000000,27925.1200
1627315292038000,1,0.03143000,27880.3600
1627315307551000,0,0.00103000,27887.5700
1627315322290000,1,0.02072886,27841.7900
1627315326411000,0,0.00688000,27873.4400
1627315330726000,0,0.06142513,27860.7200
1627315390417000,0,0.00090000,27954.3500
1627315390417000,0,0.00270000,27956.4800
1627315400689000,0,0.00431000,27966.5700
1627315449755000,0,0.12214000,27914.7600
1627315473075000,0,0.00518890,27908.8700
1627315563309000,1,0.00669111,27872.7600
1627315656371000,0,0.00984000,27900.9800
1627315713754000,0,0.01424953,27930.7400
1627315786318000,0,0.00884000,27936.7400
1627315798856000,1,0.00563829,27962.5300
1627315803486000,0,0.29129000,27986.8400
1627315827516000,1,0.00893655,27996.3100
1627315836105000,1,0.00090000,28020.9700
1627315836105000,1,0.00143046,28015.0200
1627315884266000,0,0.03484757,28025.7400
1627315892676000,0,0.00207000,28015.3300
1627316002786000,1,0.01579555,27986.2900
1627316068098000,1,0.00562240,28029.0700
1627316074705000,0,0.00230000,28050.0000
1627316088073000,0,1.09369637,28050.0000
1627316088073000,0,0.07736632,28057.1000
1627316088073000,0,0.00090000,28057.3200
1627316088073000,0,0.22132663,28061.4800
1627316088073000,0,0.12823092,28061.4900
1627316088073000,0,0.03000000,28061.5000
1627316088073000,0,0.07736284,28061.9000
1627316088073000,0,0.00090000,28063.1600
1627316088073000,0,0.07738479,28067.7700
1627316088073000,0,0.00090000,28069.4200
1627316088073000,0,0.35900000,28070.9200
1627316088073000,0,0.03448490,28071.9700
1627316095930000,0,0.00230000,28077.4200
1627316096021000,0,0.02770000,28077.4200
1627316096150000,1,0.00090000,28069.0200
1627316096150000,1,0.00090000,28062.1000
1627316096150000,1,0.00090000,28056.3200
1627316096150000,1,0.00291902,28056.1100
1627316134985000,1,0.00178000,28027.8600
1627316155399000,0,0.00270246,28036.8100
1627316157377000,1,0.00300000,28005.0300
1627316168867000,0,0.00090000,28009.2100
1627316168867000,0,0.00252000,28013.0000
1627316209252000,0,0.00360000,27996.7700
1627316270638000,0,0.00679615,28019.8700
1627316270638000,0,0.07068424,28019.8700
1627316291026000,0,0.00342000,28022.4500
1627316306445000,0,0.00090000,28026.8700
1627316306445000,0,0.06020274,28028.7700
1627316346642000,0,0.00138094,28032.8700
1627316367035000,1,0.00138503,28000.3600
1627316377287000,0,0.05329541,28004.8500
1627316447256000,0,0.00174440,28037.2600
1627316454263000,0,0.00175000,28037.2600
1627316487398000,0,0.00978307,28019.8200
1627316577750000,0,0.00362271,28054.6400
1627316579543000,0,0.00684000,28054.6400
1627316648202000,0,0.00793380,28085.1400
1627316655416000,1,0.00561208,28094.5900
1627316659588000,0,0.00113000,28116.1200
1627316691150000,1,0.00560793,28102.3100
1627316727641000,1,0.00560574,28136.3500
1627316731956000,1,0.00159838,28182.7800
1627316734906000,1,0.03000000,28166.6300
1627316736731000,1,0.00560037,28166.6300
1627316738601000,1,0.29000000,28166.6300
1627316738659000,1,0.00439963,28166.6300
1627316748441000,0,0.05057609,28184.9700
1627316755102000,0,0.00180330,28209.2400
1627316755141000,0,0.00000001,28209.2400
1627316767712000,1,0.33000000,28185.2400
1627316781705000,1,0.00559268,28201.0400
1627316789240000,1,0.00090000,28266.9600
1627316789240000,1,0.00090000,28258.3200
1627316789240000,1,0.01496235,28252.8400
1627316791544000,1,0.33000000,28250.6000
1627316792168000,1,0.22749346,28230.8900
1627316797188000,0,0.00300000,28220.0000
1627316797412000,0,0.15516981,28220.0000
1627316797948000,0,0.02437582,28220.0000
1627316797949000,0,0.05341792,28220.0000
1627316798028000,0,0.04467288,28220.0000
1627316798145000,0,0.54008055,28220.0000
1627316817773000,1,0.00090000,28304.8300
1627316817773000,1,0.00794173,28304.1400
1627316835659000,1,0.00269475,28319.8100
1627316877331000,0,0.23041248,28373.6100
1627316877331000,0,0.33000000,28373.6300
1627316877331000,0,0.19877221,28376.7500
1627316877331000,0,0.07661547,28376.7600
1627316877331000,0,0.07659983,28382.5400
1627316877331000,0,0.00080000,28387.0200
1627316877331000,0,0.07658634,28387.6000
1627316877331000,0,0.00293416,28403.4200
1627316879015000,1,0.00575503,28349.8900
1627316923178000,1,0.00575012,28378.0200
1627316928774000,0,0.33000000,28433.4200
1627316928774000,0,0.00090000,28434.8400
1627316928774000,0,0.07636204,28436.8000
1627316928774000,0,0.00090000,28442.7100
1627316928774000,0,0.07636430,28445.1000
1627316928774000,0,0.00090000,28450.2300
1627316928774000,0,0.13710078,28455.5200
1627316930656000,1,0.00607674,28403.7700
1627316937411000,1,0.00090000,28422.2100
1627316957765000,1,0.03000000,28377.5900
1627316957909000,1,0.01000000,28377.5900
1627316958190000,1,0.03000000,28377.5900
1627317027513000,1,0.00254900,28318.2400
1627317035211000,0,0.00178000,28339.4700
1627317075682000,1,0.00310320,28297.4700
1627317075692000,1,0.00258470,28297.4700
1627317075693000,1,0.01112885,28297.4700
1627317075725000,1,0.02577655,28297.4700
1627317129705000,0,0.00090000,28345.8800
1627317129705000,0,0.00026000,28348.0400
1627317150998000,0,0.00348000,28369.6800
1627317280111000,0,0.00344919,28333.2800
1627317400374000,1,0.00337603,28329.2200
1627317404908000,0,0.00102000,28339.0300
1627317459030000,0,0.01456000,28325.0400
1627317460601000,0,0.06208046,28325.0400
1627317460601000,0,0.00090000,28325.9100
1627317460601000,0,0.01967858,28327.7300
1627317487448000,0,0.00090000,28352.3900
1627317487448000,0,0.01151000,28354.2000
1627317552499000,1,0.00090000,28446.9300
1627317552499000,1,0.00517283,28436.6300
1627317568111000,1,0.00606621,28482.2300
1627317570519000,0,0.00230000,28536.0000
1627317571300000,0,0.00390888,28534.7300
1627317571312000,0,0.01308519,28534.7300
1627317571312000,0,0.00256113,28536.0000
1627317571686000,1,0.00381574,28504.0300
1627317576793000,0,0.29000000,28536.0000
1627317576802000,0,0.00376469,28536.0000
1627317577107000,1,0.00606038,28525.1500
1627317577634000,1,0.00416532,28526.5900
1627317591507000,0,0.07608756,28536.2300
1627317593710000,1,0.00236798,28519.9900
1627317653451000,1,0.00605643,28511.4300
1627317684732000,1,0.07617906,28471.2600
1627317684754000,1,0.07619351,28465.8500
1627317684754000,1,0.07614904,28459.8100
1627317684758000,1,0.07616043,28455.4900
1627317711817000,0,0.00090000,28435.8100
1627317711817000,0,0.03367803,28438.4100
1627317730014000,0,0.00090000,28440.8900
1627317730014000,0,0.00045000,28441.8700
1627317752620000,0,0.00240742,28415.0500
1627317772831000,1,0.00750000,28386.4100
1627317823682000,1,0.04000000,28358.2900
1627317824621000,0,0.00229999,28369.5900
1627317824622000,0,0.00000001,28369.5900
1627317878521000,0,0.00291000,28377.4700
1627317891085000,0,0.00870000,28376.2400
1627317903076000,0,0.05263783,28356.8400
1627317948483000,1,0.04136289,28312.3800
1627317949221000,0,0.00090000,28337.6800
1627317949221000,0,0.00016000,28339.1100
1627317954464000,0,0.02037796,28345.3200
1627317971549000,0,0.00532000,28376.9500
1627317972192000,0,0.00148000,28370.9200
1627318052249000,0,0.00349000,28310.1000
1627318128639000,1,0.07686441,28192.3300
1627318143894000,1,0.03258019,28195.0100
1627318146992000,0,0.01523412,28233.3300
1627318165224000,0,0.03606954,28253.0400
1627318165445000,0,0.03165371,28253.0400
1627318177674000,0,0.00103000,28252.0800
1627318210445000,0,0.00524000,28269.5900
1627318214371000,1,0.00090000,28247.7400
1627318214371000,1,0.01325941,28244.7200
1627318348601000,0,0.00349526,28307.8500
1627318348610000,0,0.00000001,28307.8500
1627318445011000,0,0.00339000,28301.8300
1627318450601000,0,0.01605000,28301.8300
1627318618944000,0,0.00150219,28298.6200
1627318645758000,0,0.02970588,28286.2300
1627318657006000,0,0.00343000,28276.6100
1627318663310000,0,0.01706000,28279.4800
1627318732303000,0,0.00205690,28217.1800
1627318750792000,0,0.00244000,28215.7700
1627318754982000,0,0.00679000,28235.3000
1627318755119000,0,0.01019000,28233.2200
1627318875922000,1,0.00304472,28136.9000
1627318878423000,1,0.00304472,28024.1100
1627318926911000,0,0.03126259,28181.0800
1627318927387000,0,0.00086157,28181.0800
1627318956845000,1,0.33000000,28162.3500
1627318998191000,0,0.00148000,28122.5100
1627319054915000,0,0.02481369,28135.2500
1627319076099000,0,0.07643236,28141.1900
1627319094684000,0,0.00136000,28148.6500
1627319159279000,0,0.00523000,28103.7400
1627319467209000,0,0.00340000,28188.3000
1627319512086000,0,0.00681000,28179.4200
1627319601268000,0,0.00206000,28178.0500
1627319723719000,0,0.00407000,28163.7300
1627319729631000,1,0.01466490,28145.0300
1627319755952000,0,0.00447000,28188.3100
1627319758022000,0,0.00407000,28194.5300
1627319759138000,1,0.00294596,28173.8400
1627319780955000,0,0.00288000,28232.2900
1627319877249000,0,0.00114000,28208.2300
1627319879876000,0,0.04258042,28212.7400
1627319962132000,0,0.00629000,28264.9900
1627319974966000,0,0.00136000,28256.9000
1627320206661000,0,0.32340000,28301.3500
1627320253195000,0,0.00116000,28324.9600
1627320262102000,0,0.00161000,28336.9400
1627320317382000,0,0.00102000,28366.2000
1627320368965000,0,0.00138000,28410.1100
1627320391546000,0,0.07644846,28402.8500
1627320391546000,0,0.02678433,28406.0400
1627320413161000,0,0.05305000,28415.5500
1627320461766000,1,0.00571872,28389.5900
1627320473650000,1,0.01992253,28374.0800
1627320494164000,1,0.00300000,28366.4200
1627320494266000,1,0.00800581,28366.4200
1627320494360000,1,0.00410633,28366.4200
1627320537076000,0,0.02500000,28369.1400
1627320622257000,1,0.00570976,28303.5200
1627320628403000,0,0.00103000,28342.2900
1627320729021000,0,0.03479000,28391.9000
1627320823010000,0,0.05313761,28365.3300
1627320823091000,1,0.07655102,28348.3300
1627320823091000,1,0.06878727,28345.1400
1627320843304000,1,0.03185100,28326.8000
1627320850381000,0,0.00346000,28350.7500
1627321006950000,0,0.33000000,28388.3400
1627321006950000,0,0.07655022,28389.7500
1627321007221000,1,0.01372000,28390.0000
1627321007310000,1,0.43038111,28390.0000
1627321007535000,1,0.03724000,28390.0000
1627321008011000,1,0.00927080,28390.0000
1627321008556000,1,0.00098000,28390.0000
1627321009674000,1,0.03920000,28390.0000
1627321010064000,1,0.07649109,28390.0000
1627321010186000,1,0.00098000,28390.0000
1627321010643000,1,0.00130678,28390.0000
1627321015865000,0,0.00235000,28400.5700
1627321133843000,1,0.00571424,28432.8600
1627321153776000,0,0.07639331,28428.4700
1627321153781000,0,0.07638126,28432.8400
1627321153781000,0,0.03006877,28436.3300
1627321154105000,1,0.00230000,28440.9800
1627321164412000,1,0.07636261,28421.2200
1627321209424000,0,0.01735000,28456.1400
1627321210289000,0,0.30639700,28456.1400
1627321324142000,1,0.00705557,28440.0400
1627321420504000,0,0.00309000,28502.4000
1627321448786000,0,0.00236000,28506.1500
1627321506989000,1,0.04329659,28478.2500
1627321507030000,1,0.00252552,28478.2500
1627321507033000,1,0.03032585,28478.2500
1627321525139000,1,0.00637157,28455.0100
1627321525142000,1,0.02673034,28455.0100
1627321525155000,1,0.01801456,28455.0100
1627321554653000,0,0.00090000,28492.8100
1627321554653000,0,0.00149991,28496.6100
1627321611295000,1,0.00892262,28465.3800
1627321617016000,1,0.02146521,28442.2800
1627321617038000,1,0.00853479,28442.2800
1627321685329000,0,0.00343059,28435.8900
1627321722025000,0,0.00675000,28437.9700
1627321745566000,1,0.00145583,28442.0400
1627321993832000,0,0.00177000,28410.9200
1627322039237000,1,0.07655259,28343.1000
1627322039239000,1,0.00000001,28343.1000
1627322039239000,1,0.07656296,28339.3800
1627322039299000,1,0.07651902,28334.1400
1627322039299000,1,0.00722012,28330.6300
1627322039299000,1,0.00148185,28330.6200
1627322039309000,1,0.07504640,28330.6200
1627322039336000,1,0.07653769,28326.9500
1627322039336000,1,0.01805476,28324.9200
1627322039460000,1,0.04693409,28311.8900
1627322106789000,0,0.00090000,28366.5300
1627322106789000,0,0.04260653,28369.7200
1627322116984000,1,0.00204880,28364.6500
1627322122533000,0,0.00090000,28385.4800
1627322122533000,0,0.03288000,28388.9100
1627322128649000,1,0.02000000,28370.5100
1627322129112000,1,0.00180000,28370.5100
1627322130090000,1,0.07000000,28370.5100
1627322130091000,1,0.00339352,28370.5100
1627322132714000,0,0.00852000,28384.7600
1627322139211000,0,0.00108000,28393.2100
1627322157544000,0,0.00676000,28393.2300
1627322270497000,1,0.00135000,28411.5800
1627322281470000,1,0.02000000,28410.1600
1627322281492000,1,0.07072643,28410.1600
1627322341640000,0,0.00547000,28380.4300
1627322407482000,0,0.01031143,28393.7800
1627322441593000,0,0.00270000,28375.4500
1627322752880000,0,0.00101000,28483.4000
1627322822745000,0,0.00101000,28501.0400
1627322928687000,0,0.00155713,28474.0000
1627322943334000,0,0.00774000,28508.0800
1627322979889000,1,0.00090000,28543.3600
