timestamp ms,type,amount,price
1624752020385000,1,0.00363371,23264.5100
1624752020385000,1,0.00145452,23264.5100
1624752020397000,1,0.00000001,23264.5100
1624752064004000,0,0.53000000,23285.6400
1624752064115000,0,0.00799999,23285.6400
1624752064130000,0,0.00000001,23285.6400
1624752087079000,1,0.00116560,23234.0100
1624752087079000,1,0.00291400,23231.5600
1624752107395000,0,0.45000000,23235.1000
1624752108675000,0,0.00899999,23235.1000
1624752108719000,0,0.00000001,23235.1000
1624752141555000,1,1.22060000,23197.0100
1624752180898000,0,0.00088200,23181.5400
1624752181149000,0,0.00001800,23181.5400
1624752249358000,0,0.00088200,23159.9800
1624752249438000,0,0.00001800,23159.9800
1624752303468000,1,0.00090000,23155.6200
1624752305311000,1,0.00090000,23150.2600
1624752305311000,1,0.00089999,23145.1400
1624752305328000,1,0.00000001,23145.1400
1624752374512000,1,0.00090000,23091.6500
1624752379102000,0,0.00090000,23076.8900
1624752437027000,0,0.23000000,23122.8700
1624752437027000,0,0.46000000,23123.1800
1624752437091000,0,0.01000000,23123.1800
1624752437104000,0,0.01000000,23123.1800
1624752437129000,0,0.01800000,23123.1800
1624752437251000,0,0.12896800,23123.1800
1624752437325000,0,0.04034835,23123.1800
1624752437417000,0,0.02568365,23123.1800
1624752520653000,0,0.00372000,23179.1100
1624752520988000,0,0.00613827,23179.1100
1624752641584000,0,0.00323214,23363.8800
1624752643347000,1,0.00210839,23331.2400
1624752714142000,0,0.07325706,23362.7200
1624752834360000,0,0.23000000,23421.8600
1624752836086000,1,0.00210389,23403.5000
1624752932850000,0,0.03700000,23444.5700
1624752932850000,0,0.09243695,23451.9800
1624752933203000,0,0.22327112,23459.0000
1624752933315000,0,0.03672305,23460.7900
1624752938704000,0,0.01529539,23500.0000
1624752939516000,0,0.01764825,23500.0000
1624752939516000,0,0.00474588,23500.0000
1624752940281000,0,0.00929183,23500.0000
1624752940286000,0,0.00000001,23500.0000
1624752940618000,1,0.00209912,23477.5900
1624752987850000,1,0.00200000,23461.4200
1624753066307000,0,0.14639483,23433.8700
1624753066355000,0,0.00090000,23434.4800
1624753066355000,0,0.07183935,23437.6500
1624753069235000,0,0.07000000,23479.2200
1624753069294000,0,0.00300000,23479.2200
1624753080729000,1,0.00373728,23453.2900
1624753080729000,1,0.00934447,23444.9500
1624753080729000,1,0.02429230,23444.9500
1624753095413000,1,0.00824279,23397.2500
1624753095632000,1,0.07486894,23397.2500
1624753107224000,1,0.02441297,23388.2900
1624753109369000,1,0.00117601,23388.2900
1624753109919000,1,0.04065783,23388.2900
1624753110408000,1,0.01545749,23388.2900
1624753111872000,1,0.04469479,23388.2900
1624753112419000,1,0.07670540,23388.2900
1624753112422000,1,0.01265407,23388.2900
1624753112508000,1,0.06158202,23388.2900
1624753113766000,1,0.02091846,23388.2900
1624753121654000,1,0.00698663,23388.2900
1624753135573000,0,0.04781005,23400.5100
1624753166771000,1,0.00259640,23404.5000
1624753166772000,1,0.03160282,23404.5000
1624753166857000,1,0.01044529,23404.5000
1624753166857000,1,0.01800000,23404.5000
1624753166859000,1,0.01249535,23404.5000
1624753203019000,0,0.23000000,23394.9600
1624753277411000,1,0.00329050,23363.8500
1624753277411000,1,0.03700000,23363.8400
1624753277411000,1,0.00970950,23363.8300
1624753277655000,1,0.00822962,23359.2900
1624753277924000,1,0.00329050,23363.8400
1624753307000000,0,0.64000000,23346.6700
1624753307055000,0,0.00900000,23346.6700
1624753325216000,0,0.00410000,23367.6600
1624753377003000,0,0.09272285,23350.5300
1624753377003000,0,0.08727715,23351.0800
1624753377149000,0,0.09270267,23357.8300
1624753377200000,0,0.09270887,23359.8800
1624753377200000,0,0.09268181,23362.5500
1624753458326000,0,0.07000000,23422.5600
1624753458363000,0,0.36800000,23422.5600
1624753541266000,0,0.00848081,23473.5200
1624753541270000,0,0.01749307,23473.5200
1624753541285000,0,0.02260822,23473.5200
1624753541503000,0,0.58241790,23473.5200
1624753554362000,0,0.00090000,23476.2500
1624753565850000,1,0.00090000,23488.5500
1624753565850000,1,0.00090000,23481.4500
1624753565850000,1,0.00029339,23478.0100
1624753614628000,0,0.05000000,23472.5600
1624753650925000,1,0.01342148,23460.8800
1624753651497000,1,0.01220298,23460.8800
1624753704482000,1,0.01915933,23428.6200
1624753897133000,0,0.01984149,23541.1200
1624753897133000,0,0.05349653,23541.1200
1624753897154000,0,0.06300151,23541.1200
1624754042101000,1,0.00352402,23430.3000
1624754042101000,1,0.00000001,23430.3000
1624754123421000,0,0.09223252,23477.0500
1624754222999000,0,0.00450000,23456.4000
1624754235634000,1,0.00106999,23426.6500
1624754245905000,1,0.00000001,23426.6500
1624754404245000,0,0.05000000,23395.7000
1624754404246000,0,0.04352699,23395.7000
1624754449863000,1,0.02001052,23346.3600
1624754449865000,1,0.01048512,23346.3600
1624754449865000,1,0.04721291,23346.3600
1624754449866000,1,0.04916199,23346.3600
1624754449866000,1,0.01019050,23346.3600
1624754449887000,1,0.00090000,23346.3600
1624754450061000,1,0.19827360,23346.3500
1624754450155000,1,0.00090000,23342.1100
1624754450155000,1,0.00167582,23339.8400
1624754450155000,1,0.01089319,23327.8500
1624754450155000,1,0.00090000,23324.5500
1624754458049000,1,0.00090000,23294.3700
1624754459067000,1,0.00090000,23294.3700
1624754460108000,1,0.00573256,23294.3700
1624754460188000,1,0.08800419,23294.3700
1624754471202000,1,0.00148487,23298.4900
1624754471202000,1,0.23000000,23298.4800
1624754471202000,1,0.00090000,23295.1100
1624754471202000,1,0.00965166,23290.0200
1624754471202000,1,0.00371218,23290.0200
1624754471202000,1,0.00090000,23290.0100
1624754471202000,1,0.00090000,23284.3500
1624754471202000,1,0.00090000,23278.5400
1624754471202000,1,0.03700000,23257.1900
1624754471202000,1,0.11200000,23257.1600
1624754471202000,1,0.09283588,23253.7600
1624754471202000,1,0.04971541,23236.9100
1624754549108000,1,0.00090000,23312.2600
1624754569061000,1,0.00090000,23305.6200
1624754641573000,1,0.06000000,23330.9800
1624754641573000,1,0.02000000,23330.9800
1624754693808000,1,0.02586830,23318.3000
1624754723493000,0,0.00164773,23254.8700
1624754776799000,1,0.03320867,23224.3600
1624754776799000,1,0.00090000,23224.3600
1624754776877000,1,0.09314652,23219.5400
1624754776877000,1,0.00132270,23214.8900
1624754776877000,1,0.06053384,23214.8300
1624754776917000,1,0.03248282,23214.8300
1624754776917000,1,0.00330749,23207.1100
1624754776917000,1,0.09311061,23207.1000
1624754776917000,1,0.00859985,23203.5000
1624754776917000,1,0.09313503,23203.4900
1624754776917000,1,0.09315536,23199.8800
1624754776917000,1,0.11200000,23192.9400
1624754807582000,0,0.09320188,23225.1400
1624754807606000,0,0.00000001,23225.1400
1624754828568000,1,0.00090000,23204.5400
1624754828802000,1,0.09717150,23204.5400
1624754843186000,1,0.23000000,23224.7800
1624754975352000,1,0.07000000,23249.4500
1624754975375000,1,0.16000000,23249.4500
1624754981105000,1,0.23000000,23230.2800
1624755054158000,1,0.00397000,23237.3900
1624755084106000,1,0.09307354,23244.8800
1624755219715000,0,0.04411178,23299.6200
1624755219720000,0,0.04276344,23299.6200
1624755219721000,0,0.00701274,23299.6200
1624755219737000,0,0.13611204,23299.6200
1624755219805000,0,0.09295696,23300.7800
1624755219805000,0,0.23000000,23305.3800
1624755219805000,0,0.09293855,23306.3200
1624755219805000,0,0.72400000,23309.4600
1624755219805000,0,0.09292786,23312.0800
1624755219805000,0,0.14333000,23315.8300
1624755225945000,0,0.00090000,23323.7600
1624755225945000,0,0.18910000,23335.4200
1624755246077000,1,0.03869746,23293.1900
1624755246136000,1,0.04197326,23293.1900
1624755246145000,1,0.01087904,23293.1900
1624755246184000,1,0.13845024,23293.1900
1624755288510000,0,0.23000000,23303.6500
1624755288510000,0,0.09292249,23308.4700
1624755288510000,0,0.00090000,23309.4400
1624755288510000,0,0.09290787,23312.7800
1624755288510000,0,0.00090000,23314.1500
1624755288510000,0,0.09289131,23317.1200
1624755288510000,0,0.00090000,23318.9300
1624755288510000,0,0.03923098,23321.4300
1624755573463000,1,0.09000000,23348.0800
1624755579515000,1,0.00267962,23348.0800
1624755586268000,1,0.09000000,23347.9200
1624755586291000,1,0.00268376,23347.9200
1624755586823000,1,0.09000000,23343.9300
1624755595383000,1,0.09271488,23341.9900
1624755609778000,1,0.09271488,23341.9900
1624755613611000,1,0.01573259,23341.8200
1624755613611000,1,0.00871560,23341.8200
1624755613616000,1,0.06825163,23341.8200
1624755624773000,1,0.00212746,23319.3700
1624755932234000,1,0.00090000,23350.0600
1624756069089000,0,0.02922021,23364.8100
1624756093250000,0,0.00407324,23412.2400
1624756093265000,0,0.00653495,23412.2400
1624756093278000,0,0.00134864,23412.2400
1624756093282000,0,0.01742180,23412.2400
1624756093334000,0,0.00762137,23412.2400
1624756096631000,1,0.00090000,23421.0400
1624756096631000,1,0.00086400,23412.6200
1624756096673000,1,0.00003600,23412.6200
1624756096673000,1,0.00090000,23411.6000
1624756739176000,1,0.00090000,23415.1100
1624756739176000,1,0.15040131,23414.4900
1624756769150000,0,0.03780259,23508.1700
1624756769165000,0,0.03053973,23508.1700
1624756769191000,0,0.16165768,23508.1700
1624756771764000,0,0.28000000,23584.2400
1624756771765000,0,0.18000000,23584.2400
1624756771920000,0,0.52244901,23584.2400
1624756773049000,0,0.16000000,23600.0000
1624756773281000,0,0.06000000,23600.0000
1624756773714000,0,0.00090000,23598.8300
1624756773752000,0,0.22910000,23598.8300
1624756775132000,1,0.00208873,23568.5300
1624756801030000,1,0.37000000,23552.4700
1624756802750000,1,0.00301715,23552.4700
1624756802820000,1,0.00000001,23552.4700
1624756816764000,0,0.49000000,23545.3100
1624756847071000,1,0.00151186,23493.7400
1624756847074000,1,0.00000001,23493.7400
1624756938538000,1,0.00292373,23500.3700
1624756938936000,0,0.00090000,23515.0100
1624756938936000,0,0.00090000,23516.1800
1624756938936000,0,0.00090000,23519.1800
1624756938936000,0,0.22730000,23526.7700
1624757147322000,0,0.09220123,23482.7600
1624757396576000,0,0.09196355,23542.8800
1624757396576000,0,0.09194946,23547.2300
1624757396576000,0,0.00090000,23549.6200
1624757396576000,0,0.09194224,23551.5700
1624757396576000,0,0.21777133,23554.6800
1624757396576000,0,0.03700000,23554.6900
1624757396576000,0,0.42100000,23554.7000
1624757396576000,0,0.00090000,23556.4200
1624757396576000,0,0.09198591,23556.6900
1624757396576000,0,0.00090000,23562.1400
1624757396576000,0,0.09198711,23563.6500
1624757396576000,0,0.00170040,23579.5300
1624757396769000,0,0.01402564,23579.5300
1624757396769000,0,0.04286529,23602.4300
1624757397158000,0,0.19468168,23602.4300
1624757397158000,0,0.09134415,23602.4300
1624757397158000,0,0.03653301,23602.4300
1624757397158000,0,0.05500000,23613.7700
1624757397158000,0,0.97500000,23642.1600
1624757404355000,1,0.00090000,23703.0200
1624757404355000,1,0.00090000,23701.8100
1624757404355000,1,0.00363921,23692.3500
1624757405326000,1,0.00088200,23704.2000
1624757405359000,1,0.22911800,23704.2000
1624757410739000,0,0.00090000,23677.3200
1624757411926000,1,0.23000000,23666.4300
1624757411986000,1,0.00090000,23665.2500
1624757412766000,0,0.00090000,23687.9900
1624757422397000,1,0.00090000,23723.4600
1624757422397000,1,0.00033847,23721.0200
1624757424853000,1,0.00253245,23732.5100
1624757425312000,1,0.00090000,23732.5100
1624757430092000,1,0.13566927,23653.4400
1624757430907000,1,0.00090000,23694.6000
1624757485381000,0,0.09152062,23661.9900
1624757485381000,0,0.10894851,23667.0000
1624757485381000,0,0.12105149,23667.0000
1624757485381000,0,0.07941764,23668.1800
1624757485391000,0,0.01208170,23668.1800
1624757485391000,0,0.09146711,23676.5100
1624757485625000,0,0.09143766,23682.6800
1624757485787000,0,0.09000000,23689.9100
1624757494187000,1,0.00090000,23714.0000
1624757494344000,1,0.00090000,23714.0400
1624757499116000,1,0.07851100,23727.8700
1624757499230000,1,0.08425831,23727.8700
1624757499230000,1,0.05014880,23727.8700
1624757499638000,1,0.00911312,23705.8300
1624757500692000,1,0.04658280,23700.0400
1624757500692000,1,0.04186408,23700.0400
1624757500721000,1,0.04283403,23700.0400
1624757706559000,1,0.00157100,23647.3200
1624757792599000,1,0.00090000,23762.1300
1624757792599000,1,0.00033729,23757.5100
1624757996894000,1,0.04365521,23721.9000
1624758027822000,1,0.03582367,23722.8000
1624758033437000,1,0.08009638,23722.8000
1624758033508000,1,0.11522596,23722.8000
1624758033535000,1,0.08200757,23722.8000
1624758038252000,1,0.01001398,23722.8000
1624758038564000,1,0.00351700,23722.8000
1624758038746000,1,0.00984171,23722.8000
1624758038781000,1,0.01672641,23722.8000
1624758038783000,1,0.00090000,23722.8000
1624758038783000,1,0.02064384,23722.8000
1624758039275000,1,0.00926848,23722.8000
1624758041362000,1,0.09125957,23722.8000
1624758041668000,1,0.00090000,23722.8000
1624758045074000,1,0.00090000,23722.8000
1624758045409000,1,0.09125658,23722.8000
1624758048151000,1,0.09125378,23722.8000
1624758049946000,1,0.09125113,23722.8000
1624758049985000,1,0.00090000,23722.8000
1624758075316000,1,0.07000000,23704.3500
1624758166445000,1,0.01000000,23712.4500
1624758166750000,1,0.00351847,23712.4500
1624758167760000,1,0.02000000,23712.4500
1624758236213000,1,0.01000000,23704.7200
1624758238174000,1,0.00886659,23704.7200
1624758238199000,1,0.00000001,23704.7200
1624758259379000,0,0.01578601,23709.7200
1624758302743000,1,0.00090000,23771.7700
1624758302743000,1,0.00090000,23770.5800
1624758302743000,1,0.00067318,23765.8000
1624758331346000,1,0.00930613,23723.7100
1624758331355000,1,0.00018992,23723.7100
1624758616365000,0,0.09129604,23710.2100
1624758616367000,0,0.00000001,23710.2100
1624758629591000,1,0.00213075,23708.9900
1624758629958000,1,0.00090000,23708.9900
1624758630020000,1,0.00142511,23708.9900
1624758665750000,0,0.00280732,23700.0600
1624758665751000,0,0.02082830,23700.0600
1624758665760000,0,0.01120198,23700.0600
1624758665762000,0,0.00251448,23700.0600
1624758665764000,0,0.00227192,23700.0600
1624758665800000,0,0.01662339,23700.0600
1624758748159000,1,0.02000000,23725.9400
1624758748168000,1,0.36000000,23725.9400
1624758749544000,1,0.00090000,23717.0500
1624759083026000,0,0.00122000,23661.0800
1624759339591000,0,0.20220000,23668.8700
1624759414637000,0,0.00508451,23655.6400
1624759483133000,1,0.03126894,23612.9100
1624759483133000,1,0.02295138,23611.0800
1624759483173000,1,0.00090000,23611.0800
1624759490236000,1,0.02890607,23600.0000
1624759490250000,1,0.00090000,23600.0000
1624759493778000,1,0.01000000,23600.0000
1624759493906000,1,0.00186037,23600.0000
1624759658548000,1,0.23000000,23655.4800
1624759819776000,1,0.00193828,23656.9100
1624759819803000,1,0.00354034,23656.9100
1624759819816000,1,0.23000000,23655.3600
1624759844335000,1,0.00491201,23617.3500
1624759844683000,1,0.01000000,23612.4800
1624759947608000,1,0.00344720,23595.9900
1624759947616000,1,0.00090000,23595.9900
1624759947635000,1,0.08731479,23595.9900
1624759948030000,1,0.00475150,23579.8200
1624760108069000,1,0.00088200,23618.6000
1624760108090000,1,0.00001800,23618.6000
1624760109302000,1,0.00088200,23618.9900
1624760127152000,0,0.06371543,23647.3200
1624760127175000,0,0.00862307,23647.3200
1624760128590000,1,0.23000000,23648.5000
1624760132134000,1,0.04083090,23645.2700
1624760132174000,1,0.00818169,23645.2700
1624760132240000,1,0.18098741,23645.2700
1624760132244000,1,0.09148760,23637.3100
1624760132244000,1,0.19851240,23633.9500
1624760132416000,1,0.03000000,23633.9500
1624760132456000,1,0.00148760,23633.9500
1624760132456000,1,0.00090000,23632.7600
1624760132456000,1,0.09150419,23631.3000
1624760285680000,0,0.09000000,23612.9300
1624760388064000,0,0.00090000,23670.5700
1624760388064000,0,0.00458763,23675.0200
1624760390951000,1,0.00090000,23651.7800
1624760441303000,0,0.03261353,23720.7200
1624760441303000,0,0.00322265,23720.7200
1624760441374000,0,0.36816382,23720.7200
1624760576281000,1,0.01861503,23782.1700
1624760576281000,1,0.00750734,23782.1700
1624760576285000,1,0.01848785,23782.1700
1624760576287000,1,0.01000196,23782.1700
1624760576315000,1,0.03633315,23782.1700
1624760587649000,0,0.12256857,23827.4300
1624760589940000,0,0.00380854,23873.2700
1624760589966000,0,0.02651881,23873.2700
1624760590087000,0,0.00708387,23873.2700
1624760590245000,0,0.19000000,23873.2700
1624760590491000,0,0.00258877,23873.2700
1624760590517000,0,0.00000001,23873.2700
1624760602532000,1,0.00123406,23828.0500
1624760708341000,1,0.00090000,23824.9000
1624760812169000,1,0.00123201,23869.1200
1624760820496000,1,0.00123082,23887.2200
1624760824925000,1,0.00116241,23871.5000
1624760840633000,1,0.00480184,23863.9900
1624760873818000,1,0.03699999,23863.3100
1624760874330000,1,0.03699999,23863.3100
1624760874336000,1,0.00782462,23863.3100
1624760883562000,1,0.00090000,23919.5700
1624760883562000,1,0.00032956,23914.6100
1624761013221000,1,0.01345944,23859.3200
1624761013233000,1,0.01304895,23859.3200
1624761013235000,1,0.01049161,23859.3200
1624761013520000,1,0.00413655,23847.7300
1624761013520000,1,0.00586345,23842.5700
1624761042377000,1,0.00501830,23829.0000
1624761042385000,1,0.00090000,23829.0000
1624761042386000,1,0.02253596,23829.0000
1624761042387000,1,0.06228898,23829.0000
1624761042776000,1,0.00409595,23819.5200
1624761042776000,1,0.01023986,23814.8900
1624761042776000,1,0.02662365,23810.0300
1624761177204000,1,0.00090000,23713.8600
1624761410412000,0,0.03926009,23722.2300
1624761494172000,1,0.09108300,23741.6600
1624761515645000,0,0.00206000,23738.8200
1624761752651000,0,0.00865100,23772.0300
1624761755169000,1,0.00090000,23787.8300
1624761755169000,1,0.08910000,23784.6900
1624762319434000,0,0.02000000,23716.5300
1624762319502000,0,0.02574583,23716.5300
1624762322174000,0,0.00090000,23717.1600
1624762626138000,0,0.02266440,23894.9400
1624762626149000,0,0.02384698,23894.9400
1624762667996000,1,0.02151029,23878.2600
1624762667997000,1,0.00000001,23878.2600
1624762751742000,1,0.00356996,23869.7100
1624762887570000,1,0.09000000,23897.0400
1624762887815000,1,0.09052534,23889.0900
1624762902479000,1,0.00000001,23869.7100
1624763453509000,0,0.00415141,23788.9800
1624763614481000,1,0.03553621,23799.2700
1624763614919000,1,0.01139771,23799.2700
1624763615331000,1,0.01231508,23799.2700
1624763615376000,1,0.01246974,23799.2700
1624763733278000,0,0.05906261,23795.7800
1624763803626000,0,0.00090000,23812.1000
1624763803626000,0,0.17941422,23814.0500
1624763803626000,0,0.04949260,23814.0600
1624764264027000,0,0.00090000,23765.4900
1624764264027000,0,0.00090000,23770.6000
1624764264027000,0,0.00708000,23772.3300
1624764332047000,0,0.00090000,23730.4200
1624764368929000,1,0.01092819,23720.7300
1624764368938000,1,0.01185807,23720.7300
1624764451128000,1,0.00416048,23684.9300
1624764466132000,1,0.00995103,23676.5400
1624764466135000,1,0.02573429,23676.5400
1624764720645000,0,0.01881047,23707.6400
1624764720727000,0,0.03556161,23707.6400
1624764720739000,0,0.00855811,23707.6400
1624764720956000,0,0.00972418,23707.6400
1624764721648000,0,0.00233715,23707.6400
1624764721699000,0,0.01225836,23707.6400
1624764721714000,0,0.42175012,23707.6400
1624764893107000,1,0.05107541,23704.3300
1624764905645000,1,0.00090000,23699.5100
1624765131486000,0,0.00412000,23761.2000
1624765268135000,0,0.01792146,23800.3400
1624765351774000,0,0.00135872,23830.3000
1624765351778000,0,0.00330484,23830.3000
1624765351825000,0,0.01327022,23830.3000
1624765351826000,0,0.02322728,23830.3000
1624765379396000,0,0.00818109,23833.0900
1624765379403000,0,0.01800819,23833.0900
1624765512059000,1,0.02000000,23810.9300
1624765622414000,1,0.00244419,23888.2000
1624765622414000,1,0.22755581,23888.1900
1624765725777000,0,0.38000000,23933.3800
1624766313103000,0,0.00161000,23887.6900
1624766412740000,1,0.23000000,23920.4000
1624766638714000,1,0.00122810,23925.8700
1624766642436000,0,0.56000000,23966.0500
1624766642496000,0,0.00600000,23966.0500
1624766645885000,0,0.01364555,23983.3600
1624766645898000,0,0.00160997,23983.3600
1624766646067000,1,0.00122675,23974.5200
1624766650950000,0,0.01625487,24025.6600
1624766651373000,0,0.00090000,24025.6600
1624766658218000,1,0.00122648,23988.9000
1624766812982000,1,0.00600000,23826.2400
1624766812992000,1,0.00430722,23826.2400
1624766813013000,1,0.02669278,23826.2400
1624766964669000,0,0.01448143,23818.9200
1624767291075000,0,0.00755682,23828.5100
1624767407601000,0,0.00761420,23809.6200
1624767531280000,0,0.01035073,23843.3500
1624767576826000,0,0.01486176,23844.3300
1624767646371000,1,0.06554055,23842.3100
1624768468936000,0,0.04723607,23782.6300
1624768503002000,0,0.02941556,23789.0000
1624768873853000,0,0.00263552,23872.4100
1624769104660000,0,0.03231448,23855.0600
1624769294366000,0,0.02155622,23907.6700
1624769308850000,0,0.02426041,23907.6700
1624769644706000,0,0.01034609,23979.3700
1624769884304000,0,0.09059025,23894.9200
1624770178465000,1,0.00233257,23867.6000
1624770178670000,1,0.00234404,23867.6000
1624770178673000,1,0.00116181,23867.6000
1624770385174000,0,0.00847481,23869.4400
1624770385178000,0,0.03460273,23869.4400
1624770396069000,0,0.02045621,23899.1100
1624770556727000,1,0.00441248,23885.5200
1624770662541000,1,0.09000000,23935.7400
1624770674897000,1,0.01964950,23937.3200
1624770674900000,1,0.00945726,23937.3200
1624770674900000,1,0.00966734,23937.3200
1624770674900000,1,0.00927275,23937.3200
1624770674900000,1,0.02165568,23937.3200
1624770674900000,1,0.00935233,23937.3200
1624770674901000,1,0.00936341,23937.3200
1624770674904000,1,0.00192229,23937.3200
1624770828504000,1,0.08181405,23865.6800
1624771079811000,0,0.08150101,23889.5400
1624771079811000,0,0.00580548,23889.5400
1624771079821000,0,0.00891617,23889.5400
1624771079834000,0,0.00377734,23889.5400
1624771079834000,0,0.00536932,23889.5500
1624771079839000,0,0.00962332,23889.5500
1624771079839000,0,0.00946308,23889.5500
1624771079846000,0,0.00877437,23889.5500
1624771079848000,0,0.00888081,23889.5500
1624771079952000,0,0.00433596,23889.5500
1624771116569000,1,0.06000000,23919.5300
1624771132349000,1,0.05603618,23915.6200
1624771132352000,1,0.02383878,23915.6200
1624771132355000,1,0.02287376,23915.6200
1624771132360000,1,0.00984916,23915.6200
1624771132443000,1,0.09042484,23914.9300
1624771222268000,0,0.01404000,23905.0700
1624771480301000,0,0.05905723,23969.3800
1624771559974000,1,0.00108727,23928.0800
1624771559974000,1,0.00000001,23928.0800
1624771808272000,1,0.00090000,24018.9400
1624771808272000,1,0.00033829,24012.4100
1624771819074000,0,0.00208530,24034.4200
1624771819074000,0,0.00103493,24034.4200
1624771822803000,1,0.00135206,24026.0300
1624772136537000,0,0.00601000,23955.8700
1624772327907000,1,0.00453308,23922.4200
1624772515983000,1,0.00090000,23870.7200
1624772603697000,1,0.00090000,23798.1400
1624772603697000,1,0.09910000,23792.9100
1624772616004000,0,0.00090000,23806.6700
1624772616004000,0,0.04945000,23810.3800
1624772625381000,1,0.00090000,23778.1700
1624772625408000,1,0.03610000,23778.1700
1624772645135000,0,0.00090000,23758.6600
1624772645135000,0,0.02580141,23764.8700
1624772710394000,0,0.00989468,23786.5300
1624772710399000,0,0.03790748,23786.5300
1624772784970000,0,0.00123682,23713.9900
1624772816799000,0,0.00090000,23693.0300
1624772816799000,0,0.00033760,23698.7700
1624772910373000,1,0.00090000,23694.6300
1624774008771000,0,0.00121000,23828.4200
1624774195848000,0,0.01012181,23884.7600
1624774195849000,0,0.00149913,23884.7600
1624774195877000,0,0.04793054,23884.7600
1624774195894000,0,0.17044852,23884.7600
1624774196362000,0,0.00090000,23896.1500
1624774196620000,0,0.03000000,23905.8200
1624774196620000,0,0.00599662,23905.8200
1624775493016000,1,0.00090000,23821.6400
1624775493016000,1,0.00010000,23818.1300
1624775872123000,1,0.00946781,23719.2900
1624775872151000,1,0.06253163,23719.2900
1624775872216000,1,0.01916712,23719.2900
1624776459442000,1,0.13608633,23857.8700
1624776644967000,1,0.03247434,23855.6800
1624776973459000,1,0.00117495,23829.1600
1624777423976000,1,0.09070336,23836.5100
1624777423976000,1,0.03893025,23831.4200
1624777434740000,1,0.00327403,23831.4000
1624777434799000,1,0.00830342,23831.4000
1624777569379000,0,0.00763000,23882.4500
1624777929630000,1,0.02514534,23903.3000
1624777929631000,1,0.00999890,23903.3000
1624777929634000,1,0.01010056,23903.3000
1624777929634000,1,0.00881972,23903.3000
1624777929635000,1,0.00915111,23903.3000
1624777929636000,1,0.00915114,23903.3000
1624777955040000,0,0.09051112,23903.7400
1624777956475000,0,0.01323926,23903.1000
1624778057120000,0,0.06261547,23899.9900
1624778057146000,0,0.01031235,23899.9900
1624778057148000,0,0.08648068,23899.9900
1624778098410000,1,0.01502308,23943.2900
1624778098605000,1,0.02680386,23940.4400
1624778099684000,1,0.06226616,23934.5500
1624778099708000,1,0.02806467,23934.5500
1624778144944000,1,0.03277269,23971.2700
1624778269627000,1,0.09021863,23965.5100
1624778269846000,0,0.23000000,23962.9700
1624778270003000,0,0.09021520,23962.9700
1624778270005000,0,0.09022631,23962.9700
1624778282083000,0,0.00921000,23962.5100
1624778445782000,1,0.00384769,23884.6300
1624778516041000,1,0.09040899,23910.2500
1624778516041000,1,0.03700000,23909.7800
1624778516041000,1,0.09015870,23906.1600
1624778516041000,1,0.09042606,23906.1500
1624778516041000,1,0.00143474,23902.0300
1624778516041000,1,0.01057151,23902.0200
1624778854609000,0,0.00090000,23898.6400
1624778854609000,0,0.00090000,23904.6600
1624778854609000,0,0.00622000,23908.4000
1624778949618000,0,0.01204000,23904.4900
1624779076598000,0,0.01202000,23941.8200
1624779130304000,0,0.09033021,23935.3100
1624779130304000,0,0.04911979,23936.5100
1624779144454000,0,0.00207595,23964.8700
1624779320443000,0,0.00449641,24044.5600
1624779335927000,1,0.00125002,24076.8500
1624779349357000,1,0.00090000,24104.2700
1624779349357000,1,0.00090000,24098.8500
1624779349357000,1,0.00090008,24094.7300
1624779355676000,0,0.00090000,24093.5300
1624779356622000,0,0.00159029,24093.5300
1624779356623000,0,0.00000001,24093.5300
1624779489527000,0,0.00610000,24103.2500
1624779546966000,0,0.00090000,24069.6900
1624779546966000,0,0.00090000,24074.8200
1624779546966000,0,0.00427819,24080.9500
1624779710891000,1,0.00134806,24103.4000
1624779716756000,0,0.00090000,24148.8100
1624779716756000,0,0.04040453,24153.3800
1624780027141000,0,0.06713431,24096.3200
1624780078187000,1,0.04443142,24076.6400
1624780078187000,1,0.00855571,24076.6400
1624780078188000,1,0.05766079,24076.6400
1624780251404000,1,0.02567880,24099.4900
1624780251429000,1,0.01652523,24099.4900
1624780395050000,0,0.00090000,24038.4400
1624780899274000,1,0.02392215,23929.3400
1624780988042000,1,0.00453400,23947.2300
1624781068332000,1,0.00344200,23932.7600
1624781244372000,0,0.02226039,24014.6600
1624781707003000,0,0.04228866,24041.3500
1624782110550000,0,0.04156267,24012.1700
1624782150457000,1,0.03699999,23982.7400
1624782150458000,1,0.00000001,23982.7400
1624782166189000,0,0.00090000,23962.2700
1624782195788000,0,0.01664433,23984.1400
1624782369897000,0,0.05393188,23994.3700
1624782424970000,0,0.07232637,24028.9400
1624782453484000,0,0.05780000,24060.1400
1624782637435000,0,0.00599000,24035.3900
1624782971793000,1,0.00090000,23945.6700
1624782971793000,1,0.00076658,23940.5000
1624783022083000,1,0.04017586,23967.6100
1624783094355000,0,0.12658000,23966.3700
1624783172006000,0,0.00090000,23954.6900
1624783180755000,0,0.00090000,23956.0000
1624783184158000,1,0.00090000,23953.8100
1624783184158000,1,0.00089999,23950.3700
1624783184162000,1,0.00000001,23950.3700
1624783222499000,0,0.22824631,23988.8700
1624783223588000,0,0.00175369,23988.8700
1624783223588000,0,0.00010631,23990.0600
1624783403059000,0,0.00129322,24025.2700
1624783616829000,0,0.04010000,23918.1300
1624783735223000,1,0.16807733,23892.6300
1624783891332000,0,0.00401000,23934.4000
1624783930159000,1,0.09509046,23920.6600
1624783930281000,1,0.00090000,23915.9300
1624783971220000,0,0.09047146,23916.4700
1624783971226000,0,0.00000001,23916.4700
1624784379743000,0,0.01006000,23824.5700
1624784395249000,0,0.00090000,23825.7600
1624784535063000,0,0.01254000,23878.5200
1624784675007000,1,0.00343730,23896.3800
1624784690314000,0,0.02490125,23908.1800
1624784690315000,0,0.06560092,23908.1800
1624784690315000,0,0.09050349,23911.1100
1624784690315000,0,0.04400120,23913.9000
1624784690320000,0,0.10351067,23913.9000
1624784722772000,0,0.09049610,23926.3800
1624784722772000,0,0.07631683,23932.9900
1624784755940000,1,0.05629391,23901.6900
1624784798858000,1,0.00862164,23913.2600
1624784805696000,0,0.12384705,23935.7700
1624784824355000,1,0.19970098,23914.9200
1624784824363000,1,0.03029901,23916.1100
1624784824365000,1,0.06450694,23916.1100
1624784825967000,1,0.01389095,23906.4200
1624784860792000,0,0.00404000,23940.1300
1624785070896000,0,0.00197000,23913.0300
1624785507988000,0,0.01207000,23844.1400
1624785655330000,0,0.00125898,23794.4800
1624785913978000,1,0.09546876,23781.6800
1624785913978000,1,0.18795780,23776.9200
1624785913978000,1,0.03700000,23776.9100
1624785913978000,1,0.09085754,23776.9000
1624785913978000,1,0.09086050,23775.8300
1624785913978000,1,0.04850805,23772.4500
1624786158339000,1,0.03477775,23762.7800
1624786165826000,0,0.00126015,23769.3100
1624786261256000,1,0.00251519,23731.7100
1624786261256000,1,0.00000001,23731.7100
1624786263363000,0,0.00126168,23740.3800
1624786380279000,0,0.00126339,23713.9000
1624786396176000,0,0.02000000,23713.9000
1624786443183000,1,0.00090000,23655.7800
1624786445675000,0,0.00090000,23640.3600
1624786445675000,0,0.00036477,23666.0200
1624786449630000,0,0.00126601,23663.6500
1624786470086000,0,0.00090000,23632.0300
1624786470086000,0,0.00036732,23640.3500
1624786479414000,1,0.13410825,23600.0000
1624786479441000,1,0.03522164,23600.0000
1624786479458000,1,0.08240453,23600.0000
1624786479459000,1,0.02000000,23600.0000
1624786479548000,1,0.13622745,23600.0000
1624786479717000,1,0.14203813,23600.0000
1624786480475000,0,0.00126860,23591.5300
1624786486706000,0,0.01596031,23579.1000
1624786486749000,0,0.01843224,23579.1000
1624786486875000,0,0.00622254,23579.1000
1624786486986000,0,0.05442120,23579.1000
1624786490622000,0,0.01958287,23590.3700
1624786496623000,0,0.00127023,23584.9700
1624786499030000,1,0.00090000,23560.7300
1624786499030000,1,0.00090000,23555.2100
1624786499030000,1,0.03695142,23548.9600
1624786503403000,0,0.02244923,23598.8300
1624786503429000,0,0.05534805,23598.8300
1624786504155000,0,0.03143551,23600.0000
1624786504160000,0,0.01353057,23600.0000
1624786511218000,0,0.03143805,23600.0000
1624786511261000,0,0.01444858,23600.0000
1624786511318000,0,0.03490361,23600.0000
1624786511376000,0,0.00489535,23600.0000
1624786872066000,0,0.00090000,23592.9600
1624786872066000,0,0.00032000,23600.2700
1624786904990000,1,0.00090000,23593.3500
1624786909918000,0,0.00127162,23550.2200
1624786918940000,0,0.00127273,23526.1500
1624786948307000,0,0.00127418,23511.7900
1624786999545000,0,0.01038577,23503.9900
1624787009838000,0,0.00127491,23499.5700
1624787089379000,0,0.00335321,23509.2200
1624787089405000,0,0.03250426,23509.2200
1624787097508000,1,0.02577659,23496.7700
1624787097512000,1,0.19949601,23496.7700
1624787097601000,1,0.00090000,23496.7700
1624787108969000,0,0.00663326,23523.4700
1624787133429000,0,0.02000000,23522.5700
1624787186464000,0,0.00127642,23470.7800
1624787192978000,1,0.00090000,23461.9500
1624787195317000,0,0.00644057,23481.7900
1624787244547000,1,0.00090000,23461.9500
1624787244684000,1,0.00085274,23461.9500
1624787249435000,0,0.00090000,23440.3200
1624787249435000,0,0.00037780,23443.9600
1624787250006000,0,0.01767021,23433.6200
1624787250271000,0,0.00090000,23433.6200
1624787268300000,0,0.09176413,23468.7400
1624787281880000,0,0.02075735,23446.2100
1624787292868000,0,0.00127940,23414.7900
1624787338429000,0,0.02403478,23432.7200
1624787338446000,0,0.00332479,23432.7200
1624787500318000,1,0.00332577,23517.1800
1624787811629000,0,0.01534151,23563.9900
1624787811629000,0,0.02803762,23563.9900
1624787811652000,0,0.01743146,23563.9900
1624787811700000,0,0.00090000,23563.9900
1624787811776000,0,0.01262488,23563.9900
1624787918576000,0,0.00129000,23539.8800
1624787998450000,1,0.03699999,23472.3900
1624787998460000,1,0.00000001,23472.3900
1624788117214000,0,0.00090000,23601.2400
1624788117214000,0,0.02445000,23602.1400
1624788197910000,0,0.00090000,23570.1400
1624788281902000,1,0.01683781,23533.2600
1624788384721000,0,0.00411000,23580.2600
1624788673146000,1,0.00230000,23534.2600
1624788753427000,1,0.01104400,23555.2200
1624788862257000,1,0.01407070,23595.9300
1624788862260000,1,0.04434851,23595.9300
1624788862261000,1,0.01809468,23595.9300
1624788862279000,1,0.01772357,23595.9300
1624788862283000,1,0.01076712,23595.9300
1624788862283000,1,0.02849039,23595.9300
1624788862287000,1,0.01153597,23595.9300
1624788862363000,1,0.00090000,23595.9300
1624788902083000,0,0.00118614,23566.7200
1624788902265000,0,0.09059721,23566.7200
1624788903730000,1,0.02000000,23548.5600
1624789157357000,0,0.00125000,23643.1100
1624789175185000,0,0.00422147,23631.5500
1624789266398000,0,0.07589913,23617.6900
1624789334161000,1,0.04258262,23612.8200
1624789354526000,1,0.01118510,23585.6700
1624789464699000,1,0.00090000,23545.8800
1624789492153000,1,0.07371009,23477.4300
1624789715358000,1,0.00220068,23492.7200
1624789865935000,0,0.00580998,23498.3500
1624790031698000,1,0.23000000,23402.9000
1624790031698000,1,0.00090000,23401.8900
1624790031698000,1,0.09508009,23400.5300
1624790031698000,1,0.09234416,23400.5200
1624790031698000,1,0.09236252,23394.8200
1624790031698000,1,0.00090000,23393.5800
1624790031698000,1,0.03700000,23392.7900
1624790031698000,1,0.00141323,23390.4300
1624790155585000,1,0.03177472,23385.2700
1624790204463000,1,0.01708172,23380.2100
1624790205346000,0,0.00128064,23394.2700
1624790205652000,1,0.01991827,23380.2100
1624790205726000,1,0.00000001,23380.2100
1624790231297000,1,0.00377880,23365.9600
1624790231314000,1,0.01650158,23365.9600
1624790231314000,1,0.00789723,23365.9600
1624790231341000,1,0.00882239,23365.9600
1624790231367000,1,0.00090000,23365.9500
1624790242909000,0,0.00090000,23362.3600
1624790242909000,0,0.00038211,23366.5200
1624790361681000,0,0.00185000,23383.6600
1624790361699000,1,0.00470099,23362.3100
1624790361789000,1,0.02091228,23362.3100
1624790361832000,1,0.00698114,23362.3100
1624790361841000,1,0.00440559,23362.3100
1624790387114000,1,0.00090000,23336.7300
1624790388358000,1,0.00165776,23336.7300
1624790388359000,1,0.00000001,23336.7300
1624790438029000,0,0.00128319,23348.0400
1624790500989000,0,0.10093495,23412.9000
1624790530553000,0,0.00869000,23406.1400
1624790594808000,0,0.07057712,23436.0100
1624790747734000,0,0.01227000,23453.9200
1624790767834000,0,0.00939132,23478.0900
1624790806079000,0,0.00177000,23519.9100
1624790948584000,0,0.00206000,23506.6800
1624790975703000,1,0.00254143,23476.7100
1624790975780000,1,0.01600000,23476.7100
1624790982800000,1,0.00649681,23456.7100
1624791008416000,0,0.00431770,23487.1700
1624791018650000,0,0.03203366,23508.1500
1624791404215000,1,0.00712469,23551.4000
1624791478070000,0,0.02000000,23568.6800
1624791547132000,1,0.00090000,23625.1000
1624791547132000,1,0.00010000,23619.2000
1624791548243000,0,0.00253772,23643.2200
1624791548244000,0,0.00000001,23643.2200
1624791573050000,1,0.00814880,23624.9000
1624791573372000,1,0.09146638,23613.6700
1624791573372000,1,0.09150491,23607.9900
1624791573372000,1,0.09142337,23600.7400
1624791573372000,1,0.09144312,23595.2400
1624791573372000,1,0.09146712,23592.1000
1624791573591000,0,0.94269510,23561.9400
1624791573909000,1,0.00090000,23579.5400
1624791587158000,0,0.00090000,23576.8500
1624791588181000,0,0.00090000,23576.8500
1624791594551000,0,0.00090000,23576.8500
1624791604172000,1,0.00090000,23545.2600
1624791651770000,0,0.00400913,23588.1800
1624791741418000,0,0.00935000,23602.5500
1624791941839000,0,0.00844000,23637.1000
1624792005681000,0,0.00090000,23613.9800
1624792005681000,0,0.00113000,23618.2900
1624792230879000,0,0.09156245,23624.7900
1624792230879000,0,0.03513003,23634.0900
1624792266138000,1,0.02000000,23597.1800
1624792382667000,0,0.00844281,23570.3700
1624792386042000,0,0.04233323,23570.3700
1624792405677000,0,0.00204000,23579.6400
1624792456850000,0,0.00407000,23587.6000
1624792635363000,0,0.00285000,23566.3700
1624792753422000,0,0.00090000,23541.8700
1624792753422000,0,0.00676539,23545.4700
1624792773653000,0,0.00911559,23556.3100
1624792786980000,0,0.00090000,23534.8700
1624792786980000,0,0.01235185,23539.6800
1624793082279000,0,0.00090000,23628.7800
1624793082279000,0,0.00090000,23634.3900
1624793082279000,0,0.00006000,23635.6400
1624793171394000,0,0.00090000,23654.7200
1624793171394000,0,0.00032000,23658.9600
1624793235571000,0,0.00370329,23691.0200
1624793235688000,0,0.00187644,23691.0200
1624793244414000,1,0.00090000,23692.8100
1624793244414000,1,0.00038319,23690.0300
1624793280181000,1,0.00090000,23714.1100
1624793280181000,1,0.00038211,23706.0800
1624793310147000,1,0.00128064,23740.6600
1624793321857000,0,0.01009000,23760.8900
1624793364488000,1,0.00127940,23764.4200
1624793436885000,0,0.00090000,23883.7400
1624793436885000,0,0.00090000,23883.7500
1624793436885000,0,0.00237571,23895.6800
1624793437680000,0,0.00625690,23882.5500
1624793437794000,0,0.22374310,23882.5500
1624793439702000,1,0.00090000,23883.7000
1624793439702000,1,0.00292913,23861.2400
1624793446984000,1,0.00127418,23875.9100
1624793464143000,1,0.00127273,23876.8100
1624793498509000,1,0.00090000,23921.7500
1624793498509000,1,0.00037162,23917.3800
1624793520312000,0,0.00473247,23896.7200
1624793575183000,0,0.00455086,23915.1600
1624793577797000,0,0.03651899,23967.7700
1624793577908000,0,0.01323897,23967.7700
1624793577933000,0,0.18024204,23967.7700
1624793584719000,1,0.00090000,23943.4300
1624793584719000,1,0.00037023,23931.4700
1624793586761000,0,0.01480864,23979.1000
1624793586784000,0,0.03796344,23979.1000
1624793586798000,0,0.00759111,23979.1000
1624793586842000,0,0.01876190,23979.1000
1624793592534000,1,0.00090000,23964.4500
1624793592534000,1,0.00036860,23952.4800
1624794025071000,1,0.03700000,23869.9100
1624794035779000,1,0.00090000,23856.9500
1624794035779000,1,0.09910000,23855.7900
1624794089214000,0,0.00130272,23872.0900
1624794089219000,0,0.00274333,23872.0900
1624794089219000,0,0.00903636,23872.0900
1624794452198000,0,0.01384678,23817.9900
1624794469124000,1,0.09071650,23815.9800
1624794469125000,1,0.00000001,23815.9800
1624794521251000,1,0.02628637,23776.3600
1624794604034000,0,0.02097200,23812.8400
1624794617628000,1,0.01128905,23776.9700
1624794657297000,0,0.01208000,23816.4100
1624794895265000,1,0.00126732,23992.7500
1624794922620000,0,0.02085088,24051.6800
1624794922660000,0,0.01118425,24051.7000
1624794922679000,0,0.02131302,24051.7000
1624794922825000,0,0.00471953,24051.7000
1624794922927000,0,0.00708860,24051.7000
1624794922943000,0,0.18569460,24051.7000
1624794923015000,0,0.00463556,24051.6900
1624794923545000,0,0.00090000,24070.0200
1624794930278000,1,0.00090000,24042.6100
1624794930278000,1,0.00090000,24037.2300
1624794930278000,1,0.00073078,24030.6000
1624794954967000,1,0.00249682,24034.1800
1624795007148000,1,0.00112199,24025.4300
1624795007152000,1,0.00000001,24025.4300
1624795171051000,1,0.00785964,23979.1500
1624795171092000,1,0.01423604,23979.1500
1624795209665000,0,0.00439000,24057.1300
1624795219103000,0,0.00090000,24021.5800
1624795219103000,0,0.00090000,24029.5600
1624795219103000,0,0.00090000,24032.9000
1624795219103000,0,0.00795000,24033.5500
1624795246118000,1,0.02911350,23999.6200
1624795246173000,1,0.00684306,23999.6200
1624795246173000,1,0.01358227,23999.6200
1624795650881000,0,0.01509376,23936.1900
1624795661165000,0,0.00090000,23927.8700
1624795661165000,0,0.00090000,23934.3600
1624795661165000,0,0.01166200,23936.1800
1624795704857000,0,0.00090000,23924.9900
1624795704857000,0,0.01974000,23926.1800
1624795844100000,0,0.00090000,23854.2800
1624795844100000,0,0.00090000,23858.5300
1624795844100000,0,0.04005000,23862.2100
1624796049774000,0,0.00818000,23919.2000
1624796182162000,0,0.02080000,23984.3800
1624796293818000,0,0.00264000,23990.4500
1624796379899000,0,0.00090000,24003.2000
1624796406612000,0,0.02057000,23999.7700
1624796459580000,0,0.03528680,23964.9500
1624796459736000,0,0.00590000,23964.9400
1624796584798000,0,0.22540000,23941.3600
1624796584964000,0,0.00460000,23941.3600
1624796586970000,0,0.09032599,23947.1000
1624796587514000,0,0.09903671,23960.3500
1624796587514000,0,0.09027492,23960.3600
1624796631940000,0,0.09000000,23957.3400
1624796632015000,0,0.00029647,23957.3400
1624796647917000,0,0.08008000,23953.0600
1624796730350000,0,0.00822000,24034.8600
1624796823167000,1,0.00604097,24000.1100
1624797009550000,0,0.01996000,24033.4900
1624797069422000,0,0.01162000,24045.0500
1624797106064000,1,0.00090000,24060.9600
1624797106064000,1,0.00036339,24056.0600
1624797132303000,1,0.00090000,24082.7000
1624797132303000,1,0.00036168,24080.1200
1624797140480000,0,0.00090000,24102.4600
1624797140580000,0,0.00205965,24102.4600
1624797142215000,0,0.00090000,24119.6100
1624797144870000,1,0.00090000,24109.7700
1624797144870000,1,0.00036514,24104.8800
1624797222825000,1,0.00134643,24146.5800
1624797238609000,1,0.00134497,24159.5400
1624797244421000,0,0.01198760,24172.3700
1624797327072000,0,0.00234854,24099.2000
1624797371433000,0,0.00553000,24114.1200
1624797454752000,0,0.00090000,24067.6500
1624797454752000,0,0.03153320,24071.9300
1624797504170000,0,0.00199000,24074.7200
1624797514988000,0,0.00090000,24069.6100
1624797514988000,0,0.00283592,24074.7200
1624797834038000,1,0.08000000,24046.5100
1624798022077000,0,0.02890091,24099.9300
1624798126423000,0,0.09477691,24065.0000
1624798143269000,0,0.00145268,24065.0000
1624798144842000,0,0.03999839,24065.0000
1624798144902000,0,0.69904851,24065.0000
1624798193578000,0,0.02413000,24076.3200
1624798210980000,0,0.00435000,24055.1900
1624798638462000,0,0.00183000,24038.7700
1624798687443000,1,0.00090000,24018.0400
1624798793362000,0,0.00904190,24044.7000
1624798996847000,1,0.06512575,23934.8700
1624798996884000,1,0.00632929,23934.8700
1624799114579000,1,0.00090000,23947.9500
1624799114579000,1,0.00089999,23947.9400
1624799114581000,1,0.00000001,23947.9400
1624799114581000,1,0.00090000,23945.9100
1624799114713000,1,0.00090000,23940.0400
1624799158470000,0,0.00090000,23893.4600
1624799158470000,0,0.00060566,23895.7800
1624799206067000,0,0.00773000,23938.8300
1624799565570000,0,0.03103354,23993.9400
1624799565639000,0,0.00596646,23993.9400
1624799600103000,0,0.00122000,24037.1000
1624799622952000,0,0.00877054,24067.8200
1624799622954000,0,0.01414241,24067.8200
1624799622954000,0,0.00341752,24067.8200
1624799622956000,0,0.00859645,24067.8200
1624799622962000,0,0.00299083,24067.8200
1624799640494000,1,0.00090000,24080.3300
1624799689859000,0,0.01450000,24090.3000
1624799807119000,0,0.03585000,24075.4000
1624799984476000,1,0.08000000,24018.1800
1624800155179000,0,0.00306000,24072.5600
1624800231105000,1,0.04910730,24060.5500
1624800256773000,0,0.00204000,24070.7400
1624800600915000,0,0.00090000,23973.6300
1624800600915000,0,0.00304665,23977.6600
1624800603420000,1,0.09000000,23955.2100
1624800603422000,1,0.00020654,23955.2100
1624800603537000,1,0.09022823,23950.6300
1624800618574000,0,0.00200000,23961.6200
1624800647656000,0,0.00760000,23971.0900
1624800675953000,0,0.00090000,23947.2100
1624800675953000,0,0.09035117,23947.4400
1624800675967000,0,0.00000001,23947.4400
1624800676139000,0,0.09000000,23946.0200
1624800676188000,0,0.14000000,23946.0200
1624800676188000,0,0.23000000,23950.8800
1624800682987000,0,0.00090000,23986.2600
1624800682987000,0,0.00090000,23991.4500
1624800682987000,0,0.01020000,23992.9100
1624800712110000,1,0.09021196,23961.5200
1624800742563000,1,0.23000000,23936.2600
1624800842124000,1,0.08859782,23916.4000
1624800842124000,1,0.00836141,23916.3900
1624801075980000,0,0.00090000,23910.0100
1624801075980000,0,0.00291000,23914.3900
1624801239496000,0,0.00123000,23913.5700
1624801510028000,1,0.09025829,23944.0400
1624801510028000,1,0.23000000,23940.8600
1624801510028000,1,0.09027819,23939.6700
1624801600514000,0,0.00127109,23836.2700
1624801606464000,1,0.00090000,23792.4400
1624801625889000,0,0.00127280,23805.6300
1624801642127000,0,0.00127314,23794.1200
1624801663290000,1,0.02100000,23786.4000
1624802004354000,0,0.05765000,23799.4800
1624802344828000,0,0.00201000,23891.5300
1624802410010000,0,0.04022000,23848.9000
1624802648845000,0,0.03748000,23798.2500
1624802697891000,0,0.00127469,23762.8200
1624802706185000,0,0.00090000,23740.6900
1624802706185000,0,0.00037602,23745.6300
1624802804825000,0,0.01048780,23745.7500
1624802905101000,0,0.09103430,23778.7300
1624802905101000,0,0.01313506,23780.1400
1624802955333000,1,0.00090000,23744.0200
1624802955333000,1,0.02216700,23742.8300
1624802975974000,0,0.00412000,23760.5900
1624803051939000,0,0.00127724,23722.8900
1624803074078000,1,0.03000000,23704.4300
1624803074104000,1,0.00700000,23704.4300
1624803152533000,1,0.00252178,23669.6900
1624803152535000,1,0.00000001,23669.6900
1624803169521000,0,0.00127865,23690.5500
1624803205227000,0,0.00090000,23662.1100
1624803205227000,0,0.00038023,23663.0900
1624803215444000,1,0.03999469,23633.6000
1624803215905000,1,0.02187026,23633.6000
1624803215924000,1,0.00319342,23633.6000
1624803215952000,1,0.01401211,23633.6000
1624803225454000,0,0.00128124,23642.5700
1624803256666000,0,0.03716000,23683.4100
1624803291183000,1,0.23000000,23599.2300
1624803291531000,1,0.03700000,23579.9600
1624803336477000,0,0.04923954,23665.0700
1624803446649000,0,0.04346847,23713.4700
1624803446738000,0,0.00285514,23713.4700
1624803446825000,0,0.00300318,23736.5600
1624803473116000,0,0.00531000,23718.1900
1624803485575000,1,0.01617376,23686.9600
1624803485610000,1,0.00927099,23686.9600
1624803487391000,1,0.00088200,23685.7800
1624803490283000,1,0.00234675,23676.2200
1624803491215000,1,0.00099999,23675.0400
1624803623609000,0,0.00090000,23730.8900
1624803653541000,1,0.00883250,23719.1000
1624803653541000,1,0.00889024,23719.1000
1624803653541000,1,0.00392971,23719.1000
1624803653547000,1,0.00582160,23719.1000
1624803653560000,1,0.00130181,23719.1000
1624803653568000,1,0.01130518,23719.1000
1624803731537000,1,0.00168399,23717.9200
1624803731968000,1,0.00000001,23717.9200
1624803858255000,0,0.39933749,23717.6800
1624803858255000,0,0.09066251,23717.7000
1624804015099000,0,0.00121000,23789.7100
1624804081557000,0,0.00408000,23754.2000
1624804163655000,0,0.00090000,23724.0300
1624804163655000,0,0.00058000,23726.3700
1624804217971000,0,0.23000000,23752.3800
1624804217971000,0,0.00090000,23753.5600
1624804217971000,0,0.08470535,23753.6300
1624804425466000,0,0.00283284,23874.9000
1624804425474000,0,0.05684724,23874.9000
1624804425478000,0,0.01098509,23874.9000
1624804426568000,0,0.23000000,23891.3200
1624804427009000,1,0.00090000,23884.3100
1624804427009000,1,0.02209679,23877.4200
1624804427016000,1,0.01576283,23877.4200
1624804498809000,0,0.00090000,23907.6400
1624804498809000,0,0.09046494,23912.0400
1624804498809000,0,0.07939419,23912.1700
1624804511018000,0,0.00201000,23887.2800
1624804929267000,0,0.00409000,23913.6700
1624804960470000,0,0.09000000,23919.7300
1624804960794000,0,0.07000000,23931.3300
1624804980541000,1,0.00090000,23923.8200
1624804980541000,1,0.06453778,23919.7300
1624804990839000,0,0.15601812,23951.8300
1624805173574000,0,0.00220000,23986.2500
1624805233746000,1,0.00090000,23959.3500
1624805233746000,1,0.05901964,23958.5300
1624805243635000,0,0.00090000,23961.0000
1624805243635000,0,0.00050000,23966.7000
1624805350628000,1,0.22540000,23894.0200
1624805355629000,1,0.09414351,23892.8300
1624805501515000,0,0.00815791,23957.0800
1624805727994000,1,0.00914773,23890.7400
1624805727994000,1,0.02785227,23890.7400
1624805751472000,1,0.01866079,23880.1000
1624805754419000,1,0.01833920,23880.1000
1624805861735000,1,0.06713431,23875.9300
1624805875241000,0,0.00602000,23886.6900
1624805884334000,0,0.00090000,23899.8800
1624805884334000,0,0.00729000,23902.7500
1624805923460000,1,0.22540000,23914.2500
1624806002717000,1,0.01252677,23958.9900
1624806002739000,1,0.01167888,23958.9900
1624806002775000,1,0.01129981,23958.9900
1624806002781000,1,0.01116903,23958.9900
1624806002946000,1,0.02294160,23947.6900
1624806013479000,1,0.00246402,23912.3500
1624806013984000,0,0.00090000,23932.8700
1624806013984000,0,0.00090000,23939.2100
1624806013984000,0,0.01209000,23944.8400
1624806131580000,0,0.00577000,23947.3800
1624806141866000,0,0.01455359,23928.7900
1624806274032000,0,0.04081948,23947.3200
1624806730063000,0,0.00361000,23889.3200
1624806760834000,0,0.01638000,23880.8800
1624806850103000,0,0.00184000,23886.9500
1624806985743000,1,0.06169578,23831.2800
1624807029057000,1,0.08449721,23777.3100
1624807045659000,1,0.02176912,23756.9200
1624807056794000,1,0.23000000,23764.0800
1624807090778000,0,0.01209000,23790.7900
1624807101373000,1,0.23000000,23764.7800
1624807101373000,1,0.23000000,23763.5900
1624807111445000,1,0.03000000,23739.2900
1624807129942000,1,0.09000000,23732.1800
1624807209044000,0,0.01613000,23784.3700
1624807336275000,0,0.01014181,23826.0400
1624807418421000,0,0.09078277,23822.5800
1624807418492000,0,0.00000001,23822.5800
1624807427780000,1,0.00228798,23809.9500
1624807450281000,1,0.00168167,23788.1400
1624807489135000,1,0.00126966,23786.4000
1624807530693000,0,0.09088138,23792.2400
1624807543945000,0,0.00000001,23792.2400
1624807689555000,0,0.00120000,23948.3900
1624807706707000,1,0.00899491,23914.5800
1624807810542000,0,0.00409801,23949.8700
1624807810545000,0,0.00000001,23949.8700
1624807874409000,1,0.01062262,23948.4600
1624807874410000,1,0.00907052,23948.4600
1624807874410000,1,0.05040542,23948.4600
1624807874410000,1,0.02909032,23948.4600
1624807874683000,1,0.30081112,23948.4600
1624808025463000,1,0.00100000,23895.5300
1624808107803000,1,0.00230000,23853.4800
1624808145228000,1,0.00151276,23855.6800
1624808242589000,0,0.00587000,23855.3200
1624808246274000,0,0.00414000,23855.3200
1624808288108000,0,0.00368226,23854.0000
1624808310685000,0,0.00325000,23833.8400
1624808528938000,0,0.01101000,23825.1200
1624808541021000,0,0.00403000,23816.1200
1624808689095000,0,0.09530392,23849.0100
1624808730742000,1,0.23000000,23791.8300
1624808793821000,0,0.00270000,23799.1700
1624808842542000,1,0.19998470,23800.8800
1624808842543000,1,0.03001530,23800.8800
1624808859475000,0,0.09088460,23793.1200
1624808859475000,0,0.07337348,23798.4700
1624808893333000,0,0.07797828,23783.3400
1624808893416000,0,0.00134802,23783.3400
1624808930117000,0,0.00417492,23776.6800
1624808930163000,0,0.01245987,23776.6800
1624808930165000,0,0.02438689,23776.6800
1624809175593000,1,0.09000000,23869.8800
1624809250089000,0,0.00356000,23909.5400
1624809290999000,1,0.00090000,23901.2400
1624809290999000,1,0.23000000,23896.9200
1624809290999000,1,0.09068285,23896.5600
1624809290999000,1,0.07841715,23896.5500
1624809331732000,0,0.00946315,23914.5000
1624809451038000,1,0.00510912,23913.3300
1624809529831000,0,0.00619000,23937.5700
1624809629894000,1,0.00740232,23906.3200
1624809629932000,1,0.00300992,23915.1900
1624809633215000,1,0.00883002,23883.4600
1624809633234000,1,0.00000001,23883.4600
1624809654804000,1,0.00505238,23889.0600
1624809654830000,1,0.00000001,23889.0600
1624809661186000,1,0.00178524,23857.8300
1624809661186000,1,0.00773745,23857.8200
1624809661310000,1,0.00956560,23857.8200
1624809661328000,1,0.00454059,23857.8200
1624809661348000,1,0.01753002,23857.8200
1624809661382000,1,0.01146300,23857.8200
1624809661440000,1,0.02620948,23857.8200
1624809661596000,1,0.03291292,23857.8200
1624809661663000,1,0.29004094,23857.8200
1624809694665000,0,0.07898994,23877.8800
1624809725713000,1,0.00090000,23838.5100
1624809725713000,1,0.00090000,23835.5000
1624809726912000,1,0.00090000,23843.5200
1624809743690000,0,0.00090000,23852.3800
1624809762880000,0,0.00090000,23891.9900
1624809762880000,0,0.00099999,23897.9700
1624809762892000,0,0.00000001,23897.9700
1624809796685000,0,0.03287507,23997.3900
1624809818676000,1,0.00090000,24016.6600
1624809818676000,1,0.00090000,24015.9600
1624809818676000,1,0.00076149,24004.7000
1624809819804000,1,0.00090000,24019.5100
1624809819935000,0,0.00090000,24019.4400
1624809820036000,0,0.00069798,24019.4400
1624809858166000,0,0.05469409,24017.5900
1624809859005000,0,0.00685511,24017.5900
1624809859095000,0,0.04295392,24017.5900
1624809859097000,0,0.01189333,24017.5900
1624809891869000,0,0.00120000,24041.5800
1624810152973000,0,0.00090000,23958.7700
1624810152973000,0,0.00090000,23964.5800
1624810152973000,0,0.01235000,23969.8700
1624810169386000,1,0.00253529,23923.7100
1624810177351000,1,0.00090000,23908.1400
1624810308907000,0,0.01512849,23834.4700
1624810308917000,0,0.01094149,23834.4700
1624810308933000,0,0.02620138,23834.4700
1624810311580000,0,0.00090000,23846.3900
1624810366407000,1,0.09052177,23869.9100
1624810366407000,1,0.06311996,23866.9300
1624810395050000,1,0.03000000,23838.1000
1624810495977000,0,0.01167085,23891.3800
1624810590531000,1,0.03000000,23854.4700
1624810590575000,1,0.00600000,23854.4700
1624810596126000,0,0.00627000,23863.7000
1624810629292000,1,0.00274206,23821.4600
1624810629294000,1,0.00859903,23821.4600
1624810629301000,1,0.00661153,23821.4600
1624810629306000,1,0.00927404,23821.4600
1624810629324000,1,0.00906662,23821.4600
1624810629326000,1,0.01012437,23821.4600
1624810629338000,1,0.00885456,23821.4600
1624810629339000,1,0.00954374,23821.4600
1624810629356000,1,0.09000000,23821.4600
1624810629358000,1,0.00885654,23821.4600
1624810629363000,1,0.00661590,23821.4600
1624810629364000,1,0.00917445,23821.4600
1624810629380000,1,0.00672446,23821.4600
1624810629411000,1,0.02739615,23821.4600
1624810629441000,1,0.00090000,23821.4600
1624810630287000,1,0.00174281,23799.4800
1624810652052000,0,0.00198452,23824.0900
1624810764570000,0,0.02011000,23842.2500
1624810977569000,1,0.39795623,23890.8800
1624810977569000,1,0.08066168,23890.8700
1624810982025000,1,0.00088200,23882.5800
1624811050965000,0,0.00763000,23869.9800
1624811152745000,0,0.00290872,23852.9200
1624811362848000,1,0.03600000,23827.3500
1624811362848000,1,0.09493335,23820.3200
1624811362848000,1,0.06906665,23820.3100
1624811412867000,1,0.09062985,23840.3200
1624811412867000,1,0.01290520,23836.6800
1624811473987000,1,0.03000000,23810.4000
1624811474014000,1,0.00600000,23810.4000
1624811475471000,1,0.03600000,23797.7100
1624811479928000,1,0.01000000,23783.1900
1624811480201000,1,0.02000000,23783.1900
1624811515405000,1,0.00328282,23769.4700
1624811515408000,1,0.04774867,23769.4700
1624811515430000,1,0.00919275,23769.4700
1624811515431000,1,0.01087723,23769.4700
1624811515446000,1,0.15889853,23769.4700
1624811515446000,1,0.09088505,23768.2900
1624811515446000,1,0.09078129,23768.2500
1624811515513000,1,0.00090000,23766.5100
1624811515513000,1,0.09079298,23760.1100
1624811515513000,1,0.38200000,23759.6000
1624811515765000,1,0.09086525,23756.8000
1624811516110000,1,0.86000000,23750.0000
1624811516447000,1,0.00390356,23750.0000
1624811516447000,1,0.00000001,23750.0000
1624811562298000,1,0.00090000,23704.1100
1624811721135000,1,0.10000000,23707.1700
1624811896764000,1,0.09000000,23763.0900
1624811996462000,1,0.03000000,23746.5600
1624812004112000,1,0.00502810,23745.1100
1624812059214000,1,0.02000000,23738.5700
1624812059363000,1,0.03600000,23737.9600
1624812268123000,0,0.00227000,23730.5300
1624812282367000,1,0.09114647,23697.5800
1624812282367000,1,0.09116384,23697.4700
1624812284499000,0,0.00090000,23705.3000
1624812284499000,0,0.01592420,23713.9200
1624812343597000,0,0.00119219,23694.6000
1624812357687000,1,0.03000000,23664.8900
1624812357692000,1,0.00402821,23664.8900
1624812357700000,1,0.00182072,23664.8900
1624812357706000,1,0.00015107,23664.8900
1624812368761000,0,0.00121000,23693.7800
1624812432399000,0,0.01674376,23733.3800
1624812432423000,0,0.01537888,23733.3800
1624812466272000,0,0.00330000,23710.6600
1624812537000000,0,0.00121000,23704.9600
1624812564872000,0,0.00930541,23709.3700
1624812605058000,1,0.55000000,23694.3900
1624812610980000,0,0.00162000,23707.9000
1624812611670000,0,0.00233000,23707.9000
1624812611687000,0,0.00728000,23707.9000
1624812701906000,1,0.06000000,23738.1800
1624812701984000,1,0.02000000,23738.1800
1624812702007000,1,0.01101982,23738.1800
1624812702173000,1,0.00090000,23731.2500
1624812702173000,1,0.09105726,23730.2900
1624812702173000,1,0.00090000,23725.9200
1624812702173000,1,0.09109135,23724.5400
1624812741793000,1,0.00381998,23752.8400
1624812770441000,0,0.01209000,23789.2000
1624812963294000,0,0.01212000,23737.8300
1624813109356000,0,0.00415000,23772.5700
1624813329650000,0,0.00888000,23756.9000
1624813526177000,1,0.00490000,23677.2400
1624813612475000,0,0.00454000,23743.4000
1624813626650000,0,0.00824110,23742.2400
1624813702145000,0,0.00090000,23779.4200
1624813930115000,0,0.00262000,23831.1700
1624813951779000,1,0.09077249,23801.5200
1624813951779000,1,0.08714336,23801.3100
1624813956114000,0,0.03020000,23820.3700
1624814116839000,1,0.01000000,23798.7200
1624814116858000,1,0.00342341,23798.7200
1624814328114000,1,0.03010226,23716.5500
1624814559562000,0,0.00147073,23766.2000
1624814637656000,1,0.09089625,23768.0400
1624814690130000,0,0.00163000,23780.2500
1624815075788000,1,0.09000000,23746.0600
1624815075967000,1,0.09100399,23745.3100
1624815200386000,0,0.00165378,23738.3600
1624815200388000,0,0.01955001,23738.3600
1624815200395000,0,0.00876450,23738.3600
1624815200412000,0,0.00950394,23738.3600
1624815200413000,0,0.03919261,23738.3600
1624815200417000,0,0.01024635,23738.3600
1624815200614000,0,0.09106229,23742.7300
1624815200720000,0,0.02000000,23739.5300
1624815319847000,1,0.00108726,23766.4000
1624815444543000,0,0.00202000,23787.8500
1624815448674000,1,0.06688988,23770.8700
1624815448719000,1,0.02400344,23770.8700
1624815448769000,1,0.09087661,23770.5500
1624815449114000,1,0.09087424,23762.0000
1624815480296000,0,0.00099511,23755.9000
1624815645880000,0,0.00645000,23774.1700
1624815756557000,0,0.00605000,23797.1900
1624815821070000,0,0.01990985,23804.7200
1624815897230000,1,0.03082866,23811.6800
1624815898403000,0,0.00805000,23833.5600
1624815913238000,0,0.00419000,23817.0500
1624815931251000,1,0.00090000,23833.0100
1624815931251000,1,0.00090000,23831.6300
1624815931251000,1,0.09064435,23831.2400
1624815931251000,1,0.08755565,23826.8800
1624815931332000,1,0.00090000,23838.2600
1624815931332000,1,0.00311202,23826.8800
1624815931332000,1,0.00090000,23825.7200
1624815931628000,1,0.09070878,23817.5300
1624815991381000,0,0.05736999,23868.5100
1624815996753000,1,0.01000000,23845.4600
1624815997109000,1,0.09061606,23839.6300
1624815997109000,1,0.00328433,23832.9300
1624815997109000,1,0.00821082,23832.9200
1624815997150000,1,0.02134814,23827.5100
1624815997150000,1,0.03600000,23827.5000
1624816061716000,0,0.00348534,23822.2400
1624816092355000,0,0.00090000,23820.0300
1624816092355000,0,0.00148158,23822.4600
1624816139045000,0,0.04000000,23816.9500
1624816139059000,0,0.00857410,23816.9500
1624816139147000,0,0.00181497,23816.9600
1624816139150000,0,0.22818503,23816.9600
1624816139150000,0,0.23000000,23818.1700
1624816139230000,0,0.00866591,23816.9500
1624816139256000,0,0.02119117,23816.9500
1624816139259000,0,0.24898126,23816.9500
1624816139346000,0,0.66100000,23832.9800
1624816233028000,1,0.01735603,23828.4200
1624816270963000,1,0.18000000,23832.2700
1624816275348000,0,0.00609000,23831.1100
1624816343518000,0,0.02457401,23830.3600
1624816480044000,0,0.00121000,23834.5500
1624816571797000,0,0.00382000,23843.7500
1624816604210000,1,0.09067665,23826.8600
1624816779808000,0,0.00121000,23826.1000
1624816929613000,0,0.06059000,23740.7800
1624816958972000,0,0.01260285,23742.2300
1624816973222000,1,0.10291148,23714.2000
1624816973222000,1,0.01247576,23714.2000
1624816973278000,1,0.00090000,23714.2000
1624816998791000,0,0.01737000,23735.5100
1624817039887000,0,0.00412000,23722.4000
1624817049618000,0,0.01873000,23733.3100
1624817085495000,1,0.00090000,23676.6400
1624817096010000,0,0.11405590,23675.8700
1624817115463000,1,0.00252296,23658.7200
1624817115463000,1,0.08747704,23656.1100
1624817115546000,1,0.09126878,23652.3100
1624817115546000,1,0.09133072,23652.1500
1624817115694000,0,0.00090000,23658.5200
1624817115694000,0,0.00029360,23665.5500
1624817118268000,1,0.00090000,23638.4200
1624817119035000,1,0.11700000,23621.1600
1624817119035000,1,0.00532745,23603.5000
1624817119035000,1,0.00213141,23603.5000
1624817119035000,1,0.00545126,23603.5000
1624817119035000,1,0.38008988,23603.4900
1624817119471000,1,0.00090000,23603.5000
1624817130385000,0,0.00119464,23647.1400
1624817145061000,1,0.00203740,23625.5100
1624817145062000,1,0.06093657,23620.2100
1624817145074000,1,0.02950850,23620.2100
1624817145086000,1,0.13955493,23620.2100
1624817145086000,1,0.00509376,23619.0400
1624817145086000,1,0.01324312,23615.4000
1624817145086000,1,0.04135709,23615.3900
1624817145538000,1,0.00203737,23615.4000
1624817145538000,1,0.00509342,23615.4000
1624817149212000,0,0.00119595,23620.1200
1624817164815000,1,0.00267801,23604.4600
1624817188943000,0,0.00525000,23670.9800
1624817200956000,1,0.09000000,23639.4700
1624817201011000,1,0.00177931,23639.4700
1624817222113000,1,0.23000000,23581.2800
1624817222812000,1,0.00136669,23569.1000
1624817222812000,1,0.00341673,23563.6500
1624817223464000,1,0.09000000,23555.3600
1624817227763000,0,0.17000000,23550.4600
1624817227915000,0,0.00090000,23549.3000
1624817227932000,0,0.02544409,23549.3000
1624817228006000,0,0.02759592,23549.3000
1624817228025000,0,0.07875740,23549.3000
1624817228166000,0,0.09000000,23549.3000
1624817238167000,0,0.00090000,23570.7300
1624817238167000,0,0.00029792,23581.3500
1624817254401000,0,0.00119911,23549.9800
1624817258107000,0,0.06879435,23545.3300
1624817258188000,0,0.09183945,23552.5100
1624817381885000,0,0.01094000,23561.0700
1624817393107000,0,0.00119989,23543.7900
1624817489005000,1,0.00088200,23524.8700
1624817548546000,0,0.00120150,23511.0400
1624817625508000,1,0.09000000,23527.5300
1624817630093000,1,0.09000000,23529.8200
1624817645200000,1,0.00090000,23532.9800
1624817650867000,1,0.23000000,23516.5900
1624817650985000,1,0.09182322,23511.8700
1624817653085000,1,0.18000000,23488.5000
1624817653138000,1,0.05000000,23488.5000
1624817653138000,1,0.09192957,23477.7200
1624817675412000,1,0.09000000,23487.1100
1624817696389000,0,0.03000000,23515.6200
1624817696396000,0,0.00600000,23515.6200
1624817820158000,1,0.09000000,23532.3500
1624818016083000,0,0.04750269,23562.0400
1624818016238000,0,0.01107779,23562.0400
1624818057012000,1,0.09167317,23566.0700
1624818057264000,1,0.09000000,23563.1800
1624818084181000,1,0.02307194,23586.6200
1624818084196000,1,0.00762517,23586.6200
1624818084197000,1,0.02925992,23586.6200
1624818084818000,1,0.00224199,23576.2400
1624818159359000,0,0.09156570,23615.4100
1624818204879000,1,0.00400498,23612.1400
1624818204944000,1,0.02000000,23612.1400
1624818204971000,1,0.00680262,23612.1400
1624818204980000,1,0.00374662,23612.1400
1624818204986000,1,0.00178074,23612.1400
1624818371045000,0,0.00134000,23595.9700
1624818377133000,0,0.00226265,23583.8600
1624818392596000,0,0.00090000,23578.1700
1624818392596000,0,0.09169135,23580.1700
1624818392596000,0,0.09168004,23583.1700
1624818392596000,0,0.00090000,23584.8500
1624818392596000,0,0.04741996,23586.1500
1624818420408000,1,0.09000000,23578.9800
1624818423059000,1,0.09000000,23583.0000
1624818433342000,1,0.00161609,23583.0000
1624818433342000,1,0.00163725,23578.9800
1624818433342000,1,0.00090000,23577.6700
1624818433342000,1,0.09222338,23575.4900
1624818433342000,1,0.08362328,23575.4800
1624818438432000,1,0.09000000,23578.9800
1624818444437000,1,0.00163725,23578.9800
1624818444437000,1,0.00802598,23575.4800
1624818444437000,1,0.00033677,23574.5900
1624818453478000,1,0.09000000,23571.0500
1624818477134000,1,0.09000000,23576.2300
1624818488624000,0,0.02094000,23580.9900
1624818540916000,0,0.00203000,23591.9600
1624818599547000,1,0.08973048,23594.0900
1624818601598000,1,0.00179461,23594.0900
1624818603943000,1,0.00003662,23594.0900
1624818603943000,1,0.08744221,23594.0900
1624818630435000,1,0.09000000,23581.6000
1624818648456000,0,0.00366000,23591.1800
1624818650231000,1,0.09000000,23574.5100
1624818653734000,1,0.03000000,23560.5500
1624818653735000,1,0.00600000,23560.5500
1624818747536000,0,0.00090000,23620.1300
1624818747536000,0,0.03181227,23624.1900
1624818840507000,0,0.00203000,23595.7900
1624818976957000,1,0.00090000,23589.9200
1624818976957000,1,0.09158959,23589.1900
1624818996618000,1,0.09000000,23595.4600
1624819017875000,0,0.00088449,23611.6100
1624819034503000,1,0.09000000,23602.2200
1624819054555000,1,0.09000000,23607.7000
1624819088457000,0,0.02090000,23632.9300
1624819137562000,1,0.00088200,23630.0100
1624819137583000,1,0.00001800,23630.0100
1624819170663000,1,0.00088200,23636.0300
1624819170936000,1,0.00001800,23636.0300
1624819172218000,0,0.00253000,23649.0400
1624819173376000,1,0.09000000,23633.2200
1624819173380000,1,0.00140705,23633.2200
1624819173497000,1,0.09141882,23630.3400
1624819173497000,1,0.02858118,23626.9200
1624819173725000,1,0.09145048,23624.0300
1624819202136000,1,0.00088200,23657.3000
1624819217527000,1,0.09000000,23652.2600
1624819223389000,1,0.01000000,23648.4300
1624819223472000,1,0.09135499,23644.1800
1624819244509000,1,0.09000000,23629.4900
1624819329040000,0,0.01218000,23623.9400
1624819343164000,0,0.00366000,23614.8700
1624819551610000,1,0.09000000,23599.9800
1624819570604000,0,0.00610000,23592.6700
1624819616378000,0,0.00406000,23600.2800
1624819616720000,1,0.00090000,23588.4400
1624819616720000,1,0.00090000,23582.5500
1624819616720000,1,0.08820000,23578.4900
1624819683931000,0,0.00253716,23549.4800
1624819689675000,0,0.02097000,23544.6000
1624819759682000,0,0.19851898,23544.6800
1624819770124000,0,0.00204000,23560.6500
1624819824412000,0,0.00313000,23592.6900
1624819967793000,1,0.09000000,23574.6000
1624820070500000,0,0.03002618,23586.1100
1624820238428000,0,0.00090000,23605.6900
1624820238428000,0,0.09156057,23608.5900
1624820238428000,0,0.00763686,23611.6400
1624820270096000,1,0.09156693,23591.3200
1624820270096000,1,0.09158003,23587.9700
1624820320311000,0,0.00275629,23588.4400
1624820359473000,0,0.00376000,23613.3100
1624820410331000,1,0.00786714,23540.1900
1624820410331000,1,0.01302050,23540.1900
1624820410385000,1,0.00999606,23540.1900
1624820580941000,1,0.00241542,23611.5200
1624820949997000,0,0.09000000,23573.4000
1624820950169000,0,0.03936741,23573.4000
1624820950866000,0,0.00088200,23588.3600
1624821052643000,0,0.01241140,23598.4200
1624821072903000,1,0.01944874,23595.7800
1624821244209000,1,0.09000000,23623.9000
1624821247522000,1,0.05319485,23612.3900
1624821249538000,0,0.00203000,23626.4600
1624821269279000,0,0.03999033,23637.4600
1624821310887000,1,0.00324567,23589.5700
1624821324423000,0,0.00122000,23602.6800
1624821356706000,0,0.00163000,23600.1500
1624821417692000,1,0.09152043,23601.1800
1624821417692000,1,0.09152532,23598.5900
1624821417692000,1,0.00090000,23594.6500
1624821417692000,1,0.03600000,23592.7100
1624821423983000,0,0.00833000,23604.4100
1624821544776000,0,0.00401298,23606.6000
1624821592099000,0,0.00208000,23583.3200
1624821655137000,1,0.00090000,23537.6800
1624821775712000,1,0.00351768,23531.9500
1624821953148000,1,0.01016033,23513.0700
1624821953248000,1,0.00566258,23513.0700
1624821953248000,1,0.00879827,23513.0700
1624821953254000,1,0.00912297,23513.0700
1624821953263000,1,0.00225585,23513.0700
1624821972733000,0,0.00090000,23496.6300
1624821972733000,0,0.00207000,23502.1300
1624821974225000,1,0.00533516,23474.8400
1624821974971000,0,0.00090000,23484.1400
1624821974971000,0,0.00030230,23489.3900
1624821997099000,1,0.01218500,23479.0600
1624822030752000,0,0.00088200,23476.0900
1624822030766000,0,0.00001800,23476.0900
1624822031529000,0,0.09202865,23491.8000
1624822076576000,0,0.09199611,23499.3400
1624822076728000,0,0.09198416,23503.3300
1624822076728000,0,0.09204023,23508.4400
1624822076728000,0,0.09200880,23512.1400
1624822079324000,0,0.00088200,23510.3200
1624822079408000,0,0.00001800,23510.3200
1624822095623000,0,0.02001000,23553.6600
1624822168774000,0,0.00204000,23549.7200
1624822172211000,0,0.23000000,23549.0500
1624822172211000,0,0.08000000,23549.7200
1624822172354000,0,0.09179157,23552.1200
1624822193189000,0,0.00290000,23589.0700
1624822205569000,0,0.01017000,23581.8300
1624822256670000,0,0.09000000,23603.8000
1624822347730000,0,0.00148582,23612.6500
1624822403325000,0,0.02665000,23626.8000
1624822448193000,0,0.19197000,23619.0700
1624822476196000,0,0.02112000,23615.7900
1624822507534000,1,0.09000000,23591.3900
1624822722739000,1,0.08553891,23590.7000
1624822932019000,0,0.00252832,23620.4200
1624822939980000,0,0.00125000,23620.4200
1624823097678000,0,0.00210500,23634.1900
1624823183299000,0,0.03600000,23690.0100
1624823186093000,0,0.22000000,23705.0300
1624823186094000,0,0.01000000,23705.0300
1624823187410000,1,0.00379900,23693.0700
1624823439394000,0,0.00211397,23681.4600
1624823446888000,0,0.00284000,23678.4600
1624823482125000,0,0.00090000,23710.4000
1624823510296000,1,0.00400000,23694.0600
1624823619357000,0,0.09122198,23701.8200
1624823620752000,0,0.00000001,23701.8200
1624823620752000,0,0.00151598,23704.6900
1624823699975000,0,0.03600000,23724.2000
1624823699975000,0,0.09114208,23724.2100
1624823699975000,0,0.09112909,23727.6700
1624823699975000,0,0.00090000,23730.9400
1624823699975000,0,0.04888979,23731.6700
1624823747764000,0,0.01877000,23686.2600
1624823795353000,0,0.02074000,23687.3700
1624823960557000,0,0.00200087,23658.1300
1624823974975000,0,0.00203000,23659.4600
1624823992068000,0,0.00418000,23657.3100
1624824001211000,1,0.09139728,23639.5500
1624824001211000,1,0.09141009,23636.1600
1624824001211000,1,0.00090000,23635.1200
1624824001211000,1,0.09884026,23633.3900
1624824001211000,1,0.09142017,23633.3800
1624824001211000,1,0.23000000,23631.6000
1624824001211000,1,0.09142198,23630.4200
1624824001211000,1,0.03461022,23630.2900
1624824003203000,1,0.00088200,23635.7100
1624824003236000,1,0.00001800,23635.7100
1624824003236000,1,0.08998200,23625.1300
1624824005272000,1,0.09140834,23619.6000
1624824005272000,1,0.09141983,23616.0700
1624824005272000,1,0.02717183,23614.8800
1624824008910000,1,0.08196063,23617.2500
1624824014050000,0,0.01535099,23649.8000
1624824031812000,1,0.02173767,23657.4800
1624824037136000,1,0.23000000,23658.6600
1624824037136000,1,0.06000000,23657.4800
1624824040941000,1,0.09000000,23651.9600
1624824044484000,1,0.09135969,23644.9700
1624824044484000,1,0.08864031,23643.7000
1624824073980000,1,0.14362842,23610.7500
1624824077182000,1,0.09000000,23609.5700
1624824081475000,1,0.09000000,23604.9900
1624824092941000,1,0.09000000,23608.6000
1624824094309000,0,0.00426000,23627.5900
1624824130329000,0,0.00122000,23620.9700
1624824135358000,1,0.09151354,23605.3500
1624824135358000,1,0.00090000,23605.1400
1624824135358000,1,0.09152345,23602.6400
1624824137426000,1,0.09152345,23602.6400
1624824137426000,1,0.08847655,23599.8300
1624824139488000,1,0.00305797,23599.8300
1624824139488000,1,0.00090000,23599.6600
1624824139488000,1,0.08604203,23596.9900
1624824142938000,1,0.09000000,23594.8600
1624824146484000,1,0.09000000,23583.2200
1624824148501000,1,0.03600000,23552.7500
1624824148501000,1,0.09161891,23552.7400
1624824192402000,1,0.00090000,23568.5200
1624824233285000,1,0.00090000,23571.4000
1624824256981000,1,0.08977279,23572.7200
1624824256987000,1,0.00183210,23572.7200
1624824426744000,1,0.03000000,23543.6400
1624824428920000,0,0.00088200,23534.0300
1624824429057000,0,0.00001800,23534.0300
1624824443212000,1,0.00252832,23539.7700
1624824473181000,1,0.09168713,23551.8800
1624824481284000,1,0.09171051,23548.7700
1624824481284000,1,0.08828949,23546.0100
1624824494832000,1,0.09168068,23557.3400
1624824494832000,1,0.09169022,23554.6200
1624824506235000,1,0.09000000,23554.6200
1624824540984000,1,0.09158619,23581.2000
1624824548872000,1,0.05000000,23573.3800
1624824625891000,1,0.09000000,23619.0600
1624824635528000,1,0.09000000,23608.2800
1624824661480000,0,0.00100338,23599.2000
1624824679408000,1,0.09000000,23587.9100
1624824734165000,1,0.09000000,23623.7000
1624824743493000,1,0.09143024,23620.3000
1624824749473000,1,0.09142132,23622.7600
1624824749473000,1,0.08857868,23620.3000
1624824751551000,1,0.09000000,23613.5200
1624824765916000,1,0.09000000,23618.7200
1624824811426000,1,0.08944133,23658.5400
1624824811808000,0,0.06115732,23680.1600
1624824815332000,1,0.39971772,23658.4900
1624824815332000,1,0.08144697,23658.4800
1624824815389000,1,0.00981969,23658.4800
1624824870707000,1,0.09000000,23670.0900
1624824881208000,1,0.01015957,23677.2000
1624824884540000,1,0.08000000,23677.2000
1624824887884000,1,0.09000000,23673.9100
1624824888530000,1,0.00119829,23673.9100
1624824892065000,0,0.00454189,23690.5100
1624824901817000,1,0.09000000,23679.6000
1624824905401000,1,0.00002445,23673.9100
1624824905401000,1,0.08997555,23670.5400
1624824907953000,1,0.09124446,23665.1700
1624824911272000,1,0.03528000,23657.3100
1624824912424000,0,0.00090000,23660.1300
1624824912424000,0,0.03581335,23664.4900
1624824965018000,1,0.09122625,23669.2500
1624825023463000,1,0.09109255,23704.4200
1624825080704000,1,0.08934094,23690.5600
1624825080721000,1,0.00182328,23690.5600
1624825080867000,1,0.08934094,23693.0800
1624825081418000,1,0.00181865,23693.0800
1624825085690000,1,0.08934094,23690.5600
1624825086409000,1,0.00182328,23690.5600
1624825140513000,1,0.09119783,23662.9700
1624825194129000,1,0.05756002,23632.3200
1624825237088000,1,0.00467007,23634.8300
1624825327131000,1,0.03891579,23643.6100
1624825327441000,1,0.00090000,23643.6100
1624825327480000,1,0.01815994,23643.6100
1624825327729000,1,0.01435168,23643.6100
1624825328299000,1,0.00280355,23643.6100
1624825328499000,1,0.02136360,23643.6100
1624825329080000,1,0.00205053,23643.6100
1624825337324000,0,0.00370000,23650.8400
1624825410848000,0,0.00167000,23672.7700
1624825415734000,1,0.11000000,23655.5100
1624825429232000,1,0.09000000,23655.8600
1624825464432000,1,0.09133137,23626.4100
1624825464432000,1,0.08866863,23625.2300
1624825500194000,1,0.09000000,23639.7400
1624825520536000,1,0.09000000,23629.2000
1624825525953000,1,0.03600000,23625.4400
1624825525953000,1,0.08400000,23625.4300
1624825626452000,1,0.09000000,23653.7800
1624825789709000,1,0.08940732,23669.7000
1624825789735000,1,0.00182464,23669.7000
1624825864551000,1,0.00090000,23637.5600
1624825864551000,1,0.04906770,23634.8900
1624825864645000,1,0.00090000,23639.1900
1624825864645000,1,0.03684700,23634.8900
1624826176750000,1,0.03600000,23586.3900
1624826176750000,1,0.36807176,23586.3800
1624826176779000,1,0.30692824,23586.3800
1624826195181000,0,0.09000000,23601.4700
1624826195371000,0,0.09153285,23607.4000
1624826303784000,1,0.03000000,23600.0300
1624826354972000,1,0.03000000,23601.2100
1624826354983000,1,0.00600000,23601.2100
1624826397368000,1,0.02000000,23585.3600
1624826406043000,1,0.03000000,23575.5200
1624826427282000,0,0.00902634,23579.4000
1624826427287000,0,0.06422193,23579.4000
1624826427291000,0,0.00417937,23579.4000
1624826427296000,0,0.00977492,23579.4000
1624826427297000,0,0.00441765,23579.4000
1624826427639000,0,0.08000000,23592.8100
1624826443627000,1,0.01000000,23593.1400
1624826443675000,1,0.37000000,23593.1400
1624826443715000,1,0.02600000,23593.1400
1624826454047000,1,0.40000000,23573.3300
1624826465531000,0,0.02709286,23588.1400
1624826496259000,1,0.00090000,23576.3200
1624826615866000,1,0.00276841,23578.0000
1624826681753000,1,0.08000000,23594.8600
1624826721342000,1,0.00088200,23610.2500
1624826754319000,1,0.09148722,23603.7000
1624826779535000,1,0.09000000,23571.8100
1624826780932000,1,0.06314974,23566.4400
1624826780933000,1,0.02839450,23566.4400
1624826783027000,1,0.09164568,23537.7900
1624826783027000,1,0.09505745,23536.9000
1624826783027000,1,0.04329687,23536.8900
1624826829768000,1,0.09168682,23557.2700
1624826829768000,1,0.08831318,23554.8000
1624826831759000,1,0.00337364,23554.8000
1624826831759000,1,0.00090000,23552.5400
1624826831759000,1,0.08572636,23551.7200
1624826893537000,1,0.09170352,23554.3400
1624826907872000,1,0.01115144,23555.6900
1624826908832000,1,0.01315324,23551.0400
1624826908834000,1,0.03272872,23551.0400
1624826908835000,1,0.04583443,23551.0400
1624826935501000,1,0.05879623,23556.9000
1624826935509000,1,0.03289579,23556.9000
1624826998200000,1,0.09000000,23559.2700
1624827005846000,1,0.04225750,23551.0000
1624827005872000,1,0.01912748,23551.0000
1624827009142000,0,0.00398000,23561.8200
1624827010136000,1,0.08986484,23542.6900
1624827014152000,1,0.00183398,23542.6900
1624827014152000,1,0.09170662,23540.2700
1624827015391000,1,0.08986484,23542.6900
1624827015405000,1,0.00183398,23542.6900
1624827016398000,1,0.08987249,23540.2700
1624827017430000,1,0.09000000,23537.1000
1624827018953000,1,0.00168681,23537.1000
1624827018957000,1,0.00003442,23537.1000
1624827018957000,1,0.09155698,23531.1900
1624827020547000,0,0.00424000,23551.3000
1624827021138000,1,0.09177629,23540.3800
1624827021138000,1,0.08822371,23537.1000
1624827021280000,1,0.00349752,23537.1000
1624827023856000,1,0.09177629,23540.3800
1624827023856000,1,0.08805128,23537.1000
1624827025380000,1,0.09177629,23540.3800
1624827025380000,1,0.00176103,23537.1000
1624827042636000,0,0.00090000,23552.4700
1624827042636000,0,0.01599554,23556.7300
1624827053619000,1,0.08000000,23540.4400
1624827055733000,1,0.01000000,23547.3300
1624827059534000,1,0.09177629,23540.3800
1624827059534000,1,0.08810377,23538.2500
1624827063114000,1,0.00367102,23538.2500
1624827063114000,1,0.00179732,23537.1000
1624827063537000,1,0.00011160,23537.1000
1624827066150000,1,0.09177479,23538.2500
1624827066150000,1,0.08822521,23537.1000
1624827068166000,1,0.09177419,23527.4200
1624827068541000,1,0.09179499,23532.6700
1624827070833000,1,0.09179499,23532.6700
1624827070833000,1,0.09177419,23527.4200
1624827070833000,1,0.23000000,23526.2000
1624827070833000,1,0.08643082,23525.0300
1624827071892000,1,0.08996165,23517.3700
1624827078337000,1,0.09000000,23522.3800
1624827080062000,0,0.01223000,23533.9500
1624827086484000,0,0.04422572,23535.8500
1624827098057000,1,0.09186019,23518.0500
1624827098057000,1,0.23000000,23514.9200
1624827098057000,1,0.08813981,23514.6100
1624827102439000,1,0.09000000,23518.0500
1624827104530000,1,0.00186019,23518.0500
1624827104530000,1,0.00372608,23514.6100
1624827104530000,1,0.08441373,23510.6600
1624827105777000,1,0.00090000,23512.1700
1624827105777000,1,0.00640400,23510.6600
1624827106658000,1,0.09186019,23518.0500
1624827106658000,1,0.08813981,23514.6100
1624827108036000,1,0.00365156,23518.0500
1624827108996000,1,0.03263292,23518.0500
1624827110770000,1,0.05446420,23518.0500
1624827113003000,1,0.00111151,23518.0500
1624827113003000,1,0.00362933,23514.6100
1624827113329000,1,0.00009675,23514.6100
1624827113329000,1,0.00104906,23510.6600
1624827118153000,1,0.09186019,23518.0500
1624827118153000,1,0.09186589,23514.6100
1624827118153000,1,0.08627392,23510.6600
1624827121738000,1,0.00559286,23510.6600
1624827121745000,1,0.00000001,23510.6600
1624827121781000,1,0.09000000,23506.7400
1624827122859000,1,0.00179540,23506.7400
1624827146422000,1,0.06000000,23530.5900
1624827146422000,1,0.02000000,23530.5900
1624827146451000,1,0.01178870,23530.5900
1624827152518000,1,0.09000000,23530.5900
1624827152587000,1,0.00178870,23530.5900
1624827152881000,1,0.09000000,23527.5200
1624827153496000,1,0.00178870,23527.5200
1624827156139000,1,0.04000000,23527.5200
1624827156855000,1,0.05075293,23527.5200
1624827157499000,1,0.00103577,23527.5200
1624827158148000,1,0.09000000,23527.5200
1624827159684000,1,0.00175293,23527.5200
1624827160761000,1,0.00003577,23527.5200
1624827160761000,1,0.09184460,23522.9100
1624827160761000,1,0.08811963,23522.4400
1624827185911000,1,0.09184460,23517.1700
1624827185911000,1,0.08815540,23514.0200
1624827185920000,1,0.00365104,23514.0200
1624827187159000,1,0.07313060,23511.5000
1624827188159000,1,0.09184460,23517.1700
1624827188159000,1,0.09180644,23514.0200
1624827188159000,1,0.01463794,23511.5000
1624827188178000,1,0.00404671,23511.5000
1624827189818000,1,0.07568854,23517.1700
1624827190351000,1,0.01000000,23517.1700
1624827191124000,1,0.00603294,23517.1700
1624827191601000,1,0.00012312,23517.1700
1624827192164000,1,0.00603294,23517.1700
1624827192847000,1,0.08000000,23517.1700
1624827225482000,1,0.09181703,23527.0300
1624827225482000,1,0.09181703,23524.6400
1624827225482000,1,0.08636594,23519.8800
1624827228134000,1,0.09181703,23527.0300
1624827228134000,1,0.08818297,23524.6400
1624827229617000,1,0.00545109,23519.8800
1624827229617000,1,0.00581166,23517.1700
1624827234629000,1,0.09181703,23519.8800
1624827234629000,1,0.08817137,23517.1700
1624827239619000,1,0.09183828,23522.5400
1624827239619000,1,0.08814392,23519.8800
1624827240580000,1,0.09000000,23522.5400
1624827263185000,1,0.00367311,23519.8800
1624827263185000,1,0.00367323,23517.1700
1624827263185000,1,0.08265366,23514.0200
1624827277951000,1,0.09183346,23519.3600
1624827277951000,1,0.09183346,23516.9100
1624827277951000,1,0.19741823,23512.1000
1624827277951000,1,0.08891485,23512.0300
1624827280145000,1,0.09000000,23516.9100
1624827307279000,1,0.09181464,23525.1700
1624827307279000,1,0.09181464,23522.7300
1624827318529000,1,0.08997835,23522.7300
1624827318546000,1,0.00183629,23522.7300
1624827320147000,1,0.09181464,23522.7300
1624827320147000,1,0.08818536,23519.6500
1624827323522000,1,0.08997835,23522.7300
1624827326496000,1,0.00179956,23522.7300
1624827338049000,1,0.09184579,23516.9200
1624827338049000,1,0.08811988,23512.6400
1624827342028000,1,0.09184579,23516.9200
1624827342028000,1,0.00176240,23512.6400
1624827347037000,1,0.09000887,23516.9200
1624827371062000,1,0.00191037,23512.6400
1624827371062000,1,0.08808963,23512.0600
1624827372833000,1,0.08996854,23509.5700
1624827383094000,1,0.00183609,23509.5700
1624827383094000,1,0.03444351,23506.8300
1624827407582000,1,0.09000000,23509.5700
1624827448941000,1,0.00180463,23509.5700
1624827448941000,1,0.04819537,23506.8300
1624827482512000,1,0.00003664,23506.7400
1624827482512000,1,0.08996336,23498.9600
1624827506936000,0,0.20598640,23512.5100
1624827509913000,1,0.09192287,23496.4900
1624827509913000,1,0.08807713,23492.9700
1624827521741000,1,0.09194427,23491.4400
1624827521741000,1,0.09188106,23488.7200
1624827547462000,1,0.09000000,23494.0100
1624827552211000,1,0.09187008,23509.6800
1624827552211000,1,0.08819528,23507.0100
1624827562903000,1,0.09000000,23501.7800
1624827579312000,1,0.09000000,23497.7700
1624827582335000,1,0.00190667,23497.7700
1624827582335000,1,0.00194175,23494.0100
1624827595621000,1,0.09194175,23494.0100
1624827595621000,1,0.23000000,23492.6300
1624827595621000,1,0.08805825,23491.6400
1624827597347000,0,0.08053268,23507.6600
1624827598003000,1,0.09194175,23494.0100
1624827598003000,1,0.00189066,23491.6400
1624827599008000,1,0.09010292,23494.0100
1624827601055000,1,0.00180205,23494.0100
1624827603004000,1,0.00003678,23494.0100
1624827603004000,1,0.09010218,23494.0100
1624827604020000,1,0.00183957,23494.0100
1624827604020000,1,0.00191495,23491.6400
1624827611610000,1,0.09189386,23483.9700
1624827612189000,1,0.00000001,23483.9700
1624827612829000,1,0.00711773,23482.0000
1624827621335000,1,0.09010311,23487.4100
1624827621813000,1,0.00183883,23487.4100
1624827648321000,1,0.00000001,23487.4100
1624827648321000,1,0.09015221,23479.8300
1624827650246000,1,0.00180304,23479.8300
1624827650259000,1,0.00003680,23479.8300
1624827653335000,1,0.09015221,23479.8300
1624827654848000,0,0.01061000,23493.8200
1624827678175000,0,0.00163000,23499.7200
1624827678387000,0,0.00150035,23499.7200
1624827678456000,0,0.03286965,23499.7200
1624827693271000,1,0.00090000,23540.7800
1624827693271000,1,0.00090000,23531.9600
1624827693271000,1,0.00084600,23528.5600
1624827714534000,1,0.01329818,23521.6400
1624827717622000,0,0.09183092,23538.3500
1624827717622000,0,0.06478409,23540.5000
1624827719189000,1,0.01297945,23509.2700
1624827719242000,1,0.00646376,23509.2700
1624827719249000,1,0.00646302,23509.2700
1624827774051000,1,0.09000013,23518.7200
1624827774063000,1,0.00183674,23518.7200
1624827774086000,1,0.09184262,23516.2600
1624827804923000,0,0.00164000,23564.5400
1624827832819000,1,0.08992373,23535.5300
1624827867986000,0,0.00120600,23569.6100
1624827898249000,0,0.01246204,23591.5700
1624827961179000,1,0.09167757,23553.0000
1624827961179000,1,0.08832243,23550.3700
1624827963202000,1,0.09168354,23543.7200
1624827967446000,1,0.08987354,23540.1500
1624827972443000,1,0.08990223,23537.2300
1624827985360000,1,0.19289839,23544.3900
1624827985360000,1,0.44710161,23544.3800
1624827987766000,1,0.00489839,23544.3800
1624827987766000,1,0.08510161,23542.3300
1624828029829000,1,0.08980884,23564.4500
1624828029849000,1,0.00183283,23564.4500
1624828072930000,0,0.01627000,23580.5900
1624828094131000,1,0.05000000,23549.5700
1624828094165000,1,0.04164741,23549.5700
1624828094165000,1,0.07159724,23549.5600
1624828094187000,1,0.02005017,23549.5600
1624828126938000,1,0.03000000,23555.1300
1624828141434000,0,0.00712000,23565.5500
1624828218575000,0,0.07256413,23593.6400
1624828288858000,1,0.09000000,23573.6800
1624828322769000,1,0.09000000,23557.1100
1624828335748000,1,0.09000000,23551.5100
1624828391341000,0,0.01231000,23596.1200
1624828423728000,1,0.09154722,23590.1900
1624828423736000,1,0.00000001,23590.1900
1624828423916000,1,0.09154722,23587.5500
1624828423919000,1,0.00000001,23587.5500
1624828439373000,0,0.30074155,23577.9100
1624828439373000,0,0.08378691,23577.9200
1624828449003000,0,0.00122000,23576.7500
1624828501799000,0,0.09162426,23575.3000
1624828501799000,0,0.22837574,23576.7500
1624828501832000,0,0.00040426,23576.7500
1624828501832000,0,0.00784752,23577.9200
1624828502841000,0,0.00088200,23578.9200
1624828502861000,0,0.00001800,23578.9200
1624828503136000,0,0.00090000,23574.8700
1624828503136000,0,0.08910000,23577.9200
1624828503510000,0,0.00088200,23577.9200
1624828503558000,0,0.00088200,23577.9200
1624828503731000,0,0.00077043,23577.9200
1624828505155000,0,0.09162298,23581.9200
1624828505839000,0,0.08980555,23586.7400
1624828508252000,0,0.09000000,23591.6400
1624828508257000,0,0.00162467,23591.6400
1624828509332000,0,0.01000000,23594.3800
1624828515762000,0,0.00475000,23590.1600
1624828517762000,0,0.23000000,23589.6900
1624828545170000,0,0.00731000,23602.9700
1624828549705000,0,0.08000000,23592.5900
1624828549705000,0,0.01155465,23592.5900
1624828561372000,1,0.49200000,23577.4800
1624828622607000,1,0.02000000,23559.1700
1624828622624000,1,0.12621460,23559.1700
1624828631289000,0,0.00611000,23567.9900
1624828835804000,1,0.03600000,23468.1000
1624828835804000,1,0.00295965,23461.9500
1624828835804000,1,0.09197333,23459.5700
1624828835804000,1,0.09192056,23456.2800
1624828835804000,1,0.16479344,23453.0900
1624828835804000,1,0.00837825,23453.0800
1624828835804000,1,0.08002189,23453.0700
1624828870784000,0,0.09196150,23489.0800
1624828871004000,0,0.00100000,23496.7900
1624828908854000,1,0.14622265,23450.0600
1624828911372000,1,0.08955609,23438.3500
1624828911393000,1,0.00525396,23438.3500
1624828911420000,1,0.07163545,23438.3500
1624828912303000,1,0.00348597,23438.3100
1624828912304000,1,0.06198096,23438.3100
1624828922723000,0,0.00090000,23444.1400
1624828922723000,0,0.00030414,23449.7900
1624828924582000,1,0.03600000,23407.5100
1624828939911000,0,0.00241340,23413.2800
1624829053195000,0,0.00120736,23398.0900
1624829104457000,0,0.09000000,23404.1700
1624829104630000,0,0.03600000,23408.6200
1624829104630000,0,0.09236131,23410.5800
1624829193885000,0,0.09230901,23408.9300
1624829193885000,0,0.00090000,23412.1300
1624829193885000,0,0.03600000,23416.6000
1624829193885000,0,0.09237442,23416.6900
1624829193885000,0,0.00090000,23419.0800
1624829194067000,0,0.00090000,23409.1200
1624829194067000,0,0.00090000,23411.7400
1624829194794000,0,0.09235511,23421.7500
1624829199651000,0,0.09000000,23421.7200
1624829199689000,0,0.09000000,23421.7500
1624829199876000,0,0.09227408,23415.8700
1624829199876000,0,0.00235511,23421.7500
1624829199876000,0,0.09233959,23426.0400
1624829233736000,0,0.01000000,23421.7500
1624829334748000,0,0.00218000,23442.2500
1624829348954000,0,0.09221422,23454.3100
1624829407602000,0,0.00884000,23465.6300
1624829410832000,0,0.02263000,23465.6300
1624829515803000,0,0.09014020,23495.5800
1624829518743000,0,0.00183960,23495.5800
1624829518743000,0,0.00000040,23498.7400
1624829541325000,0,0.00309000,23504.8000
1624829560328000,0,0.00543906,23535.5700
1624829610816000,0,0.09000000,23476.4500
1624829614304000,0,0.09000000,23492.0100
1624829616355000,0,0.40000000,23493.2300
1624829746951000,0,0.00847000,23554.3600
1624829800638000,0,0.00090000,23551.7600
1624829800638000,0,0.00111019,23554.3500
1624829825523000,0,0.00133000,23544.7700
1624829954641000,0,0.00847000,23545.0900
1624830207448000,0,0.00090000,23558.1300
1624830207448000,0,0.00333403,23562.3600
1624830292077000,0,0.00848000,23526.8500
1624830304102000,0,0.00367000,23531.3600
1624830432715000,1,0.00090000,23538.0800
1624830432715000,1,0.00090000,23535.8600
1624830621613000,0,0.04179125,23632.7900
1624830774422000,0,0.00203000,23633.8600
1624830992634000,0,0.02108163,23624.2500
1624831012846000,0,0.00601258,23628.1300
1624831053640000,0,0.00406000,23641.1900
1624831213489000,1,0.09421870,23626.6600
1624831213489000,1,0.03578130,23625.9100
1624831333349000,0,0.00090000,23720.2900
1624831344476000,0,0.00090000,23724.5100
1624831344476000,0,0.00090000,23729.3600
1624831344476000,0,0.00228000,23731.2700
1624831355358000,0,0.03000000,23765.7700
1624831355840000,0,0.00090000,23765.7700
1624831367772000,1,0.00090000,23742.8900
1624831367772000,1,0.00030736,23738.7500
1624831370093000,0,0.09262386,23800.2500
1624831370093000,0,0.02737614,23800.2600
1624831370116000,0,0.00878656,23800.2600
1624831376891000,1,0.00481984,23878.4300
1624831378693000,0,0.00090000,23916.7100
1624831378726000,0,0.02214108,23916.7100
1624831378755000,0,0.00383395,23916.7100
1624831378756000,0,0.02136259,23916.7100
1624831378782000,0,0.00871383,23916.7100
1624831378792000,0,1.05622448,23916.7100
1624831385348000,1,0.36000000,23892.7200
1624831385602000,1,0.00936994,23892.7200
1624831395005000,1,0.12103192,23854.2000
1624831395011000,1,0.19924954,23854.2000
1624831412790000,1,0.00088200,23882.7000
1624831422354000,1,0.00090000,23839.8300
1624831440059000,1,0.00090000,23857.7600
1624831440059000,1,0.00030150,23857.7400
1624831441299000,1,0.00088200,23867.4500
1624831441527000,1,0.00001800,23867.4500
1624831449069000,0,0.00090000,23909.2900
1624831449069000,0,0.02920000,23911.6900
1624831455157000,1,0.00119989,23883.6500
1624831458598000,0,0.03107365,23952.0300
1624831459870000,1,0.00088200,23952.5200
1624831459913000,1,0.00001800,23952.5200
1624831516788000,1,0.00119911,23919.8500
1624831527666000,1,0.00090000,23941.3200
1624831527666000,1,0.00029792,23931.3800
1624831528340000,0,0.29135909,24002.2200
1624831529263000,0,0.03584461,24008.9800
1624831529263000,0,0.03415539,24008.9900
1624831535793000,1,0.00090000,24001.5900
1624831544094000,1,0.00119595,24003.1600
1624831546325000,0,0.14954972,24100.0000
1624831548628000,0,0.03494660,24100.0000
1624831548645000,0,0.04724920,24100.0000
1624831548879000,0,0.00834646,24100.0000
1624831549154000,0,0.04845324,24100.0000
1624831549253000,0,0.03353208,24100.0000
1624831551553000,1,0.00238823,24071.3900
1624831574080000,1,0.00090000,24038.3300
1624831574080000,1,0.00037866,24038.0700
1624831574292000,0,0.00244274,24071.3900
1624831577827000,0,0.00004985,24071.3900
1624831578396000,0,0.54000000,24100.0000
1624831578478000,0,0.00184951,24100.0000
1624831583460000,1,0.00127725,24057.3200
1624831584383000,1,0.00843694,24057.3100
1624831584383000,1,0.00843645,24057.3100
1624831602810000,0,0.00088200,24068.9800
1624831604350000,0,0.00090000,24104.5200
1624831604350000,0,0.00090000,24110.5500
1624831604350000,0,0.03569693,24116.5700
1624831604350000,0,0.12858291,24116.5800
1624831604350000,0,0.08974847,24116.6000
1624831604350000,0,0.08924232,24118.6700
1624831604350000,0,0.08989442,24118.6800
1624831604350000,0,0.09979737,24133.2000
1624831625390000,1,0.02000000,24024.5200
1624831699387000,0,0.03000000,24072.6400
1624831743854000,0,0.00120000,24060.8200
1624831754356000,0,0.03000000,24076.6700
1624831762042000,0,0.03000000,24098.7800
1624831762107000,0,0.00600000,24098.7800
1624831767543000,0,0.03000000,24104.2000
1624831772129000,1,0.00127603,24092.3100
1624831773127000,0,0.00088200,24112.1500
1624831773144000,0,0.00001800,24112.1500
1624831779988000,1,0.00090000,24116.4200
1624831779988000,1,0.00037469,24111.4100
1624831790633000,1,0.06474581,24078.1900
1624831790633000,1,0.00995273,24078.1900
1624831790633000,1,0.01530146,24078.1900
1624831794848000,1,0.16000000,24067.1000
1624831811306000,1,0.00090000,24042.9600
1624831811306000,1,0.00090000,24040.1300
1624831811306000,1,0.01950967,24030.9500
1624831827134000,0,0.41000000,24102.8400
1624831842824000,0,0.00090000,24147.2500
1624831842824000,0,0.00069000,24153.5600
1624831868557000,0,0.03000000,24152.5100
1624831870640000,1,0.00127315,24143.7400
1624831872946000,0,0.00331727,24182.2300
1624831874602000,0,0.00090000,24215.4500
1624831874602000,0,0.02373753,24218.8500
1624831874792000,0,0.00461293,24218.8500
1624831875099000,0,0.02164954,24218.8500
1624831878785000,1,0.00397693,24219.6700
1624831911975000,0,0.00090000,24263.6500
1624831911975000,0,0.00360000,24265.5100
1624831926696000,1,0.00090000,24241.7600
1624831926696000,1,0.00044070,24236.2600
1624831930606000,0,0.00090000,24300.0000
1624831930856000,0,0.00610000,24300.0000
1624831936528000,1,0.00499563,24311.1700
1624831964128000,0,0.00090000,24389.2200
1624831964128000,0,0.00090000,24394.4800
1624831964128000,0,0.00092869,24401.1900
1624831973956000,0,0.00090000,24335.1900
1624831973956000,0,0.00090000,24342.0800
1624831973956000,0,0.00330992,24342.1100
1624831976669000,1,0.00090000,24314.0100
1624831976669000,1,0.00089999,24313.1500
1624831976671000,1,0.00000001,24313.1500
1624831976877000,1,0.00090000,24315.6300
1624831976877000,1,0.00089999,24313.4900
1624831977103000,1,0.00000001,24313.4900
1624831984012000,1,0.06979390,24294.5400
1624831985536000,0,0.22000000,24293.3300
1624831989178000,1,0.00090000,24270.3500
1624831989178000,1,0.00477114,24266.8000
1624831989185000,1,0.00334391,24266.8000
1624832043327000,0,0.00090000,24331.3400
1624832043327000,0,0.21646400,24335.5900
1624832047937000,1,0.00701068,24302.8400
1624832047945000,1,0.00000001,24302.8400
1624832050087000,0,0.02000000,24303.8200
1624832050091000,0,0.20000000,24303.8200
1624832050091000,0,0.00090000,24305.0300
1624832052668000,0,0.22000000,24300.8500
1624832054803000,1,0.00090000,24251.9400
1624832087973000,0,0.08000000,24294.6400
1624832099001000,0,0.22000000,24298.6200
1624832099051000,0,0.00090000,24299.8300
1624832102039000,0,0.00090000,24294.2400
1624832102039000,0,0.00728992,24298.6200
1624832157945000,0,0.00090000,24350.9300
1624832157945000,0,0.00186000,24357.6100
1624832157970000,0,0.00276000,24357.6100
1624832170900000,0,0.00090000,24363.3500
1624832170900000,0,0.00308000,24365.7100
1624832197539000,0,0.00090000,24381.0900
1624832202943000,0,0.07000000,24420.6900
1624832206616000,1,0.00090000,24403.0300
1624832206616000,1,0.00148290,24397.8700
1624832223055000,1,0.00090000,24420.6500
1624832223055000,1,0.00387258,24414.9800
1624832236334000,1,0.00090000,24472.2100
1624832236334000,1,0.00385807,24466.2100
1624832247269000,1,0.00474771,24549.1400
1624832260009000,1,0.00244811,24590.6600
1624832269034000,1,0.00090000,24628.6200
1624832269034000,1,0.00856657,24624.7200
1624832285004000,1,0.00366448,24600.7000
1624832285011000,1,0.00000001,24600.7000
1624832293662000,1,0.00236150,24617.2500
1624832294476000,1,0.00090000,24617.2500
1624832302846000,1,0.00090000,24607.8500
1624832305573000,1,0.00090000,24610.3200
1624832313067000,0,0.00088200,24628.8700
1624832313764000,0,0.00001800,24628.8700
1624832329016000,1,0.00471897,24654.4600
1624832343555000,1,0.00603617,24587.0600
1624832343567000,1,0.00000001,24587.0600
1624832343954000,1,0.00602647,24573.4600
1624832343961000,1,0.00000001,24573.4600
1624832348476000,1,0.01509952,24541.7600
1624832348476000,1,0.00490048,24541.7600
1624832348479000,1,0.00114725,24541.7600
1624832348689000,1,0.03928655,24530.7500
1624832352649000,0,0.22000000,24566.4800
1624832352838000,0,0.00100000,24579.7800
1624832352838000,0,0.21900000,24579.9800
1624832352904000,0,0.00100000,24579.9800
1624832354756000,1,0.00523652,24528.6400
1624832354756000,1,0.00476348,24528.6400
1624832354891000,1,0.00832354,24528.6400
1624832355805000,0,0.00404949,24570.9800
1624832478729000,0,0.01994746,24652.3100
1624832478730000,0,0.02126934,24652.3100
1624832478752000,0,0.00090000,24652.3100
1624832480488000,1,0.08000000,24650.2200
1624832488970000,1,0.00090000,24671.1300
1624832488970000,1,0.00034445,24665.2600
1624832489665000,1,0.22000000,24666.4900
1624832493071000,1,0.00458423,24664.1500
1624832493138000,1,0.00009356,24664.1500
1624832495518000,1,0.22000000,24654.1600
1624832496888000,1,0.11421729,24628.2700
1624832520323000,0,0.00088200,24636.9600
1624832532065000,0,0.03000000,24685.9500
1624832549223000,1,0.01312188,24667.5000
1624832549223000,1,0.01030947,24667.4900
1624832549387000,1,0.00485755,24663.1100
1624832549393000,1,0.00000001,24663.1100
1624832549575000,1,0.01000000,24653.9400
1624832598534000,0,0.01000000,24667.6300
1624832605735000,1,0.03000000,24628.6300
1624832630231000,0,0.22000000,24657.0900
1624832651740000,1,0.00779981,24584.8400
1624832651743000,1,0.00000001,24584.8400
1624832681761000,1,0.00500000,24542.9000
1624832681761000,1,0.00331065,24531.9200
1624832682449000,1,0.00090000,24528.6900
1624832682449000,1,0.00100000,24522.4100
1624832682449000,1,0.00090000,24515.8000
1624832682449000,1,0.00220000,24512.1300
1624832692064000,1,0.22000000,24495.7800
1624832692064000,1,0.00090000,24495.0600
1624832692502000,1,0.00327856,24485.1400
1624832692502000,1,0.00820021,24484.8500
1624832692502000,1,0.02131063,24474.6600
1624832702746000,1,0.00270869,24471.6600
1624832702746000,1,0.00270987,24471.6500
1624832703302000,1,0.00271004,24453.3000
1624832727617000,0,0.00090000,24531.5400
