timestamp ms,type,amount,price
1627430587634000,0,0.00088200,28463.0900
1627430591837000,1,0.00878734,28462.5600
1627430614214000,0,0.00090000,28445.9700
1627430614214000,0,0.00112000,28460.2000
1627430626155000,0,0.00088200,28441.2300
1627430641746000,0,0.00088200,28389.0900
1627430696300000,1,0.00100000,28300.8200
1627430727830000,1,0.00761706,28306.6800
1627431196993000,0,0.00691261,28232.0900
1627431251653000,0,0.24500000,28232.2600
1627431289954000,0,0.24500000,28240.5000
1627431507379000,1,0.00400000,28249.4900
1627431969901000,0,0.00676000,28370.4800
1627432087301000,1,0.07641101,28245.8200
1627432148237000,0,0.00230000,28232.6000
1627432159946000,1,0.00230000,28185.3300
1627432160836000,1,0.02753137,28185.3300
1627432160854000,1,0.02866877,28185.3300
1627432160970000,1,0.04149985,28185.3300
1627432160972000,1,0.00000001,28185.3300
1627432208599000,1,0.00202142,28122.1400
1627432208635000,1,0.00355783,28122.1400
1627432212639000,0,0.00090000,28092.1700
1627432212639000,0,0.00000897,28097.5600
1627432308279000,0,0.03693696,28207.1400
1627432346018000,0,0.00187000,28241.7100
1627432474830000,1,0.00217481,28260.2600
1627432511150000,1,0.00088200,28252.9100
1627432511168000,1,0.00001800,28252.9100
1627432807288000,0,0.00230000,28189.6100
1627433100511000,1,0.04782039,28139.4600
1627433100517000,1,0.02896404,28139.4600
1627433100517000,1,0.04016197,28136.1400
1627433100528000,1,0.03662868,28136.1400
1627433100528000,1,0.03100000,28134.1500
1627433100528000,1,0.00675476,28132.6400
1627433100528000,1,0.07679987,28132.6300
1627433100528000,1,0.04872038,28129.0900
1627433100625000,1,0.00230000,28129.0900
1627433133010000,0,0.00156278,28138.8300
1627434758879000,0,0.00678000,28274.9800
1627434893845000,0,0.00139000,28264.8900
1627434968234000,0,0.07648386,28265.9800
1627435021235000,0,0.00288213,28326.9500
1627435211181000,0,0.00105000,28327.0900
1627435237648000,0,0.07627611,28342.9400
1627435237657000,0,0.00000001,28342.9400
1627435391681000,1,0.00565743,28259.3300
1627435553021000,0,0.07574596,28272.7400
1627435854192000,0,0.01310816,28306.5000
1627435854289000,0,0.01789184,28306.5000
1627436011094000,0,0.07637100,28299.1300
1627436148841000,0,0.07613812,28384.7200
1627436148845000,0,0.00000001,28384.7200
1627436164183000,0,0.01108124,28398.5900
1627436164203000,0,0.06501889,28398.5900
1627436596647000,1,0.00877963,28508.6100
1627436603600000,1,0.00090000,28531.1000
1627436603600000,1,0.00090041,28525.7000
1627436607166000,0,0.00170000,28568.0600
1627436607356000,0,0.00008066,28568.0600
1627436640962000,1,0.07016020,28504.6800
1627436640964000,1,0.00561993,28504.6800
1627436640964000,1,0.07577850,28501.0600
1627436685170000,1,0.34000000,28457.7200
1627436770756000,1,0.00090000,28552.6400
1627436770756000,1,0.00553437,28549.9000
1627436776681000,1,0.00875657,28565.4000
1627436789189000,0,0.09661282,28600.3700
1627436790848000,1,0.00229999,28600.8300
1627436790854000,1,0.00000001,28600.8300
1627436802585000,1,0.00874891,28577.3500
1627436876958000,1,0.00874126,28614.4000
1627436887684000,1,0.00090890,28603.7400
1627436983486000,0,0.00139000,28584.6800
1627437042657000,0,0.00090000,28602.6900
1627437042657000,0,0.24410000,28606.1800
1627437049681000,0,0.25000000,28599.7700
1627437049681000,0,0.06995673,28601.1900
1627437130251000,1,0.00873361,28634.9400
1627437136144000,1,0.00872599,28656.7900
1627437179435000,1,0.00773631,28679.0600
1627437193079000,1,0.02350614,28709.8200
1627437532924000,0,0.07000000,28704.6500
1627437537026000,1,0.00096659,28710.2200
1627437601290000,0,0.03100000,28752.1500
1627437685603000,0,0.00088200,28666.3100
1627437706442000,1,0.00230000,28655.4700
1627437715670000,1,0.00230000,28655.4700
1627437759124000,1,0.07537592,28671.3200
1627437760227000,1,0.00613308,28657.9800
1627437760990000,1,0.00012516,28657.9800
1627437761489000,1,0.33000000,28641.1400
1627437761516000,1,0.00800000,28641.1400
1627437783984000,0,0.02716671,28641.0200
1627437784518000,0,0.07283329,28641.0200
1627437886762000,0,0.05514548,28645.5100
1627437886763000,0,0.02979822,28645.5100
1627438126184000,0,0.07529836,28721.8800
1627438126184000,0,0.07470164,28726.3700
1627438126411000,0,0.00127149,28735.3400
1627438126415000,0,0.06448625,28735.3400
1627438179579000,0,0.00230000,28769.8700
1627438179583000,0,0.07000000,28769.8700
1627438185359000,1,0.00870499,28756.5700
1627438191376000,1,0.00868810,28786.0100
1627438265853000,0,0.04328724,28832.0100
1627438265893000,0,0.00230000,28832.0100
1627438328963000,0,0.01669000,28741.1200
1627438351230000,0,0.03364200,28759.6200
1627438357142000,0,0.07518944,28781.1800
1627438370626000,1,0.00868056,28810.6400
1627438391490000,0,0.00090000,28806.3200
1627438402248000,1,0.00090000,28855.1200
1627438402248000,1,0.00090000,28852.5800
1627438402248000,1,0.00404925,28845.7000
1627438408927000,1,0.00090000,28877.0000
1627438408927000,1,0.00004619,28869.1800
1627438437398000,1,0.00782097,28887.5400
1627438437398000,1,0.00083704,28887.5300
1627438456103000,1,0.00405280,28917.1300
1627438462191000,1,0.00864303,28943.6400
1627438485821000,1,0.00585687,28969.4800
1627438536756000,1,0.07481518,28867.4700
1627438536770000,1,0.00000001,28867.4700
1627438536943000,1,0.07000000,28858.8400
1627438537685000,0,0.00225400,28862.9700
1627438537894000,0,0.00004600,28862.9700
1627438664215000,0,0.05727836,28999.9900
1627438664546000,0,1.79000000,28999.9900
1627438664561000,0,0.04348202,28999.9900
1627438664585000,0,0.05863561,28999.9900
1627438664591000,0,0.07478026,28999.9900
1627438664606000,0,0.06980643,28999.9900
1627438664614000,0,0.03000000,28999.9900
1627438664635000,0,0.89000000,28999.9900
1627438664648000,0,0.06185286,28999.9900
1627438664757000,0,0.51000000,28999.9900
1627438664805000,0,0.01155527,28999.9900
1627438671581000,0,0.88000000,28999.9900
1627438671605000,0,0.08000000,28999.9900
1627438671610000,0,0.01000000,28999.9900
1627438671938000,0,0.21000000,28999.9900
1627438671939000,0,0.22260919,28999.9900
1627438934926000,0,0.00230000,28839.1800
1627439041945000,1,0.19987395,28784.2400
1627439041947000,1,0.01470161,28784.2400
1627439041947000,1,0.18517234,28784.2300
1627439041948000,1,0.06482766,28784.2300
1627439041948000,1,0.07499236,28782.8000
1627439041948000,1,0.00767111,28777.3700
1627439041948000,1,0.02490069,28777.3600
1627439046817000,0,0.00090000,28811.9400
1627439046817000,0,0.00605000,28813.0000
1627439049877000,0,0.00555000,28821.7800
1627439243516000,1,0.00090000,28730.7700
1627439243516000,1,0.00090000,28719.5200
1627439243516000,1,0.00090000,28717.1700
1627439243552000,1,0.07519981,28707.9900
1627439243552000,1,0.04746144,28705.1700
1627439335822000,0,0.04660208,28711.6500
1627439413724000,0,0.00088200,28757.7200
1627439429229000,0,0.00090000,28777.6900
1627439430972000,0,0.00090000,28777.2200
1627439430972000,0,0.07512130,28781.5300
1627439430998000,0,0.00000001,28781.5300
1627439601591000,0,0.25000000,28763.2500
1627439897749000,0,0.07517042,28757.9800
1627439897752000,0,0.00000001,28757.9800
1627440074316000,0,0.00984000,28741.0600
1627440315518000,1,0.07498029,28778.3300
1627440376603000,0,0.00351000,28732.1600
1627440498343000,0,0.07530220,28705.8800
1627440530968000,0,0.00967454,28729.9800
1627441111317000,1,0.01000000,28647.9500
1627441111360000,1,0.00168712,28647.9500
1627441195696000,0,0.03382570,28699.8900
1627441195716000,0,0.04148904,28699.8900
1627441195833000,0,0.00300000,28703.1200
1627441295539000,0,0.00822586,28555.4300
1627441301688000,0,0.00225400,28541.5600
1627441301781000,0,0.00004600,28541.5600
1627441388634000,0,0.00823446,28561.6200
1627441481903000,0,0.00812460,28490.1700
1627441484924000,0,0.01627666,28467.3500
1627441539362000,1,0.05104447,28489.5400
1627441539362000,1,0.19895553,28489.5400
1627441579359000,0,0.01000000,28549.7400
1627441579378000,0,0.18829890,28549.7400
1627441923209000,0,0.07000000,28631.2300
1627441923234000,0,0.00230000,28634.5300
1627442005555000,1,0.25000000,28628.7400
1627442005555000,1,0.07546578,28627.3100
1627442005555000,1,0.25000000,28625.9800
1627442005555000,1,0.00090000,28624.9600
1627442005555000,1,0.07547384,28623.9100
1627442005555000,1,0.07548262,28620.2300
1627442005555000,1,0.00090000,28618.2300
1627442005555000,1,0.03100000,28617.8100
1627442005555000,1,0.07543686,28616.6100
1627442005555000,1,0.00763068,28612.6500
1627442005555000,1,0.19334704,28612.6400
1627442111211000,1,0.07556488,28590.1300
1627442111218000,1,0.00000001,28590.1300
1627442374847000,1,0.03438471,28617.2400
1627442374856000,1,0.04111660,28617.2400
1627442408404000,0,0.07551039,28635.6300
1627442408404000,0,0.07550931,28637.2100
1627442408404000,0,0.00090000,28641.7800
1627442408404000,0,0.04839015,28643.4500
1627442408405000,0,0.02714626,28643.4500
1627442408405000,0,0.07552763,28646.1800
1627442408405000,0,0.00090000,28648.1200
1627442408405000,0,0.07437999,28655.7200
1627442408405000,0,0.02235597,28655.7200
1627442408411000,0,0.00739395,28655.7200
1627442408411000,0,0.07550372,28655.7300
1627442408881000,0,0.02000000,28673.7700
1627442409699000,0,0.17345363,28673.7700
1627442410447000,0,0.02974992,28686.0500
1627442410447000,0,0.35025008,28686.0600
1627442503607000,1,0.14568330,28802.6700
1627442513611000,1,0.00090000,28792.3100
1627442514386000,0,0.00230000,28817.9400
1627442561657000,1,0.00090000,28794.7900
1627442561657000,1,0.07502870,28792.5200
1627442561673000,1,0.00000001,28792.5200
1627442561834000,1,0.00090000,28788.0700
1627442561834000,1,0.00210000,28786.9300
1627443062858000,1,0.00865800,28883.2400
1627443085355000,1,0.00761866,28910.0600
1627443125872000,1,0.00812460,28930.0700
1627443190567000,1,0.00823446,28950.8300
1627443195437000,0,0.05572318,29000.0000
1627443224775000,0,0.00271102,29032.6400
1627443224789000,0,0.00000001,29032.6400
1627443224970000,0,0.07449621,29050.7600
1627443224970000,0,0.07443931,29051.4300
1627443230310000,1,0.00822586,29047.3000
1627443232199000,1,0.00230000,29038.5200
1627443235662000,1,0.00821968,29038.5200
1627443235666000,1,0.00000001,29038.5200
1627443258803000,1,0.00230000,28987.8700
1627443262742000,1,0.02000000,28987.8700
1627443262760000,1,0.00343623,28987.8700
1627443308049000,1,0.07306727,28983.3000
1627443685850000,1,0.02209195,28853.6900
1627443685851000,1,0.05281154,28853.6900
1627443685851000,1,0.14708635,28850.4800
1627443685853000,1,0.06748921,28850.4800
1627443685853000,1,0.07491142,28849.8100
1627443685853000,1,0.05749725,28845.7300
1627444759680000,1,0.00230000,28762.0900
1627444838564000,0,0.24999999,28725.8900
1627444838571000,0,0.00000001,28725.8900
1627444841040000,0,0.03100000,28739.6800
1627445132371000,1,0.07510789,28755.1100
1627445132371000,1,0.00080000,28752.7900
1627445132371000,1,0.07512132,28750.6700
1627445367195000,0,0.00350000,28753.3100
1627445530781000,0,0.00821375,28608.9000
1627445542837000,0,0.00821958,28595.4400
1627445762251000,0,0.07542205,28683.4300
1627445921074000,1,0.01721541,28692.3300
1627446497612000,0,0.21457556,28700.1400
1627446497612000,0,0.25000000,28700.1500
1627446497612000,0,0.06461464,28706.1900
1627447013755000,0,0.00169000,28677.2100
1627447215056000,1,0.07566450,28575.5800
1627447215056000,1,0.07566450,28572.4700
1627447218622000,0,0.00822738,28572.0700
1627447239423000,1,0.00161809,28550.6200
1627447239720000,1,0.00000001,28550.6200
1627447503599000,1,0.00282016,28625.4200
1627447576359000,0,0.07551292,28644.9100
1627447783930000,1,0.01532534,28664.3900
1627447834172000,1,0.00201120,28667.0100
1627447834253000,1,0.00506822,28667.0100
1627447894506000,1,0.00253290,28708.2400
1627447994758000,1,0.00090000,28739.3000
1627447994758000,1,0.01208914,28732.6200
1627448115124000,1,0.00255016,28715.8300
1627448223449000,1,0.07546204,28645.7100
1627448223450000,1,0.00000001,28645.7100
1627448627488000,0,0.00138292,28779.5800
1627448756119000,1,0.05553036,28743.2800
1627448756119000,1,0.01970356,28743.2800
1627448756357000,1,0.07525830,28733.1300
1627448757056000,1,0.06000000,28716.2900
1627448757098000,1,0.02000000,28716.2900
1627448757533000,1,0.29000000,28716.2900
1627448935896000,0,0.00080612,28743.2400
1627449041755000,1,0.01672693,28760.6900
1627449076172000,1,0.00086567,28765.1700
1627449416526000,1,0.05500000,28843.0000
1627449426449000,1,0.00229999,28872.1100
1627449426451000,1,0.00000001,28872.1100
1627449500962000,1,0.19218657,28768.4600
1627449500964000,1,0.03551332,28768.4600
1627449617488000,0,0.07000000,28902.2400
1627449617530000,0,0.00489441,28902.2400
1627449688510000,0,0.19988565,28905.7700
1627449688513000,0,0.05011435,28905.7700
1627449688513000,0,0.07488212,28907.2100
1627449688642000,1,0.00230000,28908.3800
1627449721230000,1,0.05982490,28909.5600
1627449721235000,1,0.01498795,28909.5600
1627449721235000,1,0.07481285,28906.5200
1627449721366000,1,0.02826313,28902.8300
1627449721382000,1,0.00230000,28902.8300
1627449721397000,1,0.04425031,28902.8300
1627449721558000,1,0.00705267,28892.8500
1627449721558000,1,0.01763167,28892.8500
1627449721558000,1,0.07481157,28888.3700
1627449751204000,0,0.01329000,28857.6700
1627450337773000,1,0.00721500,28831.2500
1627450494235000,1,0.08870724,28795.2700
1627450494292000,1,0.06134583,28795.2700
1627450494293000,1,0.02093615,28795.2700
1627450494309000,1,0.00230000,28795.2700
1627450494345000,1,0.09922856,28795.2700
1627450494401000,1,0.19648222,28795.2700
1627450916964000,0,0.13606000,28899.1400
1627451041286000,0,0.07477636,28950.4200
1627451041496000,0,0.02944583,28964.5500
1627451041826000,0,0.02944583,28969.3500
1627451041826000,0,0.19143249,28978.9700
1627451041826000,0,0.07361458,28978.9700
1627451218968000,1,0.07488920,28880.3500
1627451258027000,0,0.07497640,28867.8600
1627451668803000,1,0.01843437,28908.0700
1627451719759000,0,0.00497000,28918.7000
1627451969581000,0,0.07470927,28955.6500
1627452091996000,0,0.00315000,28931.1900
1627452142146000,0,0.07467429,28978.1400
1627452195081000,0,0.23113072,28965.3400
1627452368744000,0,0.01707000,28930.9200
1627452401319000,1,0.00096371,28915.5600
1627452401462000,1,0.00001967,28915.5600
1627452460572000,0,0.00818847,28909.6500
1627452678962000,1,0.07492155,28866.6800
1627452679129000,1,0.07491904,28860.7800
1627452679302000,1,0.05000000,28858.4200
1627452767465000,1,0.01713017,28875.3600
1627452821211000,1,0.00633854,28836.9400
1627452928700000,0,0.00071817,28853.1800
1627452928862000,0,0.00001466,28853.1800
1627452993446000,1,0.00699433,28849.1800
1627453059232000,0,0.00090000,28783.3100
1627453059232000,0,0.00090000,28789.7200
1627453059232000,0,0.03122606,28792.7100
1627453059752000,0,0.01012633,28791.2700
1627453077703000,1,0.00364179,28773.1700
1627453090983000,1,0.03975003,28795.1700
1627453091162000,1,0.07507432,28787.1200
1627453091236000,1,0.07508557,28783.3600
1627453097269000,1,0.11004493,28738.5100
1627453187901000,1,0.00208044,28681.7100
1627453195917000,1,0.07640955,28676.3200
1627453206439000,0,0.07536848,28694.2500
1627453365974000,0,0.03288769,28742.3600
1627453416514000,0,0.07525612,28740.5400
1627453416713000,0,0.07523948,28746.8700
1627453418664000,0,0.16409146,28745.6000
1627453472220000,0,0.25000000,28689.5800
1627453472220000,0,0.07539861,28691.0100
1627453472220000,0,0.07538643,28695.7700
1627453472220000,0,0.25000000,28699.5000
1627453472220000,0,0.02920690,28700.9300
1627453528690000,0,0.07539704,28707.1500
1627453528705000,0,0.00000001,28707.1500
1627453567923000,0,0.07536300,28701.9300
1627453826356000,0,0.00986000,28694.5200
1627454063163000,0,0.00169946,28706.1800
1627454063237000,0,0.00173307,28706.1800
1627454082307000,0,0.00668000,28712.3400
1627454204187000,0,0.00000001,28746.8700
1627454204187000,0,0.07523807,28755.8900
1627454204187000,0,0.07526986,28762.2600
1627454204187000,0,0.49957704,28769.0800
1627454204187000,0,0.07525941,28769.0900
1627454204187000,0,0.00090000,28774.4800
1627454204187000,0,0.07523639,28776.8000
1627454204187000,0,0.02959609,28780.5900
1627454204187000,0,0.07522994,28780.6000
1627454204187000,0,0.00090000,28782.1400
1627454204187000,0,0.03100000,28785.5900
1627454204187000,0,0.07399023,28804.0300
1627454204187000,0,0.01535634,28804.0400
1627454219733000,0,0.01001900,28755.3100
1627454305193000,0,0.00167000,28731.3200
1627454358508000,0,0.00361862,28744.8000
1627454440887000,0,0.00431000,28680.8300
1627454573679000,1,0.07562927,28592.1700
1627454573736000,1,0.07563260,28587.9500
1627454573736000,1,0.07564308,28583.6800
1627454585860000,0,0.01648636,28518.7100
1627454622291000,1,0.25000000,28461.5500
1627454627162000,0,0.01652608,28450.1700
1627454631221000,0,0.02483381,28399.1800
1627454633973000,0,0.00414427,28394.6200
1627454644596000,1,0.08000000,28383.5200
1627454644680000,1,0.09000000,28383.5200
1627454644734000,1,0.01000000,28383.5200
1627454644891000,1,0.07000000,28383.5200
1627454650220000,1,0.25000000,28353.6400
1627454652455000,0,0.07628495,28370.8700
1627454652462000,0,0.00000001,28370.8700
1627454652546000,0,0.00230000,28376.7000
1627454694944000,1,0.25000000,28380.3300
1627454732402000,1,0.03000000,28412.6400
1627454732407000,1,0.03000000,28412.6400
1627454732489000,1,0.03000000,28412.6400
1627454910432000,0,0.10000000,28494.1400
1627454971361000,1,0.07590096,28483.9300
1627455043732000,1,0.07000000,28499.6200
1627455043810000,1,0.07587189,28496.5200
1627455047951000,0,0.00627388,28494.3200
1627455051841000,0,0.06076434,28499.0800
1627455052132000,0,0.01516780,28499.0800
1627455445509000,1,0.00236018,28524.6100
1627455547451000,0,0.00191000,28567.5200
1627455549110000,0,0.01004847,28567.5200
1627455593914000,0,0.00230000,28513.1800
1627455593926000,0,0.07358077,28513.1800
1627455600024000,0,0.01731000,28528.9400
1627455625368000,1,0.00088200,28541.6500
1627455625386000,1,0.00001800,28541.6500
1627455629326000,0,0.00269000,28552.9400
1627455682206000,1,0.00088200,28564.6900
1627455682246000,1,0.00001800,28564.6900
1627455721395000,1,0.02000000,28569.7600
1627455805883000,1,0.00113000,28566.5600
1627455816129000,1,0.05000000,28591.8600
1627455816131000,1,0.00624817,28591.8600
1627455907000000,0,0.00352000,28600.3200
1627455940549000,0,0.00174007,28590.7700
1627455949067000,1,0.13000000,28575.2200
1627455949088000,1,0.00888664,28575.2200
1627455949131000,1,0.11111336,28575.2200
1627455954826000,1,0.07000000,28577.7900
1627455954853000,1,0.18000000,28577.7900
1627456196808000,1,0.07540099,28650.9100
1627456196934000,1,0.25000000,28645.2200
1627456206914000,1,0.07000000,28606.7100
1627456234505000,0,0.04790100,28622.1600
1627456234648000,0,0.19000000,28622.1600
1627456234649000,0,0.01209900,28622.1600
1627456239433000,0,0.13725346,28638.3600
1627456240481000,0,0.07376921,28638.3600
1627456240491000,0,0.03897733,28638.3600
1627456248910000,0,0.00803000,28656.0000
1627456251894000,0,0.00335000,28665.8200
1627456264365000,1,0.13000000,28629.8200
1627456264372000,1,0.04000000,28629.8200
1627456264381000,1,0.02000000,28629.8200
1627456264561000,1,0.06000000,28629.8200
1627456306371000,1,0.25000000,28608.9000
1627456377842000,0,0.00496033,28616.9700
1627456398048000,0,0.00413361,28609.6000
1627456518496000,1,0.00601000,28565.6800
1627456545588000,1,0.00230000,28529.6600
1627456546301000,1,0.01511297,28513.5000
1627456546303000,1,0.00000001,28513.5000
1627456767389000,0,0.00847000,28579.6000
1627457168910000,0,0.03013000,28654.0600
1627457185794000,1,0.05967362,28634.5300
1627457186677000,1,0.04032637,28634.5300
1627457186697000,1,0.00000001,28634.5300
1627457397699000,0,0.01675000,28622.9100
1627457419069000,1,0.19000000,28622.0000
1627457419086000,1,0.16000000,28622.0000
1627457419108000,1,0.00098000,28622.0000
1627457419291000,1,0.32000000,28622.0000
1627457419351000,1,0.00483545,28622.0000
1627457490307000,1,0.07554823,28557.7500
1627457490307000,1,0.03100000,28557.2800
1627457506571000,1,0.07564619,28533.8500
1627457506675000,1,0.00230000,28533.3500
1627457540550000,1,0.00090000,28492.9200
1627457540550000,1,0.01650702,28488.6300
1627457577136000,0,0.24500000,28541.8500
1627457612347000,1,0.00970793,28537.8700
1627457612453000,1,0.00019812,28537.8700
1627457634113000,1,0.02000000,28532.7700
1627457635524000,1,0.00467153,28532.7700
1627457668947000,1,0.07567339,28547.2100
1627457668947000,1,0.07432661,28546.9500
1627457738040000,0,0.03424719,28567.8900
1627457739474000,0,0.00247000,28566.1300
1627457741104000,1,0.00812535,28545.9000
1627457771460000,0,0.01007000,28566.0800
1627457939270000,1,0.00533329,28596.3200
1627457939354000,1,0.04234944,28596.3200
1627457941438000,1,0.03190049,28596.3200
1627458009667000,0,0.25000000,28658.7200
1627458009667000,0,0.07544458,28660.1500
1627458009667000,0,0.00806305,28664.9500
1627458039181000,0,0.00425000,28661.2700
1627458101943000,0,0.00138673,28714.2300
1627458156242000,0,0.00341000,28727.8900
1627458166367000,0,0.00230000,28746.7500
1627458232489000,0,0.00230515,28756.0900
1627458304258000,0,0.00333000,28759.4300
1627458308934000,0,0.03469786,28751.0500
1627458416766000,0,0.18351500,28805.8700
1627458513009000,0,0.00131552,28799.7400
1627458513095000,0,0.00724338,28799.7400
1627458551460000,0,0.00300000,28774.5600
1627458576888000,1,0.03102217,28745.3500
1627458603530000,1,0.00534281,28732.3900
1627458703772000,0,0.00329172,28756.9000
1627458708371000,0,0.17950196,28753.2200
1627458750981000,1,0.01689950,28716.5700
1627458751196000,1,0.05249823,28716.5700
1627458751201000,1,0.00000001,28716.5700
1627458824026000,1,0.01416400,28710.2500
1627458974484000,1,0.00152097,28720.2100
1627459030794000,0,0.25000000,28740.2100
1627459030794000,0,0.07527907,28741.6400
1627459030794000,0,0.04590198,28743.3100
1627459239842000,0,0.00716000,28784.0400
1627459277537000,0,0.24500000,28812.5400
1627459299494000,0,0.00202000,28779.9100
1627459429567000,1,0.07535687,28664.9700
1627459429567000,1,0.07537724,28663.5500
1627459507948000,0,0.00090000,28673.6300
1627459507948000,0,0.00044000,28680.1700
1627459576038000,1,0.00369358,28680.8800
1627459609707000,1,0.00088200,28691.9400
1627459626288000,0,0.02517360,28690.8400
1627459629570000,1,0.00088200,28675.8700
1627459629699000,1,0.00001800,28675.8700
1627459663224000,0,0.00145000,28704.0200
1627459811372000,1,0.06823886,28689.8600
1627459864278000,1,0.00230000,28704.4100
1627459885185000,0,0.00164000,28716.9500
1627459940899000,0,0.01629000,28761.3900
1627460049219000,0,0.00484000,28786.6100
1627460105523000,0,0.00230000,28772.9800
1627460165611000,0,0.01771947,28751.4200
1627460305505000,0,0.00301000,28688.1800
1627460411029000,0,0.00167000,28642.7600
1627460544692000,1,0.06142513,28659.2700
1627460558198000,0,0.17044552,28665.2700
1627460592783000,1,0.00088200,28667.7100
1627460666688000,1,0.01000000,28650.2700
1627460718742000,0,0.05729672,28669.9000
1627460720648000,0,0.01817837,28669.9000
1627460806996000,0,0.00100000,28658.1700
1627460929072000,1,0.25000000,28629.2800
1627460929072000,1,0.07554126,28627.8500
1627460929072000,1,0.00423156,28627.6600
1627460929072000,1,0.49580519,28626.2200
1627460929072000,1,0.17429861,28626.2100
1627461010343000,0,0.00235000,28610.9900
1627461052325000,0,0.00173948,28600.4900
1627461092440000,1,0.05000000,28550.0000
1627461092480000,1,0.02000000,28550.0000
1627461092522000,1,0.03000000,28550.0000
1627461093266000,1,0.00280335,28547.1800
1627461093370000,1,0.00005721,28547.1800
1627461098057000,0,0.02351000,28564.1900
1627461103563000,1,0.84000000,28532.0000
1627461103615000,1,0.00618288,28532.0000
1627461129856000,0,0.01007000,28569.6400
1627461129967000,0,0.01037000,28569.6400
1627461200153000,0,0.00764008,28595.6200
1627461259515000,0,0.00553000,28605.3300
1627461298147000,0,0.00403000,28582.1600
1627461351077000,0,0.17085510,28555.2700
1627461352986000,0,0.00168000,28577.4100
1627461571436000,0,0.00220000,28609.3100
1627461584720000,0,0.00268000,28585.9500
1627461612469000,0,0.00174053,28583.2200
1627461669325000,0,0.00773000,28516.8200
1627461677369000,0,0.01345000,28513.8900
1627461680344000,1,0.03860100,28500.5700
1627461680742000,1,0.03354913,28500.5700
1627461681600000,1,0.13543945,28500.5800
1627461681600000,1,0.06434115,28500.5600
1627461681633000,1,2.53670177,28500.5600
1627461681633000,1,0.00349122,28500.0000
1627461782700000,0,0.00332353,28476.9100
1627461864077000,0,0.06587000,28449.5400
1627461895398000,0,0.01080000,28417.1500
1627461947667000,0,0.07451661,28486.0500
1627461987551000,0,0.00230000,28498.9300
1627462091237000,0,0.00192000,28519.9300
1627462135921000,0,0.00303000,28506.7600
1627462449118000,0,0.00277000,28516.7400
1627462454120000,0,0.00090000,28500.9900
1627462454120000,0,0.00090000,28508.5500
1627462454120000,0,0.00162622,28509.2500
1627462474444000,1,0.00178793,28471.4000
1627462488655000,0,0.00230000,28494.8100
1627462502616000,1,0.03000000,28476.2200
1627462502750000,1,0.02000000,28476.2200
1627462502856000,1,0.01000000,28476.2200
1627462503297000,1,0.02000000,28476.2200
1627462520305000,1,0.19000000,28449.5700
1627462554981000,1,0.00200000,28446.3400
1627462598011000,1,0.19000000,28471.0500
1627462598023000,1,0.06000000,28471.0500
1627462620344000,1,0.03000000,28459.5700
1627462620551000,1,0.02000000,28459.5700
1627462621010000,1,0.02000000,28459.5700
1627462624194000,1,0.18000000,28459.5700
1627462659756000,0,0.02133663,28450.9900
1627462659776000,0,0.00460243,28450.9900
1627462675523000,1,0.00181924,28429.3800
1627462695862000,0,0.02495717,28441.2500
1627462747011000,0,0.00145000,28456.1400
1627462793964000,0,0.02022000,28464.0900
1627462796344000,0,0.00092660,28464.0900
1627462817922000,0,0.00221000,28451.7600
1627462852575000,0,0.07602349,28428.2900
1627462852577000,0,0.00000001,28428.2900
1627462876434000,0,0.00438000,28478.7100
1627462877113000,1,0.00086411,28462.2600
1627462912960000,0,0.07000000,28468.4000
1627463012603000,0,0.00986000,28510.2400
1627463137943000,0,0.00363000,28563.3900
1627463206647000,0,0.01586668,28574.3200
1627463206676000,0,0.21294934,28577.2700
1627463206676000,0,0.06705066,28577.2900
1627463240687000,0,0.00230000,28619.0500
1627463243143000,0,0.04567797,28619.0500
1627463243162000,0,0.05783284,28619.0500
1627463243304000,0,0.10107370,28619.0500
1627463243334000,0,0.10106349,28619.0500
1627463243391000,0,0.08069262,28619.0500
1627463243416000,0,0.11135938,28619.0500
1627463288555000,0,0.03652000,28659.5900
1627463392279000,1,0.00290000,28578.6100
1627463453020000,0,0.00992647,28608.7300
1627463634591000,1,0.00472978,28608.1400
1627463638633000,0,0.24500000,28630.7000
1627463648717000,0,0.00311000,28612.4200
1627463650928000,0,0.00088200,28601.3200
1627463655281000,0,0.00090000,28609.9100
1627463655281000,0,0.00446000,28612.4200
1627463684828000,0,0.03406605,28621.9300
1627463725080000,1,0.03406605,28612.9000
1627463725168000,0,0.00082684,28638.8800
1627463793022000,0,0.00275000,28577.7300
1627463830618000,0,0.00088200,28558.2400
1627463830644000,0,0.00001800,28558.2400
1627463830897000,0,0.00090000,28564.3600
1627463845006000,0,0.00207000,28571.5000
1627463875934000,0,0.00236709,28581.4400
1627463878045000,0,0.00430000,28581.4400
1627463995043000,1,0.07561408,28575.1200
1627463995044000,1,0.00000001,28575.1200
1627464009860000,0,0.02013000,28591.2300
1627464016477000,0,0.01757206,28582.2400
1627464086973000,1,0.07197711,28576.6100
1627464127222000,1,0.01756055,28601.6000
1627464147570000,0,0.00265114,28659.0100
1627464160541000,0,0.03470900,28667.4900
1627464160598000,0,0.00867707,28667.4900
1627464229139000,0,0.24500000,28684.7400
1627464268117000,1,0.00360807,28669.9400
1627464287459000,1,0.15000000,28679.7900
1627464333708000,1,0.07543060,28640.3000
1627464459052000,0,0.07540759,28666.9300
1627464783805000,0,0.00337000,28695.7900
1627464829147000,0,0.07387257,28696.0300
1627464902498000,0,0.00886000,28678.4600
1627464996697000,0,0.07385190,28685.6900
1627465046903000,0,0.24500000,28681.0500
1627465047401000,0,0.00500000,28681.0500
1627465047401000,0,0.07377503,28682.4800
1627465150317000,1,0.00230000,28674.3700
1627465170300000,1,0.00458641,28656.7600
1627465170355000,1,0.02641359,28656.7600
1627465171333000,1,0.03099999,28649.4100
1627465171361000,1,0.00000001,28649.4100
1627465222147000,1,0.02238094,28635.0200
1627465222159000,1,0.05307214,28635.0200
1627465228694000,0,0.01000000,28643.6500
1627465368432000,1,0.25000000,28632.6900
1627465368432000,1,0.07545349,28631.2600
1627465368432000,1,0.25000000,28630.2500
1627465368432000,1,0.07545915,28628.3200
1627465368432000,1,0.00090000,28627.8300
1627465368432000,1,0.34818736,28625.2100
1627465463726000,0,0.00151000,28638.4300
1627465485070000,1,0.05000000,28615.7300
1627465505204000,0,0.01000000,28639.6000
1627465505342000,0,0.01000000,28639.6000
1627465531421000,0,0.03242277,28627.4200
1627465571701000,0,0.02520018,28672.1200
1627465581913000,0,0.05117505,28690.7700
1627465590158000,0,0.45800231,28704.5600
1627465659214000,0,0.01002000,28719.0000
1627465692394000,0,0.00509833,28729.2100
1627465700775000,1,0.00247288,28707.2200
1627465722637000,0,0.06797780,28696.0000
1627465772857000,0,0.04285161,28701.5400
1627465772940000,0,0.00758055,28701.5400
1627465923909000,1,0.04661802,28683.7700
1627465923914000,1,0.02497284,28683.7700
1627465955390000,0,0.05000000,28669.7400
1627465955448000,0,0.06000000,28669.7400
1627465975837000,0,0.01000000,28677.2200
1627465976195000,0,0.03000000,28677.2200
1627465976221000,0,0.02000000,28677.2200
1627465976379000,0,0.03000000,28677.2200
1627465976407000,0,0.04000000,28677.2200
1627466033608000,0,0.03911177,28681.3300
1627466153955000,1,0.01316737,28667.2300
1627466274848000,1,0.00090000,28698.3100
1627466274848000,1,0.00059700,28691.3200
1627466311461000,0,0.01000000,28727.2400
1627466365730000,0,0.00107461,28741.6200
1627466365730000,0,0.00000001,28741.6200
1627466392465000,1,0.00225400,28778.7100
1627466453486000,1,0.04014358,28728.7800
1627466475168000,0,0.00164637,28737.6500
1627466507494000,0,0.01616000,28745.3900
1627466558765000,1,0.05390525,28743.9500
1627466565432000,0,0.00090000,28737.6000
1627466565432000,0,0.04976922,28739.9100
1627466635981000,0,0.25000000,28749.7700
1627466635981000,0,0.07521635,28751.2000
1627466635981000,0,0.00090000,28754.2700
1627466635981000,0,0.07521145,28754.3900
1627466635981000,0,0.07520777,28757.3900
1627466635981000,0,0.00090000,28760.8700
1627466635981000,0,0.03100000,28761.5800
1627466635981000,0,0.00090000,28767.4900
1627466635981000,0,0.09600000,28784.0300
1627466635981000,0,0.24441723,28794.6900
1627466674318000,0,0.00167000,28731.4500
1627466675152000,0,0.00134000,28730.7900
1627466726666000,0,0.01668000,28743.6200
1627466822243000,0,0.01167000,28757.8100
1627466877073000,1,0.03600362,28787.6100
1627466887006000,0,0.00230000,28815.5500
1627466890146000,1,0.00868055,28816.6400
1627466904492000,0,0.00075487,28832.3800
1627466904524000,0,0.00001541,28832.3800
1627466904524000,0,0.00388459,28846.9300
1627466924635000,1,0.00090000,28846.9500
1627466924635000,1,0.00777302,28844.8800
1627466932427000,1,0.00230000,28886.5400
1627466933878000,1,0.00748024,28858.3100
1627466947363000,0,0.00090000,28907.7700
1627466947363000,0,0.00090000,28918.2100
1627466947363000,0,0.00806180,28922.2300
1627466955610000,1,0.00865800,28890.8200
1627466972696000,1,0.00786808,28903.8100
1627467005731000,0,0.00090000,28880.5500
1627467005731000,0,0.11962584,28894.9900
1627467006346000,1,0.07484984,28858.8600
1627467006346000,1,0.00000001,28858.8600
1627467077183000,0,0.00300000,28861.4300
1627467077399000,0,0.00470400,28861.4300
1627467077591000,0,0.02869600,28861.4300
1627467115402000,0,0.00090000,28874.6100
1627467115402000,0,0.00090000,28880.0500
1627467115402000,0,0.00090000,28886.2000
1627467115402000,0,0.00893000,28889.0500
1627467134180000,1,0.00347000,28877.4700
1627467166151000,0,0.00502000,28956.7600
1627467170960000,1,0.00090000,28945.7200
1627467170960000,1,0.00774304,28938.5000
1627467208131000,1,0.00784332,28952.8300
1627467209480000,1,0.06682642,28952.8300
1627467224383000,1,0.00822738,28980.3800
1627467238162000,0,0.00658680,28997.5400
1627467261030000,0,0.14418979,29000.0000
1627467261193000,0,0.85581021,29000.0000
1627467261193000,0,0.00076989,29000.0000
1627467269882000,0,0.01289492,29006.7700
1627467276221000,0,0.00090000,29008.7400
1627467276221000,0,0.00252986,29010.3400
1627467288786000,0,0.03330322,29014.3100
1627467372233000,0,0.00630000,28927.9600
1627467388448000,0,0.02564597,28944.4000
1627467402279000,1,0.01000000,28931.7400
1627467402398000,1,0.00539200,28931.7400
1627467408780000,0,0.00163610,28924.2500
1627467449229000,0,0.05969000,29008.3400
1627467551435000,0,0.00282800,28942.4100
1627467580483000,0,0.03313000,28954.4900
1627467595346000,1,0.07473579,28931.7400
1627467595346000,1,0.07473741,28928.4200
1627467595346000,1,0.10000000,28928.4200
1627467595346000,1,0.00090000,28926.9300
1627467595346000,1,0.10000000,28924.8700
1627467595346000,1,0.07474661,28924.7700
1627467595346000,1,0.00450019,28921.3800
1627467628323000,0,0.00623000,28920.2000
1627467656491000,0,0.12563796,28898.2000
1627467656700000,0,0.00256403,28898.2000
1627467656837000,0,0.00000001,28898.2000
1627467684600000,0,0.07335785,28909.1700
1627467688046000,0,0.07334114,28912.3300
1627467688719000,0,0.00498000,28912.2200
1627467703450000,0,0.01656000,28947.5600
1627467703718000,0,0.23344000,28947.5600
1627467703718000,0,0.04154449,28949.0000
1627467725053000,0,0.02018300,28943.8300
1627467736375000,0,0.07326661,28939.0700
1627467748812000,1,0.00090000,28935.2100
1627467748877000,0,0.00150000,28925.8100
1627467748891000,0,0.00002300,28925.8100
1627467749198000,0,0.00519500,28946.4200
1627467770361000,0,0.00930200,28955.4900
1627467772708000,0,0.07471375,28959.3800
1627467773059000,0,0.00629000,28962.9200
1627467801205000,0,0.07470371,28962.8300
1627467824392000,0,0.24500000,28992.2700
1627467832460000,0,0.00088200,28998.5200
1627467841116000,0,0.00088200,28987.5700
1627467850889000,0,0.00238000,28987.3800
1627467879762000,0,0.07462873,28995.6100
1627467894788000,0,0.07311654,29005.0400
1627467905322000,0,0.07312347,28999.6600
1627467905561000,0,0.00149232,28999.6600
1627467905561000,0,0.00053768,29002.7000
1627467906277000,0,0.01000000,28984.0500
1627467906323000,0,0.00001600,28984.0500
1627467917141000,0,0.07310988,29007.8600
1627467951959000,0,0.00090000,29010.5400
1627467951959000,0,0.07459293,29012.1300
1627467951959000,0,0.25000000,29015.7300
1627467951959000,0,0.00090000,29016.9100
1627467951959000,0,0.06656603,29016.9800
1627467980827000,1,0.00821958,29033.5600
1627467988454000,1,0.13170691,29014.5900
1627467988465000,1,0.14058657,29014.5900
1627467988488000,1,0.06670652,29014.5900
1627468081017000,0,0.00109858,28944.1500
1627468081428000,0,0.00140342,28944.1500
1627468185141000,1,0.00090000,28933.5700
1627468185141000,1,0.20635598,28926.4600
1627468185141000,1,0.07477130,28926.4500
1627468185141000,1,0.25000000,28925.9700
1627468185141000,1,0.03354972,28924.5200
1627468191709000,0,0.04970000,28946.6900
1627468196550000,0,0.02456511,28946.6900
1627468207471000,0,0.07474771,28951.3800
1627468207471000,0,0.07474119,28954.5800
1627468207471000,0,0.25000000,28957.9700
1627468207471000,0,0.07473183,28958.4700
1627468207471000,0,0.07475508,28961.9500
1627468207471000,0,0.07473030,28961.9700
1627468207471000,0,0.06580989,28963.5000
1627468233556000,0,0.00230000,28930.2200
1627468302179000,1,0.00094433,28958.4200
1627468333892000,0,0.00166000,28967.1700
1627468339115000,0,0.07472490,28958.8500
1627468339124000,0,0.00000001,28958.8500
1627468381938000,1,0.00322075,28911.2200
1627468391346000,1,0.00098000,28903.2000
1627468391365000,1,0.00055517,28903.2000
1627468398343000,0,0.01241600,28914.0500
1627468442136000,0,0.00095060,28894.2800
1627468442218000,0,0.05000000,28894.2800
1627468442408000,0,0.05000000,28894.2800
1627468442409000,0,0.05000000,28894.2800
1627468442743000,0,0.03613839,28894.2800
1627468442745000,0,0.00000001,28894.2800
1627468458164000,0,0.00133000,28867.4100
1627468484957000,1,0.03638100,28859.5700
1627468490811000,0,0.07492307,28882.9500
1627468490811000,0,0.03507263,28883.1000
1627468504812000,0,0.07488208,28910.7100
1627468550577000,0,0.00252815,28876.8800
1627468550953000,0,0.00497385,28876.8800
1627468640106000,0,0.07490980,28880.7800
1627468640111000,0,0.00000001,28880.7800
1627468640319000,0,0.02000000,28884.0300
1627468658535000,0,0.00564000,28914.7700
1627468680609000,0,0.01036200,28901.4200
1627468693538000,0,0.00166000,28918.7000
1627468708189000,1,0.00090000,28917.1000
1627468708189000,1,0.00185300,28909.6200
1627468708796000,0,0.01877000,28939.3400
1627468761700000,0,0.00525200,28914.1400
1627468766658000,0,0.00172600,28926.0400
1627468805367000,0,0.01725270,28911.5700
1627468833856000,0,0.00310900,28911.5700
1627468855454000,0,0.01243000,28925.6000
1627468886681000,0,0.02000000,28907.2100
1627468886698000,0,0.00043800,28907.2100
1627468902585000,1,0.00300000,28930.7000
1627468902629000,1,0.06773200,28930.7000
1627468981214000,1,0.00663300,28891.3900
1627469063498000,0,0.00300000,28915.2200
1627469178063000,1,0.04890200,28957.3200
1627469178954000,1,0.02657264,28957.3200
1627469178963000,1,0.06656579,28957.3200
1627469178970000,1,0.06658827,28957.3200
1627469178973000,1,0.03749840,28957.3200
1627469178981000,1,0.08850039,28957.3200
1627469179007000,1,0.01794553,28957.3200
1627469179011000,1,0.17372562,28957.3200
1627469179101000,1,0.00300000,28957.3200
1627469179132000,1,0.03840636,28957.3200
1627469179158000,1,0.00230000,28957.3200
1627469179159000,1,0.04571477,28957.3200
1627469179194000,1,0.04571477,28957.3200
1627469179219000,1,0.02285447,28957.3200
1627469179365000,1,0.50799362,28957.3200
1627469179842000,1,0.00147000,28957.3200
1627469180503000,1,1.13680000,28957.3200
1627469181409000,1,0.00076244,28957.3200
1627469181883000,1,0.02074170,28957.3200
1627469192918000,0,0.07468408,28958.7200
1627469192918000,0,0.00388900,28958.7600
1627469192918000,0,0.07467538,28962.1000
1627469192918000,0,0.07466173,28965.5600
1627469192918000,0,0.07466173,28968.4600
1627469192918000,0,0.00090000,28971.6000
1627469192918000,0,0.00090000,28982.8200
1627469193023000,1,0.02054091,28985.0000
1627469193039000,1,1.24484280,28985.0000
1627469193093000,1,2.69000000,28985.0000
1627469193181000,1,3.34000000,28985.0000
1627469193553000,1,1.24486837,28985.0000
1627469193784000,1,0.00122206,28985.0000
1627469193832000,1,0.03664645,28985.0000
1627469193927000,1,0.04605604,28985.0000
1627469194054000,1,1.24493451,28985.0000
1627469194520000,1,0.29400000,28985.0000
1627469194603000,1,1.24484850,28985.0000
1627469194656000,1,0.07469057,28985.0000
1627469194657000,1,0.07469057,28985.0000
1627469194657000,1,0.07469057,28985.0000
1627469194657000,1,0.07469057,28985.0000
1627469194658000,1,0.07469092,28985.0000
1627469195144000,1,1.24490391,28985.0000
1627469195144000,1,0.00980000,28985.0000
1627469195465000,1,0.00583700,28985.0000
1627469195653000,1,1.24483247,28985.0000
1627469195754000,1,0.02646000,28985.0000
1627469195758000,1,0.07469057,28985.0000
1627469195761000,1,0.07469057,28985.0000
1627469195761000,1,0.07469057,28985.0000
1627469196176000,1,1.24483286,28985.0000
1627469196441000,1,0.00175126,28985.0000
1627469196706000,1,1.24484935,28985.0000
1627469196865000,1,0.07469057,28985.0000
1627469196866000,1,0.07468998,28985.0000
1627469197177000,1,0.07154000,28985.0000
1627469197811000,1,0.00090944,28985.0000
1627469198284000,1,0.07469057,28985.0000
1627469198607000,1,0.00129297,28985.0000
1627469199123000,1,0.00305762,28985.0000
1627469199788000,1,0.19614994,28985.0000
1627469200246000,1,0.07469057,28985.0000
1627469200441000,1,0.10094000,28985.0000
1627469201163000,1,0.00920318,28985.0000
1627469201397000,1,0.07468962,28985.0000
1627469201399000,1,0.07469035,28985.0000
1627469201775000,1,0.03920000,28985.0000
1627469202456000,1,0.00246274,28985.0000
1627469203109000,1,0.16660000,28985.0000
1627469203442000,1,0.07469134,28985.0000
1627469203451000,1,0.07468796,28985.0000
1627469203922000,1,0.00583700,28985.0000
1627469204028000,1,0.06860000,28985.0000
1627469204761000,1,0.07350000,28985.0000
1627469204831000,1,0.07468796,28985.0000
1627469204832000,1,0.07469134,28985.0000
1627469205100000,1,0.00098000,28985.0000
1627469206302000,1,0.07468231,28985.0000
1627469206306000,1,0.07468796,28985.0000
1627469206514000,1,0.00432670,28985.0000
1627469207116000,1,0.19606958,28985.0000
1627469207832000,1,0.07468279,28985.0000
1627469207833000,1,0.07468796,28985.0000
1627469208233000,1,0.06370000,28985.0000
1627469208629000,1,0.12544000,28985.0000
1627469209212000,1,0.00588000,28985.0000
1627469209673000,1,0.07468796,28985.0000
1627469209676000,1,0.07468815,28985.0000
1627469209794000,1,0.04802000,28985.0000
1627469210449000,1,0.18718000,28985.0000
1627469210832000,1,0.07468796,28985.0000
1627469210834000,1,0.07468815,28985.0000
1627469211253000,1,0.00196000,28985.0000
1627469211871000,1,0.23716000,28985.0000
1627469212473000,1,0.02936178,28985.0000
1627469212831000,1,0.07468796,28985.0000
1627469212833000,1,0.07468815,28985.0000
1627469213108000,1,0.00882000,28985.0000
1627469213987000,1,0.00098000,28985.0000
1627469214607000,1,0.09996000,28985.0000
1627469214830000,1,0.07468796,28985.0000
1627469214833000,1,0.06902630,28985.0000
1627469239953000,1,0.21462000,28918.3700
1627469240237000,1,0.01340836,28918.3700
1627469240570000,1,0.02197164,28918.3700
1627469243311000,0,0.07477916,28943.6400
1627469243311000,0,0.07477916,28947.1500
1627469243311000,0,0.02294668,28957.1600
1627469245202000,1,0.00162386,28917.3200
1627469245542000,1,0.00102410,28917.3200
1627469264350000,0,0.01011057,28943.6400
1627469265936000,1,0.07000000,28923.8400
1627469265947000,1,0.00477301,28923.8400
1627469266139000,1,0.00392000,28923.8400
1627469266302000,1,0.04000000,28923.8400
1627469266418000,1,0.03085301,28923.8400
1627469268112000,1,0.07000000,28923.8400
1627469268719000,1,0.07328121,28919.1700
1627469269533000,1,0.00149553,28919.1700
1627469269979000,1,0.05000000,28919.1700
1627469271330000,1,0.02000000,28915.8800
1627469271958000,1,0.24500000,28917.3200
1627469272664000,1,0.07478024,28918.7900
1627469274091000,1,0.07000000,28918.7900
1627469274132000,1,0.00478024,28918.7900
1627469274666000,1,0.10000000,28917.3200
1627469275946000,1,0.01220786,28915.8800
1627469278345000,1,0.00784000,28917.3200
1627469278775000,1,0.19012000,28917.3200
1627469281576000,1,0.00882000,28913.6600
1627469291579000,1,0.07324047,28912.2200
1627469291623000,0,0.00149000,28931.7000
1627469291707000,1,0.00149470,28912.2200
1627469293141000,1,0.05096000,28912.2200
1627469298293000,1,0.00098000,28921.0600
1627469298650000,1,0.01176000,28921.0600
1627469299059000,1,0.06203834,28921.0600
1627469300547000,1,0.07328277,28921.0600
1627469300942000,1,0.00149557,28921.0600
1627469313456000,1,0.07317871,28960.9700
1627469323677000,1,0.07000000,28978.9600
1627469323689000,1,0.00463619,28978.9600
1627469324877000,1,0.07000000,28986.8700
1627469324901000,1,0.00461726,28986.8700
1627469325676000,1,0.05000000,28982.8100
1627469326357000,1,0.02000000,28982.8100
1627469326421000,0,0.00539000,29005.8400
1627469327034000,1,0.00453367,28982.8100
1627469329056000,1,0.07000000,28987.5800
1627469329178000,1,0.00460479,28987.5800
1627469334590000,1,0.07000000,28983.1600
1627469337238000,1,0.00088200,28977.7100
1627469337428000,1,0.00001800,28977.7100
1627469338678000,1,0.01000000,28982.3900
1627469338704000,1,0.04900000,28982.3900
1627469339282000,1,0.01000000,28982.3900
1627469343185000,1,0.06224200,28979.0100
1627469346917000,1,0.00088200,28997.4500
1627469347067000,1,0.07000000,28994.7800
1627469347116000,1,0.00458112,28994.7800
1627469347437000,1,0.07000000,28990.5700
1627469347544000,1,0.00459387,28990.5700
1627469354835000,1,0.02935215,28972.3500
1627469359927000,1,0.01225400,28980.0900
1627469363414000,0,0.00296700,28986.4700
1627469376182000,1,0.02000000,28979.9900
1627469376390000,1,0.07458329,28972.3200
1627469387723000,1,0.07000000,28967.8400
1627469387731000,1,0.00465263,28967.8400
1627469387832000,0,0.00169000,28985.8900
1627469394685000,1,0.01000000,28961.6300
1627469394715000,1,0.05096000,28961.6300
1627469394759000,1,0.03000000,28961.6300
1627469426269000,1,0.03000000,28959.2400
1627469426289000,1,0.04467131,28959.2400
1627469456818000,1,0.07323269,28939.3900
1627469505345000,1,0.24500000,28976.8200
1627469510326000,1,0.24500000,28976.8200
1627469530610000,1,0.24500000,28973.1900
1627469535590000,1,0.07314158,28976.6400
1627469535819000,1,0.07314158,28976.6400
1627469536012000,1,0.07314158,28976.6400
1627469540651000,1,0.02703193,28978.1700
1627469540662000,1,0.00191394,28978.1700
1627469543265000,1,0.09604480,28975.6400
1627469543280000,1,0.09604480,28975.6400
1627469545540000,1,0.25000000,28975.2600
1627469545540000,1,0.06814158,28975.2000
1627469546988000,1,0.07462888,28978.3800
1627469548283000,1,0.07462888,28978.3800
1627469549193000,1,0.00636284,28975.2900
1627469550510000,1,0.00649269,28975.2000
1627469560502000,0,0.00662000,28990.3800
1627469567411000,1,0.07313117,28975.1800
1627469573530000,0,0.00496000,28992.0200
1627469585678000,0,0.17851009,29003.6800
1627469607039000,1,0.24500000,28984.8800
1627469625925000,0,0.16674429,29015.6400
1627469649710000,0,0.00585000,29017.6300
1627469721639000,1,0.05000000,29009.3800
1627469750977000,1,0.06000000,29003.2000
1627469750986000,1,0.01454827,29003.2000
1627469760978000,1,0.00645624,29011.4400
1627469760999000,1,0.01000000,29011.4400
1627469761112000,1,0.05806653,29011.4400
1627469766585000,1,0.07000000,29019.2300
1627469766607000,1,0.00450044,29019.2300
1627469775867000,0,0.03099999,29048.0800
1627469775869000,0,0.00000001,29048.0800
1627469775869000,0,0.08853281,29053.0000
1627469775886000,0,0.12040275,29053.0000
1627469775886000,0,0.07955216,29053.0100
1627469779245000,1,0.00225400,29066.8500
1627469779955000,1,0.00004600,29066.8500
1627469800091000,1,0.00090000,29060.7700
1627469800091000,1,0.00770585,29055.5900
1627469801616000,0,0.00170000,29105.9900
1627469803002000,0,0.00004775,29105.9900
1627469809486000,0,0.00090000,29095.0200
1627469809486000,0,0.00083000,29100.9800
1627469824737000,0,0.00090000,29033.5000
1627469824737000,0,0.00090000,29037.0000
1627469824737000,0,0.00090000,29043.9700
1627469824737000,0,0.00077000,29048.0200
1627469855461000,1,0.07000000,29069.3500
1627469855494000,1,0.00437353,29069.3500
1627469856850000,1,0.07290093,29064.9900
1627469857712000,1,0.07000000,29060.6200
1627469863424000,1,0.07291851,29057.3000
1627469863592000,1,0.00148813,29057.3000
1627469879586000,1,0.06000000,29023.6400
1627469879612000,1,0.01443192,29023.6400
1627469892892000,1,0.02498322,29019.0100
1627469892908000,1,0.02498322,29019.0100
1627469901150000,1,0.07000000,29013.6400
1627469901187000,1,0.00453081,29013.6400
1627469901301000,1,0.01970812,29013.6400
1627469901323000,1,0.02229696,29013.6400
1627469901899000,1,0.03000000,29013.6400
1627469903588000,1,0.00247522,29013.6400
1627469903707000,1,0.00005051,29013.6400
1627469905237000,1,0.07304019,29013.6400
1627469911060000,1,0.07000000,29013.5200
1627469911105000,1,0.00452711,29013.5200
1627469916006000,1,0.07302836,29016.4300
1627469918256000,1,0.12000000,28996.3900
1627469918681000,1,0.35000000,28996.3900
1627469954758000,0,0.00265000,28985.7700
1627470003345000,1,0.07462883,28952.4100
1627470015488000,1,0.04547200,28933.6300
1627470019312000,1,0.13886385,28933.2700
1627470022947000,1,0.00185024,28942.6400
1627470023082000,1,0.07320288,28939.3000
1627470023258000,1,0.00149394,28939.3000
1627470023786000,1,0.00731955,28935.8900
1627470028915000,1,0.00490000,28923.1400
1627470034863000,1,0.01372000,28934.1500
1627470035684000,1,0.25000000,28930.9200
1627470035684000,1,0.06821379,28930.2700
1627470047212000,1,0.00206892,28923.6100
1627470061576000,1,0.06272000,28918.8100
1627470061986000,1,0.00218723,28919.0100
1627470068032000,1,0.00164064,28922.6500
1627470070000000,1,0.07473601,28919.0500
1627470070186000,1,0.00126396,28916.0400
1627470084426000,1,0.04000000,28902.7000
1627470084534000,1,0.05000000,28902.7000
1627470100327000,1,0.00110544,28918.5600
1627470100624000,1,0.00906500,28918.5600
1627470101252000,1,0.00318402,28918.5600
1627470101762000,1,0.00358386,28918.5600
1627470114254000,1,0.07325321,28914.1400
1627470115591000,1,0.00146506,28914.1400
1627470115599000,1,0.00002990,28914.1400
1627470143872000,1,0.00088200,28921.3800
1627470259136000,1,0.00392000,28962.9300
1627470259413000,1,0.07071653,28962.9300
1627470263676000,1,0.07314380,28962.9300
1627470263704000,1,0.00149273,28962.9300
1627470269085000,0,0.00331000,28975.6700
1627470361984000,0,0.00397000,28996.7500
1627470544979000,1,0.07000000,29056.4700
1627470545017000,1,0.00439466,29056.4700
1627470581922000,1,0.00859845,29082.6900
1627470609020000,0,0.00989000,29083.6500
1627470649297000,1,0.00859106,29106.9400
1627470649747000,0,0.07263217,29138.9600
1627470649752000,0,0.12016534,29138.9600
1627470729898000,0,0.00090000,29107.3700
1627470729898000,0,0.00283000,29113.6700
1627470779240000,0,0.00181000,29117.5400
1627470809158000,0,0.00090000,29087.7500
1627470809158000,0,0.06617167,29089.3300
1627470809244000,1,0.00359103,29066.9300
1627470859571000,1,0.00992223,29061.0000
1627470863781000,0,0.07440465,29088.4000
1627470863781000,0,0.07443258,29097.7500
1627470863781000,0,0.00090000,29100.5500
1627470863781000,0,0.07442420,29101.0300
1627470911688000,1,0.00819260,29132.1000
1627470922937000,1,0.10000000,29126.2600
1627470922937000,1,0.06298535,29125.5300
1627470959825000,0,0.25000000,29072.6900
1627470959825000,0,0.04450468,29078.9900
1627471014626000,1,0.05000000,29037.1700
1627471080136000,0,0.00099000,29088.7000
1627471210716000,0,0.01677930,29099.9700
1627471308342000,1,0.07000000,29065.2200
1627471308381000,1,0.07442132,29061.9200
1627471322380000,0,0.00679000,29078.9500
1627471396313000,1,0.07000000,29085.4600
1627471405014000,0,0.00346000,29124.4700
1627471424295000,1,0.07000000,29121.2800
1627471464943000,1,0.07278472,29123.2100
1627471493157000,0,0.00102425,29143.0600
1627471503727000,1,0.00110000,29118.7300
1627471521075000,0,0.01675676,29155.0100
1627471538696000,1,0.00857633,29156.1400
1627471605120000,0,0.06911000,29151.9300
1627471641808000,0,0.00097436,29154.3600
1627471641893000,1,0.00407115,29135.0300
1627471690444000,1,0.00723421,29188.7000
1627471745434000,0,0.00658000,29188.1300
1627471809581000,0,0.00360000,29198.1200
1627471818875000,0,0.00131000,29178.4700
1627471827976000,1,0.25000000,29159.1500
1627471832008000,0,0.00822000,29205.4300
1627471874675000,0,0.07412924,29219.9900
1627471874675000,0,0.07412102,29222.7600
1627471875181000,0,0.07409234,29240.2100
1627471875181000,0,0.40590766,29247.4000
1627471875435000,0,0.04409234,29247.4000
1627471877139000,0,0.00200000,29303.6900
1627471877429000,0,0.00099861,29303.6900
1627471877429000,0,0.00130139,29308.9900
1627471878428000,0,0.00230000,29308.9900
1627471878848000,0,0.15928114,29308.9900
1627471880218000,1,0.02292475,29277.3200
1627471890471000,1,0.02015277,29348.8500
1627471892957000,0,0.00090000,29424.3100
1627471892957000,0,0.00090000,29428.1000
1627471892957000,0,0.00063266,29439.0200
1627471896941000,1,0.00090000,29395.8200
1627471896941000,1,0.00090000,29391.7600
1627471896941000,1,0.00090000,29385.6100
1627471896941000,1,0.01025885,29381.1300
1627471903220000,1,0.00459765,29402.3400
1627471933420000,0,0.01043999,29400.0100
1627471933427000,0,0.00000001,29400.0100
1627471939579000,0,0.02354000,29430.0100
1627471967399000,1,0.07355156,29402.0700
1627471983451000,0,0.02820670,29431.1000
1627471983565000,0,0.01432546,29431.1000
1627472002769000,0,0.00090000,29479.2400
1627472002769000,0,0.22014816,29482.3200
1627472012716000,0,0.01303000,29454.2100
1627472012784000,0,0.05064000,29454.2100
1627472017764000,1,0.00090000,29451.6000
1627472017764000,1,0.00367899,29448.2200
1627472024297000,1,0.00457899,29475.5400
1627472055189000,1,0.04861796,29392.6400
1627472055234000,1,0.00200000,29392.6400
1627472108935000,1,0.00100000,29432.9800
1627472113878000,1,0.00001416,29432.9800
1627472113878000,1,0.07347450,29407.7500
1627472113941000,1,0.00001417,29407.7500
1627472194134000,0,0.00132922,29398.3000
1627472208148000,1,0.07359504,29386.1800
1627472208216000,1,0.00000001,29386.1800
1627472215310000,1,0.00556333,29344.1700
1627472276901000,0,0.00327000,29374.7600
1627472288757000,0,0.00090000,29377.4800
1627472288757000,0,0.00090000,29383.4400
1627472288757000,0,0.03674000,29384.4700
1627472301525000,1,0.00230000,29372.1700
1627472324593000,0,0.09357185,29388.4300
1627472324849000,1,0.00352296,29369.3900
1627472338586000,0,0.01272928,29385.0200
1627472407576000,0,0.00489000,29386.9700
1627472473522000,1,0.07378753,29319.7100
1627472473522000,1,0.07379501,29316.6400
1627472473522000,1,0.07380108,29313.5600
1627472473522000,1,0.00090000,29302.3700
1627472473522000,1,0.07378254,29302.2300
1627472473522000,1,0.07378815,29298.9500
1627472473522000,1,0.00090000,29295.5200
1627472473522000,1,0.03100000,29292.7100
1627472473522000,1,0.21457556,29287.0400
1627472473522000,1,0.41122351,29287.0300
1627472500534000,1,0.00310114,29259.6100
1627472500534000,1,0.07385201,29259.6000
1627472500534000,1,0.07387218,29256.0100
1627472500534000,1,0.07388746,29249.9300
1627472500534000,1,0.00090000,29249.2000
1627472500534000,1,0.07390312,29243.2900
1627472500534000,1,0.07391725,29237.8500
1627472500534000,1,0.00090000,29235.2700
1627472500534000,1,0.03100000,29224.1600
1627472500534000,1,0.05211099,29223.8900
1627472506114000,0,0.00090000,29279.0800
1627472506114000,0,0.00090000,29284.9600
1627472506114000,0,0.00049000,29286.9400
1627472519320000,0,0.00098000,29275.3600
1627472519889000,0,0.00132000,29275.3600
1627472545038000,0,0.07385414,29315.2800
1627472558156000,1,0.00129752,29345.2400
1627472558529000,1,0.00100248,29345.2400
1627472567931000,0,0.00561000,29330.5800
1627472605433000,0,0.00232831,29341.7000
1627472690133000,0,0.01769932,29338.0800
1627472771742000,0,0.00326000,29414.3500
1627472822894000,1,0.07000000,29396.7100
1627472824377000,0,0.00090000,29401.8900
1627472824377000,0,0.00310761,29407.8500
1627472864527000,0,0.07368772,29374.3800
1627472864527000,0,0.00090000,29376.8100
1627472864527000,0,0.07367828,29378.6600
1627472864527000,0,0.00090000,29383.3300
1627472864527000,0,0.07370549,29390.4500
1627472864527000,0,0.07369296,29395.4600
1627472864527000,0,0.21457556,29411.0300
1627472864527000,0,0.16575889,29411.0400
1627472916715000,0,0.00161066,29414.6700
1627472998384000,0,0.00223005,29344.6200
1627473037135000,1,0.00225400,29388.4800
1627473037244000,1,0.00004600,29388.4800
1627473044126000,1,0.07361831,29375.6900
1627473066417000,0,0.00172000,29366.3500
1627473066467000,0,0.00172000,29366.3500
1627473118643000,0,0.00242000,29372.5300
1627473121901000,1,0.07000000,29348.4200
1627473253899000,0,0.00255000,29360.5100
1627473283796000,0,0.03386239,29384.2200
1627473299798000,1,0.07357708,29389.3000
1627473307457000,1,0.02076561,29371.0400
1627473307484000,1,0.03858979,29371.0400
1627473339071000,1,0.00088200,29337.1700
1627473397440000,0,0.03325892,29364.3200
1627473433192000,0,0.00398000,29388.5000
1627473497837000,0,0.09968290,29374.6400
1627473502036000,0,0.00090000,29369.8300
1627473502036000,0,0.01608000,29374.6400
1627473507733000,1,0.03100000,29331.7400
1627473507733000,1,0.07369089,29327.4500
1627473507733000,1,0.00100000,29326.7300
1627473507842000,1,0.00230000,29321.7400
1627473507897000,1,0.07128890,29321.7400
1627473596805000,1,0.06272314,29393.4300
1627473609661000,0,0.00979000,29404.4400
1627473631470000,0,0.00490000,29361.2100
1627473654763000,0,0.00100000,29347.7700
1627473665581000,1,0.03943000,29327.1700
1627473671250000,0,0.00679111,29376.6200
1627473685742000,1,0.24500000,29323.3000
1627473708554000,1,0.05000000,29300.0000
1627473708733000,1,0.13000000,29300.0000
1627473708734000,1,0.26000000,29300.0000
1627473709754000,1,0.00611871,29300.0100
1627473709754000,1,0.03388129,29300.0000
1627473710390000,1,0.00458903,29300.0100
1627473710390000,1,0.00541097,29300.0000
1627473719154000,1,0.00384016,29300.0100
1627473719154000,1,0.00615984,29300.0000
1627473719203000,1,0.00017391,29300.0000
1627473722212000,1,0.00273970,29294.3600
1627473722429000,1,0.00273970,29295.7400
1627473722501000,1,0.04000000,29295.7400
1627473722523000,1,0.03000000,29295.7400
1627473723003000,1,0.03000000,29295.7400
1627473781682000,1,0.00401163,29292.0100
1627473783433000,1,0.00309059,29278.6500
1627473793193000,1,0.00294133,29263.9000
1627473793233000,1,0.00006003,29263.9000
1627473813152000,1,0.01594037,29257.1400
1627473813172000,1,0.05793605,29257.1400
1627473813270000,1,0.07388986,29252.6600
1627473836880000,0,0.00203979,29267.7000
1627473849007000,0,0.00197000,29282.0900
1627473852475000,1,0.07388957,29253.7100
1627473852475000,1,0.07390129,29248.7700
1627473859584000,1,0.00090000,29205.7300
1627473859584000,1,0.13726898,29204.0300
1627473879883000,0,0.05249771,29248.6000
1627473905295000,0,0.03099999,29288.0000
1627473905321000,0,0.00000001,29288.0000
1627473919199000,0,0.00687000,29307.1300
1627473968743000,0,0.00360000,29275.6500
1627473985196000,1,0.00403313,29241.3300
1627474173006000,1,0.00302528,29236.5500
1627474175449000,1,0.00233070,29223.0200
1627474175449000,1,0.03100000,29209.3300
1627474175449000,1,0.07396266,29207.8800
1627474175449000,1,0.07397284,29203.9200
1627474221174000,1,0.00174326,29209.0100
1627474232724000,1,0.00131616,29203.3800
1627474232765000,1,0.00002686,29203.3800
1627474262102000,0,0.00295000,29254.4000
1627474278056000,0,0.00656000,29264.1400
1627474279863000,0,0.07275298,29262.1400
1627474279880000,0,0.00119774,29262.1400
1627474280020000,0,0.07394673,29266.8900
1627474329139000,0,0.00169000,29299.8800
1627474332186000,1,0.00322489,29277.8000
1627474333287000,0,0.00674000,29296.5800
1627474361048000,0,0.00418936,29305.3900
1627474361063000,0,0.06965811,29305.3900
1627474487290000,0,0.07372077,29348.6900
1627474490667000,0,0.00374000,29364.5100
1627474504245000,1,0.00090000,29308.9000
1627474504245000,1,0.00006888,29305.6900
1627474571516000,0,0.01694891,29353.5100
1627474574585000,0,0.00116561,29353.5200
1627474620468000,0,0.07370297,29353.5200
1627474620468000,0,0.25000000,29355.7700
1627474620468000,0,0.07369388,29357.2300
1627474620468000,0,0.00090000,29359.5700
1627474620468000,0,0.07369615,29360.7400
1627474620468000,0,0.03100000,29365.6400
1627474620468000,0,0.00090000,29366.7600
1627474620468000,0,0.00583223,29368.7900
1627474665168000,0,0.01663366,29363.8800
1627474705642000,0,0.07379463,29327.6300
1627474705645000,0,0.07377577,29331.9700
1627474705645000,0,0.07376426,29336.4600
1627474705893000,0,0.00300000,29340.2600
1627474706753000,0,0.01000000,29371.6200
1627474706784000,0,0.39900000,29371.6200
1627474708244000,1,0.00225400,29371.6500
1627474708357000,1,0.00004600,29371.6500
1627474725530000,1,0.07000000,29374.6900
1627474729365000,0,0.00163000,29409.9800
1627474746638000,0,0.00235000,29448.8900
1627474764853000,1,0.00089841,29459.3500
1627474766022000,1,0.00000159,29459.3500
1627474775471000,0,0.04987411,29466.1300
1627474809272000,0,0.00482081,29412.0300
1627474815903000,1,0.35000000,29351.0000
1627474815910000,1,0.00700000,29351.0000
1627474837788000,1,0.00307181,29299.8000
1627474837788000,1,0.07377833,29299.7900
1627474837788000,1,0.07370589,29293.5100
1627474837788000,1,0.00090000,29291.1700
1627474850991000,1,0.14460573,29309.4200
1627474892065000,1,0.00230000,29323.6200
1627474892066000,1,0.07141284,29323.6200
1627474906731000,1,0.00127892,29296.2800
1627474908846000,1,0.00198411,29297.7500
1627474908878000,1,0.00000001,29297.7500
1627474912048000,1,0.00101310,29281.1900
1627474961928000,1,0.07000000,29270.0400
1627474961945000,1,0.07381035,29266.0300
1627474977028000,0,0.01665354,29286.1400
1627475148002000,0,0.00098000,29342.7100
1627475157340000,0,0.00098000,29347.0700
1627475176710000,1,0.06000000,29338.8200
1627475203130000,1,0.04000000,29335.3500
1627475210675000,1,0.03000000,29337.6900
1627475211118000,1,0.01000000,29337.6900
1627475256621000,0,0.00619000,29328.6500
1627475292665000,0,0.00164000,29313.2600
1627475408803000,0,0.01666397,29327.3400
1627475691320000,1,0.07218996,29333.6900
1627475692166000,1,0.07372083,29332.4900
1627475696283000,0,0.25000000,29348.9500
1627475696283000,0,0.04409000,29350.4100
1627475766479000,1,0.02000000,29335.2100
1627475766525000,1,0.05374101,29335.2100
1627475769046000,0,0.00147000,29346.4100
1627475777018000,1,0.07000000,29311.4100
1627475777028000,1,0.00374929,29311.4100
1627475794841000,0,0.00163000,29333.6100
1627475796851000,1,0.07000000,29309.9400
1627475796853000,1,0.00378921,29309.9400
1627475814778000,1,0.00239506,29276.1300
1627475814802000,1,0.00000001,29276.1300
1627475830070000,1,0.00205718,29246.3300
1627475830081000,1,0.00000001,29246.3300
1627475841480000,1,0.06000000,29232.7100
1627475841487000,1,0.01000000,29232.7100
1627475841527000,1,0.16000000,29232.7100
1627475841790000,1,0.02000000,29232.7100
1627475844070000,0,0.00098000,29257.1000
1627475853580000,1,0.04000000,29250.1500
1627475860199000,0,0.13320381,29246.7600
1627475871187000,0,0.00345000,29236.5800
1627475921901000,1,0.02000000,29215.9400
1627475928034000,0,0.00236000,29237.6100
1627475941398000,1,0.03000000,29229.2900
1627475941457000,1,0.04000000,29229.2900
1627475981586000,1,0.00179999,29222.1900
1627475981606000,1,0.00000001,29222.1900
1627475981606000,1,0.06999999,29214.6800
1627475981737000,1,0.07399382,29205.7200
1627475983860000,0,0.00090000,29231.5100
1627475983860000,0,0.01600000,29231.5100
1627476022324000,1,0.07417240,29159.7500
1627476022324000,1,0.07119344,29155.3100
1627476023327000,1,0.07418923,29152.8100
1627476023450000,1,0.07000000,29145.6700
1627476036021000,1,0.07474141,29055.8200
1627476036305000,1,0.07000000,29034.2800
1627476077649000,1,0.07000000,29080.3300
1627476099647000,1,0.07000000,29010.9600
1627476103918000,0,0.00859450,29029.0300
1627476110821000,1,0.25000000,28986.7800
1627476114200000,1,0.07458233,28955.9600
1627476114200000,1,0.02739320,28944.6000
1627476115132000,0,0.00090000,28983.8200
1627476115132000,0,0.00770012,28998.3100
1627476118513000,0,0.00860754,28948.2100
1627476134269000,0,0.00099000,28942.7100
1627476138139000,0,0.01724061,28930.6200
1627476140413000,0,0.00090000,28912.1300
1627476140413000,0,0.06541000,28916.5500
1627476142505000,0,0.00862793,28892.1100
1627476146409000,0,0.00090000,28822.1500
1627476146409000,0,0.00090000,28829.3600
1627476146409000,0,0.01548503,28836.5600
1627476161102000,0,0.00230000,28832.2500
1627476162203000,0,0.00230000,28832.2500
1627476164472000,0,0.00230000,28832.2500
1627476165691000,0,0.00230000,28832.2500
1627476165884000,0,0.02023178,28832.2500
1627476165884000,0,0.04548038,28832.2500
1627476165886000,0,0.02809908,28832.2500
1627476165886000,0,0.19129845,28832.2500
1627476175286000,1,0.14000000,28832.6700
1627476175400000,1,0.03000000,28832.6700
1627476198274000,0,0.00092815,28808.4800
1627476214836000,1,0.03000000,28798.9600
1627476223211000,0,0.07004156,28821.1700
1627476223277000,0,0.00372248,28821.1700
1627476223277000,0,0.13551711,28821.1700
1627476223357000,0,0.05626123,28821.1700
1627476231227000,1,0.06000000,28793.4500
1627476252233000,1,0.07000000,28872.2600
1627476327041000,0,0.00698000,28860.4600
1627476342769000,1,0.21457556,28798.0000
1627476342769000,1,0.53542444,28797.9700
1627476342838000,1,0.00657556,28797.9700
1627476343742000,1,0.06916658,28784.1100
1627476343817000,1,0.04675692,28784.1100
1627476343833000,1,0.05232508,28784.1100
1627476343853000,1,0.10386505,28784.1100
1627476351479000,1,0.00090000,28809.9300
1627476351479000,1,0.09910000,28808.0900
1627476439156000,1,0.06000000,28866.2400
1627476439249000,1,0.07491658,28863.3700
1627476439284000,1,0.07492190,28862.8500
1627476476136000,1,0.00230000,28832.0200
1627476476243000,1,0.01000000,28832.0200
1627476476253000,1,0.03000000,28832.0200
1627476476262000,1,0.03270359,28832.0200
1627476554149000,0,0.07509605,28852.3300
1627476554149000,0,0.07506040,28854.2900
1627476554149000,0,0.03100000,28854.9800
1627476554149000,0,0.07505242,28858.6000
1627476554149000,0,0.00080000,28865.7900
1627476554149000,0,0.09600000,28877.8300
1627476554149000,0,0.09666334,28899.6100
1627476562523000,0,0.05011688,28839.1500
1627476568619000,1,0.07355886,28808.2800
1627476575450000,1,0.07503019,28818.7500
1627476575493000,1,0.07503019,28815.7400
1627476585541000,0,0.00090000,28748.4400
1627476585541000,0,0.00090000,28761.6500
1627476585541000,0,0.02819000,28762.5500
1627476741367000,0,0.00170000,28794.6300
1627476807004000,0,0.00853445,28695.1400
1627476816661000,1,0.01000000,28677.2900
1627476817350000,1,0.01005294,28677.2900
1627476818088000,1,0.00098000,28678.7500
1627476818719000,1,0.00132000,28678.7500
1627476818719000,1,0.00085560,28675.8900
1627476821652000,1,0.00120528,28670.7100
1627476821652000,1,0.00292882,28670.7100
1627476821840000,1,0.00008437,28670.7100
1627476822766000,1,0.00102582,28663.6500
1627476822851000,1,0.00002093,28663.6500
1627476823282000,0,0.00854193,28659.8100
1627476823444000,1,0.00089299,28653.5000
1627476823444000,1,0.00223248,28653.5000
1627476823444000,1,0.00104675,28650.7500
1627476825330000,1,0.00104675,28637.1900
1627476825330000,1,0.00179805,28637.1900
1627476826636000,1,0.00104675,28607.9000
1627476826636000,1,0.00125325,28607.9000
1627476827020000,0,0.00855032,28623.2300
1627476828244000,1,0.00007308,28607.9000
1627476831252000,0,0.00230000,28627.6000
1627476831385000,0,0.23000000,28627.6000
1627476831803000,0,0.00139375,28627.6000
1627476832004000,0,0.16000000,28627.6000
1627476857665000,1,0.00082761,28655.4600
1627476857665000,1,0.00206902,28655.4600
1627476857665000,1,0.00022416,28655.4600
1627476857665000,1,0.00515530,28655.4600
1627476905606000,1,0.00595936,28689.1300
1627476989760000,1,0.07534645,28694.6300
1627476989760000,1,0.00465355,28694.6200
1627476989764000,1,0.07066617,28694.6200
1627477064925000,1,0.00700000,28705.6900
1627477089037000,0,0.00234000,28735.2400
1627477139080000,0,0.00090000,28617.6200
1627477139080000,0,0.00747052,28623.0700
1627477141418000,1,0.05015959,28575.8700
1627477141425000,1,0.07560654,28574.4500
1627477141427000,1,0.00000001,28574.4500
1627477141427000,1,0.07561588,28570.3700
1627477141494000,1,0.00230000,28575.8800
1627477169125000,1,0.03395106,28592.5700
1627477169871000,0,0.00104000,28602.1600
1627477237028000,0,0.00837819,28588.1800
1627477245780000,0,0.00165430,28587.8200
1627477416419000,1,0.01800000,28719.1900
1627477436836000,1,0.07000000,28730.3800
1627477436983000,1,0.00523861,28730.3800
1627477437112000,0,0.00346397,28747.2900
1627477437516000,1,0.07000000,28730.3800
1627477437542000,1,0.00523861,28730.3800
1627477462221000,1,0.03911194,28706.2400
1627477466672000,1,0.01078711,28702.5300
1627477486923000,0,0.00164756,28741.8800
1627477497148000,0,0.03398094,28755.3100
1627477538227000,0,0.17668714,28770.4600
1627477538227000,0,0.08327600,28770.4700
1627477548320000,0,0.00470617,28786.3300
1627477623806000,1,0.07512464,28774.9300
1627477623812000,1,0.00000001,28774.9300
1627477657467000,0,0.00271384,28775.8600
1627477677695000,0,0.01414592,28775.2900
1627477777682000,1,0.03000000,28750.0500
1627477791647000,0,0.00420000,28754.8800
1627477868255000,0,0.00339404,28735.2400
1627477950880000,1,0.00300000,28673.9500
1627477950951000,1,0.07541372,28667.3100
1627477951069000,1,0.05224715,28662.6000
1627477951070000,1,0.00230000,28662.6000
1627477966196000,1,0.00328326,28638.6600
1627477973308000,0,0.25000000,28657.1600
1627477973308000,0,0.07557932,28658.5900
1627477973308000,0,0.07557037,28661.9500
1627477973308000,0,0.00090000,28663.2900
1627477973308000,0,0.00090000,28669.8500
1627477973308000,0,0.07556639,28672.5900
1627477973308000,0,0.25000000,28676.9600
1627477973308000,0,0.00090000,28678.3900
1627477973308000,0,0.12867000,28692.7300
1627477973308000,0,0.35500000,28696.8000
1627477973308000,0,0.85707357,28712.8100
1627477987781000,0,0.00402000,28666.3900
1627478042979000,0,0.06882242,28689.8000
1627478042988000,0,0.00660456,28689.8000
1627478077190000,1,0.07537922,28687.7200
1627478089009000,0,0.00924274,28672.5900
1627478089192000,1,0.00692077,28654.5800
1627478095044000,0,0.07546900,28670.0700
1627478095579000,1,0.00088200,28665.6800
1627478109872000,0,0.00000001,28670.0700
1627478109872000,0,0.00166999,28687.8900
1627478157637000,0,0.02966850,28751.3300
1627478173359000,0,0.02958887,28754.3400
1627478176193000,0,0.02958886,28758.0500
1627478176241000,0,0.00000001,28758.0500
1627478178761000,0,0.02958887,28762.1700
1627478178761000,0,0.00994702,28762.1700
1627478180088000,0,0.02570756,28762.1700
1627478181314000,0,0.00464840,28762.1700
1627478214062000,1,0.00088200,28708.8400
1627478214196000,1,0.00001800,28708.8400
1627478291399000,1,0.00090000,28721.9700
1627478320637000,1,0.10000000,28696.2100
1627478353784000,1,0.03621777,28674.4300
1627478412150000,0,0.03139000,28722.2900
1627478606518000,0,0.07561156,28634.9200
1627478606518000,0,0.00090000,28645.9600
1627478606518000,0,0.07566155,28647.3800
1627478606518000,0,0.07563964,28654.3100
1627478606518000,0,0.00100000,28656.0000
1627478606518000,0,0.01764725,28658.1000
1627478630673000,0,0.06804848,28657.1800
1627478648955000,0,0.00351000,28674.7000
1627478650819000,0,0.01276434,28679.9200
1627478670907000,0,0.00992020,28731.8300
1627478691180000,1,0.01000000,28704.6300
1627478752356000,0,0.25000000,28711.3900
1627478752356000,0,0.07538393,28711.4000
1627478752356000,0,0.07537561,28714.5500
1627478752356000,0,0.07536886,28718.0100
1627478752356000,0,0.07536571,28720.9200
1627478752356000,0,0.03911987,28723.8000
1627478755079000,0,0.01002000,28718.0100
1627478889535000,0,0.00635000,28702.4100
1627478902098000,1,0.02012000,28689.8500
1627478918362000,0,0.00100000,28714.7700
1627478931355000,0,0.25000000,28695.7800
1627478931491000,1,1.16000000,28696.0500
1627478931515000,1,0.00333214,28696.0500
1627479001182000,1,0.07546589,28667.8900
1627479001182000,1,0.07547463,28664.5000
1627479001237000,1,0.07548406,28660.8500
1627479021853000,0,0.07549465,28678.7600
1627479040389000,1,0.07533265,28716.3400
1627479040389000,1,0.07534702,28710.8100
1627479062751000,1,0.00170000,28688.7900
1627479092989000,0,0.00072618,28721.5800
1627479121637000,1,0.07540281,28686.9500
1627479121637000,1,0.07541099,28683.8600
1627479145043000,0,0.00134000,28663.6800
1627479157369000,1,0.19445556,28641.6900
1627479157369000,1,0.48554444,28641.6800
1627479157706000,1,0.02330006,28639.9000
1627479157708000,1,0.19960536,28639.9000
1627479157716000,1,0.18809458,28639.9000
1627479168875000,1,0.00134588,28600.9200
1627479168917000,1,0.00002747,28600.9200
1627479169558000,0,0.00327092,28614.6100
1627479176838000,1,0.00261319,28583.4600
1627479178617000,1,0.00191457,28555.6800
1627479182754000,0,0.00838771,28564.4000
1627479187423000,1,0.25000000,28540.2400
1627479189344000,0,0.00093579,28561.9200
1627479191919000,1,0.14000000,28527.3000
1627479191953000,1,0.11000000,28527.3000
1627479204757000,0,0.00402000,28537.9600
1627479211128000,0,0.00363675,28525.4100
1627479213161000,1,0.02000000,28485.9300
1627479213165000,1,0.01000000,28485.9300
1627479214544000,0,0.00839917,28514.9500
1627479218355000,0,0.00840435,28507.8500
1627479247174000,0,0.07587455,28527.2300
1627479247201000,0,0.00000001,28527.2300
1627479247294000,0,0.00300000,28531.3200
1627479273793000,0,0.10871299,28526.6400
1627479276939000,0,0.01734271,28526.6400
1627479277186000,0,0.07394430,28526.6400
1627479306809000,1,0.00088200,28560.7700
1627479307413000,0,0.02513675,28578.6700
1627479307760000,1,0.00098000,28569.4300
1627479307827000,1,0.00132000,28569.4300
1627479365937000,0,0.00262000,28611.4500
1627479397360000,0,0.00168000,28589.7200
1627479454658000,0,0.00717381,28603.5100
1627479565217000,1,0.02196000,28619.4800
1627479575551000,0,0.00852505,28651.4100
1627479605804000,1,0.00121413,28649.3300
1627479656113000,1,0.00523969,28633.8100
1627479659123000,0,0.00603000,28647.6600
1627479672925000,0,0.01339000,28666.5800
1627479731888000,0,0.04227000,28661.9900
1627479779453000,1,0.05664495,28672.3900
1627479779468000,1,0.01885314,28672.3900
1627479779634000,1,0.04000000,28660.7500
1627479837791000,0,0.10423721,28637.6600
1627479841097000,1,0.07565498,28612.2200
1627479841099000,1,0.00000001,28612.2200
1627479841182000,1,0.07564419,28608.7300
1627479841192000,1,0.00000001,28608.7300
1627479841304000,1,0.07564819,28606.3800
1627479842135000,1,0.08000000,28591.0000
1627479842474000,1,0.45000000,28591.0000
1627479866433000,0,0.00078446,28621.3900
1627479997338000,0,0.00331395,28548.7700
1627480002272000,1,0.00320041,28511.6200
1627480002277000,1,0.00000001,28511.6200
1627480048159000,0,0.01766000,28541.0200
1627480178077000,0,0.03421338,28563.2100
1627480199144000,0,0.00168000,28577.5900
1627480209248000,0,0.13409000,28610.5900
1627480228303000,0,0.07657161,28605.9900
1627480393035000,0,0.00211000,28623.4500
1627480429043000,0,0.13316486,28618.6700
1627480478527000,0,0.00275000,28625.0500
1627480479271000,0,0.03411182,28625.0500
1627480654642000,1,0.00933107,28532.7500
1627480780240000,1,0.07693920,28632.6700
1627480810667000,1,0.00613661,28613.9500
1627480851620000,1,0.07000000,28563.0900
1627480877834000,1,0.07586953,28580.2800
1627480877835000,1,0.05822047,28580.2800
1627480877835000,1,0.01763961,28580.2700
1627480877842000,1,0.07583585,28580.2700
1627480877842000,1,0.07585013,28580.2700
1627480877843000,1,0.07582653,28580.2700
1627480950948000,1,0.00072447,28516.3900
1627480991179000,0,0.07586367,28563.7500
1627480991179000,0,0.04898936,28568.3800
1627481050576000,0,0.00168000,28554.8900
1627481233548000,0,0.00235000,28565.1700
1627481290635000,0,0.00101000,28568.2000
1627481343049000,0,0.06949485,28635.7900
1627481390574000,0,0.04169429,28637.4900
1627481395595000,0,0.00135000,28635.8200
1627481514415000,0,0.02341887,28663.4700
1627481514419000,0,0.00428110,28663.4700
1627481529379000,0,0.04131173,28674.0100
1627481553353000,0,0.08565424,28687.0500
1627481553391000,0,0.03017878,28687.0500
1627481572328000,0,0.01156740,28704.4500
1627481594421000,0,0.02600797,28734.6200
1627481594423000,0,0.19989448,28734.6200
1627481594663000,1,0.00200000,28739.1600
1627481606668000,0,0.03895460,28748.6600
1627481607672000,0,0.02906681,28750.7400
1627481607767000,0,0.00059320,28750.7400
1627481608305000,0,0.02963044,28757.4000
1627481608305000,0,0.05932673,28757.4000
1627481608908000,0,0.01445437,28757.4000
1627481609106000,0,0.00029499,28757.4000
1627481641108000,1,0.18143210,28731.8300
1627481641148000,1,0.15020643,28731.8300
1627481652162000,0,0.00247000,28734.0800
1627481678270000,0,0.00230000,28738.7600
1627481684699000,1,0.07528258,28751.7800
1627481684708000,1,0.00000001,28751.7800
1627481684755000,1,0.07529868,28746.6100
1627481684755000,1,0.12431731,28746.4300
1627481684759000,1,0.02241858,28746.4300
1627481752672000,0,0.07539242,28727.6700
1627481752672000,0,0.00090000,28729.6400
1627481752672000,0,0.04259646,28731.6600
1627481760504000,1,0.07533238,28722.5300
1627481904178000,0,0.00157037,28736.2800
1627482047327000,1,0.01000000,28685.8000
1627482047537000,1,0.00100000,28685.8000
1627482049856000,1,0.02000000,28685.8000
1627482140420000,0,0.03564000,28705.3200
1627482145103000,1,0.07000000,28686.5900
1627482145132000,1,0.00544916,28686.5900
1627482148922000,1,0.03100000,28679.0600
1627482153821000,1,0.00628188,28673.9700
1627482223359000,0,0.00251000,28715.8000
1627482274071000,1,0.00628419,28697.3300
1627482376035000,0,0.00121000,28672.2000
1627482403800000,0,0.07319879,28658.9800
1627482437834000,0,0.00201000,28674.1200
1627482446665000,0,0.00833000,28671.2500
1627482453620000,1,0.00071022,28661.1100
1627482453620000,1,0.00184656,28661.1100
1627482453641000,1,0.00000001,28661.1100
1627482694669000,0,0.00300000,28618.1700
1627482694678000,0,0.07267178,28618.1700
1627482797491000,0,0.07554973,28667.4800
1627482797491000,0,0.07337747,28669.0500
1627482849463000,0,0.00327000,28630.3400
1627482866790000,1,0.00167354,28612.0300
1627482867879000,0,0.01173000,28615.6700
1627482874590000,1,0.00094141,28599.0400
1627482874590000,1,0.00535802,28593.6700
1627482994782000,1,0.00630171,28560.3700
1627483074716000,1,0.01000000,28540.2600
1627483074794000,1,0.01000000,28540.2600
1627483074907000,1,0.04000000,28540.2600
1627483145342000,0,0.00090000,28623.0700
1627483145342000,0,0.02818326,28629.5500
1627483272167000,0,0.00090000,28591.4900
1627483272167000,0,0.07569790,28591.9700
1627483281947000,0,0.00088200,28610.8000
1627483383295000,0,0.25000000,28612.4700
1627483383295000,0,0.07566095,28613.9000
1627483383295000,0,0.06762367,28617.1000
1627483491080000,1,0.00280069,28569.1500
1627483491081000,1,0.00000001,28569.1500
1627483505244000,1,0.00243161,28572.9800
1627483512749000,1,0.00201447,28572.9900
1627483515139000,1,0.00150000,28573.0000
1627483520501000,1,0.00112381,28573.0100
1627483520517000,1,0.00001205,28573.0100
1627483520517000,1,0.00001086,28573.0000
1627483520517000,1,0.00000001,28572.9900
1627483520517000,1,0.00000001,28572.9800
1627483607430000,1,0.20000000,28574.8200
1627483732791000,1,0.25000000,28633.3800
1627483767811000,0,0.07559653,28611.6100
1627483767811000,0,0.06074110,28617.3300
1627483886095000,1,0.00300000,28557.6500
1627484007711000,1,0.04377366,28489.0500
1627484007712000,1,0.03211887,28489.0500
1627484010005000,0,0.00229999,28484.9900
1627484010008000,0,0.00000001,28484.9900
1627484018537000,0,0.00106176,28522.9800
1627484025767000,0,0.00840975,28489.5400
1627484055739000,0,0.00841493,28472.0000
1627484071842000,0,0.00842390,28441.6700
1627484072389000,1,0.01000000,28400.0000
1627484072560000,1,0.11000000,28400.0000
1627484072603000,1,0.75000000,28400.0000
1627484073420000,1,0.15772639,28400.0000
1627484073426000,1,0.00000001,28400.0000
1627484075179000,0,0.00842954,28411.3300
1627484133143000,0,0.04617517,28431.3100
1627484165587000,0,0.00134789,28442.2500
1627484165617000,0,0.07474918,28442.2500
1627484167622000,0,0.03099999,28448.5000
1627484167675000,0,0.00000001,28448.5000
1627484171980000,0,0.07604931,28448.0800
1627484189915000,0,0.00000001,28448.0800
1627484189915000,0,0.07602060,28461.1000
1627484189920000,0,0.00000002,28461.1000
1627484190044000,0,0.01156228,28464.6600
1627484196516000,0,0.04050463,28466.2700
1627484196561000,0,0.03550311,28466.2700
1627484230552000,1,0.01267858,28452.1500
1627484255329000,1,0.00633403,28453.1300
1627484279037000,0,0.00166551,28489.9800
1627484316595000,1,0.00088200,28497.6400
1627484316647000,1,0.00001800,28497.6400
1627484328366000,1,0.00225400,28515.1000
1627484328550000,1,0.00004600,28515.1000
1627484375453000,1,0.00631865,28519.6100
1627484410167000,1,0.00544805,28530.4100
1627484466536000,0,0.01745792,28497.6600
1627484524620000,1,0.03093089,28441.2100
1627484547374000,0,0.07606858,28455.3800
1627484547375000,0,0.00000001,28455.3800
1627484556377000,0,0.01009000,28506.4900
1627484575159000,0,0.06720000,28546.9500
1627484581833000,0,0.00168000,28539.8000
1627484591377000,0,0.00671000,28570.0100
1627484594897000,0,0.00638000,28569.0100
1627484700972000,0,0.00298531,28517.1000
1627484731206000,1,0.00156762,28507.7000
1627484761419000,0,0.00132880,28541.3100
1627484771233000,0,0.00415000,28559.0700
1627484841695000,0,0.03322001,28496.5700
1627485095797000,1,0.00631868,28557.8200
1627485234167000,0,0.07570434,28582.0100
1627485234167000,0,0.05852566,28585.6900
1627485248953000,0,0.09068000,28560.5300
1627485272378000,0,0.07573665,28573.4300
1627485272378000,0,0.09041335,28575.5100
1627485274141000,0,0.00346000,28573.4300
1627485386346000,0,0.01630000,28590.5600
1627485455976000,0,0.00138000,28538.5600
1627485565001000,0,0.02118000,28544.8800
1627485567151000,0,0.00176000,28544.8800
1627485597924000,0,0.00772000,28555.8600
1627485649573000,0,0.00230000,28585.4300
1627485700175000,0,0.00104000,28611.6200
1627485723590000,0,0.05532934,28618.1700
1627485732848000,0,0.00321000,28599.9000
1627485773837000,1,0.00086678,28578.6200
1627485790334000,1,0.00230000,28573.7100
1627485924448000,0,0.02526589,28578.2800
1627486000983000,0,0.00101000,28606.4400
1627486074911000,0,0.02532550,28571.0900
1627486085223000,1,0.00090000,28561.8500
1627486085223000,1,0.00163337,28555.2800
1627486090064000,0,0.01238000,28582.3600
1627486095521000,0,0.00671000,28602.9100
1627486171722000,0,0.00170000,28567.5000
1627486179269000,0,0.00302000,28567.5000
1627486205699000,0,0.00099648,28574.6800
1627486305933000,0,0.00090000,28589.2300
1627486305933000,0,0.01169278,28592.8300
1627486396167000,1,0.05693035,28587.9300
1627486406268000,1,0.01259278,28584.6900
1627486436475000,0,0.01200072,28619.1600
1627486519123000,1,0.02006080,28601.4800
1627486636936000,1,0.07657000,28609.9100
1627486650185000,1,0.00761706,28614.9500
1627486783893000,1,0.04169429,28628.1800
1627486799428000,0,0.07545403,28653.8300
1627486799428000,0,0.07544874,28658.1700
1627486799428000,0,0.21042556,28662.1000
1627486799428000,0,0.07220828,28662.1100
1627486817592000,1,0.00245674,28630.8000
1627487008389000,1,0.00281021,28668.1300
1627487039725000,1,0.00088200,28692.8000
1627487051597000,0,0.25000000,28716.0500
1627487051597000,0,0.00090000,28717.4800
1627487051597000,0,0.07535171,28718.8700
1627487051597000,0,0.07534119,28722.9300
1627487051597000,0,0.07532749,28728.8600
1627487051597000,0,0.00090000,28731.4200
1627487051597000,0,0.07532444,28732.8200
1627487051597000,0,0.03100000,28738.1600
1627487051597000,0,0.02965353,28751.0000
1627487051597000,0,0.43105116,28752.9900
1627487136685000,0,0.00601000,28722.7100
1627487138442000,1,0.00098000,28732.4600
1627487138694000,1,0.00132000,28732.4600
1627487167380000,0,0.00743674,28739.7100
1627487250626000,0,0.01068000,28739.6000
1627487323309000,0,0.00167000,28689.8500
1627487409176000,0,0.01671000,28702.7800
1627487618360000,0,0.25000000,28635.0600
1627487618360000,0,0.07553451,28635.0800
1627487618360000,0,0.10823109,28637.4100
1627487730114000,0,0.00225400,28617.9500
1627488016339000,1,0.00090000,28603.5100
1627488016339000,1,0.48910000,28602.6700
1627488019324000,1,0.00088200,28592.8500
1627488248993000,0,0.00671000,28589.1900
1627488250405000,0,0.01822323,28591.4800
1627488268075000,0,0.00201000,28573.0300
1627488299076000,1,0.06000000,28566.6700
1627488310703000,1,0.01812415,28578.8100
1627488339206000,0,0.03483818,28632.6600
1627488369115000,0,0.04037000,28645.0600
1627488381913000,1,0.07551672,28612.4100
1627488424101000,1,0.03000000,28625.3800
1627488424108000,1,0.01000000,28625.3800
1627488431193000,1,0.00117963,28634.8700
1627488431280000,0,0.07547397,28653.5100
1627488431280000,0,0.00090000,28653.9100
1627488431280000,0,0.02057811,28661.5300
1627488433824000,1,0.04000000,28634.8700
1627488435894000,0,0.00199610,28660.1000
1627488514282000,0,0.00230000,28677.4700
1627488524187000,1,0.07538544,28662.8800
1627488524187000,1,0.15461456,28660.0400
1627488665908000,1,0.03200000,28655.3500
1627488706521000,1,0.02637381,28650.2600
1627488749671000,0,0.07535232,28691.3400
1627488749802000,0,0.00999053,28694.8500
1627488767225000,1,0.03000000,28722.1500
1627488767292000,1,0.04522557,28722.1500
1627488776364000,1,0.07522690,28718.6500
1627488776465000,1,0.03000000,28714.0600
1627488785428000,1,0.00126103,28678.2100
1627488785638000,1,0.00002574,28678.2100
1627488841635000,1,0.02000000,28683.7700
1627488894854000,0,0.00172000,28704.8500
1627488969316000,0,0.00207000,28672.7700
1627488987999000,1,0.06000000,28682.9500
1627489005657000,0,0.00200000,28715.4800
1627489006599000,0,0.09075591,28715.4800
1627489006663000,0,0.00724409,28715.4800
1627489012246000,0,0.01703112,28721.9100
1627489032329000,1,0.14000000,28712.8300
1627489042470000,1,0.01909120,28722.0900
1627489056540000,1,0.00490571,28719.6300
1627489072125000,1,0.07000000,28718.2000
1627489072336000,1,0.07523094,28711.4000
1627489072336000,1,0.07521947,28707.6800
1627489073597000,1,0.20000000,28698.4500
1627489074136000,1,0.05000000,28697.0000
1627489144496000,1,0.01000000,28700.3300
1627489183144000,1,0.07525527,28706.7600
1627489183144000,1,0.07526392,28703.5300
1627489209400000,0,0.00258000,28728.1800
1627489213714000,0,0.00287000,28734.6100
1627489235658000,1,0.07526550,28707.0000
1627489235725000,1,0.07526278,28703.7400
1627489235725000,1,0.07527383,28700.8100
1627489282245000,0,0.00331000,28709.1500
1627489310265000,1,0.07000000,28675.7300
1627489329211000,0,0.00100000,28687.2800
1627489335004000,1,0.07000000,28673.5700
1627489403100000,1,0.01047328,28690.6900
1627489723344000,1,0.07000000,28785.3900
1627489741385000,1,0.03200000,28742.8900
1627489747743000,0,0.00884000,28767.8100
1627489773743000,1,0.01100000,28754.7300
1627489853104000,1,0.07519678,28735.1000
1627489853104000,1,0.07520539,28731.8500
1627489853104000,1,0.04948357,28728.8000
1627489853142000,1,0.02572932,28728.8000
1627489853283000,1,0.07000000,28725.6300
1627489853495000,1,0.07520521,28711.8500
1627489906527000,0,0.07523108,28739.8200
1627489906527000,0,0.00090000,28742.5200
1627489906527000,0,0.07386892,28743.2200
1627489980030000,1,0.11000000,28696.4700
1627490004817000,0,0.00329924,28726.7500
1627490037600000,1,0.00230000,28684.3900
1627490037630000,1,0.07300411,28684.3900
1627490070735000,0,0.00120934,28693.3900
1627490309786000,0,0.00338000,28689.5000
1627490338727000,0,0.00702000,28686.5300
1627490382886000,1,0.00090000,28689.1900
1627490382886000,1,0.07530856,28686.8300
1627490382886000,1,0.16379144,28685.1600
1627490505878000,0,0.01000000,28677.4700
1627490505929000,0,0.00868862,28677.4700
1627490656942000,1,0.03488006,28711.1400
1627490659138000,1,0.00120386,28704.2500
1627490659138000,1,0.07527553,28701.0200
1627490667136000,1,0.00220968,28684.9000
1627490757371000,1,0.02007425,28675.2800
1627490770484000,0,0.00300000,28698.7600
1627490936149000,0,0.00350000,28810.3000
1627490952363000,0,0.17274224,28800.8300
1627490989663000,0,0.00233000,28777.5200
1627490992806000,0,0.07510585,28783.8900
1627490998279000,1,0.07000000,28799.5500
1627491019603000,1,0.00118424,28839.0900
1627491019801000,1,0.00100000,28839.0900
1627491019926000,1,0.00011576,28839.0900
1627491020211000,1,0.00347101,28814.4000
1627491027872000,0,0.13585358,28820.2200
1627491053953000,0,0.07501725,28824.5600
1627491053956000,0,0.00000001,28824.5600
1627491122983000,0,0.01000000,28813.5300
1627491123015000,0,0.00308177,28813.5300
1627491128472000,0,0.02356827,28838.6800
1627491130323000,0,0.00269000,28848.5800
1627491131521000,0,0.00230000,28851.4400
1627491132700000,1,0.00346981,28831.4500
1627491138732000,0,0.00173000,28865.7700
1627491141307000,1,0.00693600,28852.8600
1627491149144000,1,0.00495290,28864.7600
1627491157191000,1,0.00346380,28875.8200
1627491162269000,0,0.00454000,28895.5600
1627491176588000,0,0.00090000,28871.4700
1627491176588000,0,0.00010000,28874.6200
1627491199035000,1,0.07308370,28889.3700
1627491200272000,1,0.00090000,28902.7400
1627491200272000,1,0.00256260,28896.3400
1627491209731000,1,0.00090000,28904.5600
1627491209731000,1,0.00404715,28902.1900
1627491247656000,1,0.00148461,28914.6800
1627491259371000,0,0.00675819,28949.9700
1627491261187000,1,0.00148409,28928.0700
1627491350014000,0,0.01653197,28918.9700
1627491458313000,0,0.00090000,28901.1200
1627491458313000,0,0.00332000,28902.8900
1627491547476000,1,0.07474441,28900.2500
1627491613551000,1,0.07478087,28891.6600
1627491711020000,1,0.00532251,28867.7400
1627491800940000,0,0.00090000,28860.7500
1627491800940000,0,0.00325000,28861.2200
1627491818576000,0,0.00659052,28861.2200
1627491819025000,0,0.00013450,28861.2200
1627491901642000,0,0.00163994,28879.4200
1627491934248000,0,0.00333000,28873.5100
1627491934894000,0,0.00166000,28874.9500
1627491992280000,1,0.00259850,28912.9800
1627492028446000,0,0.00644000,28936.3300
1627492033401000,0,0.00172355,28940.1700
1627492052525000,1,0.00395052,28917.4600
1627492078625000,0,0.00172111,28905.6700
1627492140172000,0,0.02984000,28925.9500
1627492152808000,1,0.00840435,28928.2100
1627492175022000,1,0.00840532,28966.0900
1627492332884000,0,0.00182000,28998.5600
1627492333687000,1,0.00838771,28978.7800
1627492402870000,0,0.00327058,28972.0600
1627492449153000,0,0.00315000,28947.7400
1627492450110000,1,0.00112433,28931.7600
1627492450550000,1,0.00002295,28931.7600
1627492604074000,0,0.00171000,28941.6000
1627492693602000,1,0.00384000,28946.2600
1627492944103000,0,0.07482474,28895.7200
1627492944103000,0,0.06024031,28897.8300
1627493000295000,0,0.00273000,28923.8600
1627493014453000,1,0.00179085,28903.3500
1627493124743000,0,0.00163768,28946.0500
1627493154066000,0,0.01310861,28931.3600
1627493159570000,0,0.00496000,28929.6800
1627493239285000,1,0.03199999,28844.8900
1627493239286000,1,0.00000001,28844.8900
1627493240016000,0,0.00225400,28842.5800
1627493240060000,0,0.00004600,28842.5800
1627493256365000,0,0.00090000,28736.7300
1627493256365000,0,0.00070000,28749.6600
1627493256567000,1,0.25000000,28692.6000
1627493256567000,1,0.00996314,28672.9300
1627493258437000,1,0.00100000,28692.6100
1627493279534000,1,0.20000000,28628.0800
1627493299963000,0,0.00659142,28582.9500
1627493300001000,1,0.00090000,28544.9800
1627493306340000,1,0.14000000,28550.3900
1627493306342000,1,0.08000000,28550.3900
1627493306363000,1,0.03000000,28550.3900
1627493308989000,0,0.00329684,28566.1600
1627493353719000,1,0.00156601,28618.4200
1627493353728000,1,0.00000001,28618.4200
1627493353952000,1,0.00156602,28608.1900
1627493355171000,1,0.00100000,28601.3700
1627493355197000,1,0.00056602,28601.3700
1627493357140000,1,0.00406754,28562.6800
1627493365407000,0,0.00090000,28562.8600
1627493365407000,0,0.00090000,28569.5400
1627493365407000,0,0.00195649,28571.6000
1627493366643000,1,0.00090000,28543.5700
1627493366643000,1,0.00090000,28539.8500
1627493366643000,1,0.00037794,28533.9500
1627493368191000,1,0.00117600,28555.3900
1627493368589000,1,0.00002400,28555.3900
1627493369970000,0,0.00090000,28563.3900
1627493369970000,0,0.00239806,28564.3400
1627493373548000,0,0.00329956,28557.9700
1627493382536000,0,0.00330117,28541.6900
1627493395612000,1,0.00071798,28539.4000
1627493399210000,1,0.01000000,28545.1100
1627493446776000,0,0.00300000,28591.1000
1627493491506000,1,0.00090000,28521.0600
1627493491625000,1,0.07575597,28516.5400
1627493491625000,1,0.07570823,28511.5900
1627493491625000,1,0.07572229,28506.1700
1627493491625000,1,0.07573467,28501.2600
1627493498971000,0,0.00090000,28501.7500
1627493498971000,0,0.00901285,28502.0000
1627493499672000,1,0.13000000,28460.0500
1627493499856000,1,0.00300000,28460.0500
1627493500398000,1,0.00090000,28461.8600
1627493502590000,0,0.00090000,28486.9300
1627493502590000,0,0.00902352,28492.2400
1627493504589000,1,0.09818669,28440.5200
1627493506479000,0,0.00330838,28482.7800
1627493561619000,0,0.00090000,28458.3700
1627493561619000,0,0.00572270,28461.3300
1627493564952000,0,0.00331222,28447.0000
1627493569773000,0,0.00994553,28429.2200
1627493582388000,1,0.05104888,28430.7000
1627493582388000,1,0.19895112,28430.7000
1627493606366000,1,0.00090000,28449.6700
1627493606366000,1,0.00560000,28444.1500
1627493618009000,0,0.00118000,28492.7000
1627493697562000,0,0.00135000,28471.2100
1627493748455000,1,0.07609094,28379.6700
1627493748797000,1,0.16000000,28366.7700
1627493749117000,1,0.33000000,28362.5600
1627493750296000,0,0.00230000,28383.3100
1627493755814000,0,0.00663526,28408.6200
1627493766857000,0,0.00199518,28429.8400
1627493767535000,1,0.00090000,28405.2400
1627493767535000,1,0.00090000,28403.5800
1627493767535000,1,0.00090000,28397.2900
1627493767535000,1,0.07608174,28391.0500
1627493767535000,1,0.00090000,28385.3600
1627493767535000,1,0.07610443,28383.1000
1627493767535000,1,0.07534455,28380.9200
1627493880484000,0,0.00331937,28384.5500
1627493884608000,0,0.00996923,28343.7000
1627493898689000,0,0.00090000,28308.1600
1627493898689000,0,0.01240811,28318.1100
1627493902232000,0,0.00332903,28304.0200
1627493941597000,0,0.00256000,28338.1600
1627494013381000,1,0.07000000,28332.5000
1627494026572000,0,0.00094408,28312.3800
1627494066916000,0,0.07640281,28337.1300
1627494112584000,0,0.00332933,28299.0300
1627494112981000,1,0.01636634,28270.6500
1627494116590000,1,0.07648138,28231.2200
1627494116590000,1,0.12334337,28231.1600
1627494116594000,1,0.00733663,28231.1600
1627494116824000,1,0.07646043,28223.7800
1627494116841000,1,0.07646865,28220.7400
1627494116841000,1,0.03353135,28213.7400
1627494125790000,0,0.00090000,28243.5000
1627494125790000,0,0.00813260,28243.6700
1627494127692000,0,0.00229999,28240.0000
1627494135718000,0,0.00301133,28239.9300
1627494138549000,0,0.00000001,28240.0000
1627494156428000,0,0.00679000,28243.9700
1627494173358000,0,0.00090000,28201.4100
1627494173358000,0,0.00090000,28207.4100
1627494173358000,0,0.00422742,28210.7400
1627494189130000,0,0.00136000,28199.0100
1627494197575000,0,0.00301510,28198.7800
1627494203908000,0,0.00301644,28179.0800
1627494206957000,0,0.00688742,28185.8900
1627494206962000,0,0.19995231,28185.8900
1627494206967000,0,0.19995231,28185.8900
1627494206992000,0,0.03160178,28185.8900
1627494207155000,0,0.08870151,28185.8900
1627494207232000,0,0.00230000,28185.8900
1627494207233000,0,0.00300000,28185.8900
1627494207298000,0,0.04760467,28185.8900
1627494418151000,0,0.06881064,28315.2400
1627494458178000,0,0.00090000,28312.4800
1627494458178000,0,0.00011949,28313.1900
1627494577795000,1,0.07636190,28280.4500
1627494609108000,0,0.04071000,28275.5700
1627494673545000,0,0.36358000,28182.0900
1627494673607000,0,0.00432401,28182.0900
1627494673622000,0,0.00309599,28182.0900
1627494682517000,0,0.00090000,28177.0100
1627494682517000,0,0.00211702,28177.6400
1627494685212000,1,0.00090000,28146.3300
1627494685247000,1,0.07677243,28138.9900
1627494685301000,1,0.00090000,28145.2600
1627494685307000,1,0.07677784,28132.5200
1627494685508000,1,0.00300000,28131.0600
1627494685621000,1,0.07375386,28131.0600
1627494685621000,1,0.07678176,28120.6400
1627494685621000,1,0.07675440,28119.4300
1627494685756000,0,0.00301784,28137.5900
1627494690230000,0,0.01209270,28114.9500
1627494708889000,1,0.00230000,28111.8700
1627494727330000,1,0.00090000,28086.7000
1627494727330000,1,0.07688606,28086.5900
1627494727330000,1,0.07458996,28083.0300
1627494727333000,1,0.00230590,28083.0300
1627494730421000,0,0.00512000,28117.7700
1627494768637000,0,0.18000000,28111.3800
1627494768643000,0,0.09385422,28111.3800
1627494768655000,0,0.10614578,28111.3800
1627494775760000,1,0.04507999,28017.5100
1627494775760000,1,0.03194589,28017.5100
1627494780666000,0,0.00095271,28065.0200
1627494780794000,0,0.12000000,28065.0200
1627494780797000,0,0.00880729,28065.0200
1627494781833000,0,0.00103000,28088.0900
1627494797720000,1,0.00090000,28062.0200
1627494797720000,1,0.07698515,28061.7200
1627494797720000,1,0.01915627,28054.8800
1627494797903000,1,0.00230000,28054.8800
1627494798074000,0,0.00142409,28072.8100
1627494800504000,0,0.00290263,28051.8900
1627494818062000,0,0.06124833,28064.8100
1627494818217000,0,0.07710181,28067.0100
1627494859441000,0,0.07688935,28125.9500
1627494859441000,0,0.07694175,28131.1100
1627494859441000,0,0.07693236,28134.4100
1627494859441000,0,0.07691320,28141.1200
1627494859441000,0,0.00090000,28146.5300
1627494859441000,0,0.03200000,28147.3300
1627494859441000,0,0.00739617,28150.1700
1627494953774000,0,0.00256000,28114.4100
1627494962469000,1,0.03249587,28074.2200
1627494990059000,1,0.00090000,28023.1500
1627494990059000,1,0.00090000,28017.3600
1627494990059000,1,0.00056123,28013.4700
1627495077736000,0,0.00090000,28135.5400
1627495077736000,0,0.00160303,28149.6000
1627495077736000,0,0.01521702,28149.6100
1627495096959000,1,0.25000000,28093.0100
1627495096959000,1,0.00090000,28091.6100
1627495096959000,1,0.07691005,28086.2500
1627495096959000,1,0.00090000,28085.8900
1627495096959000,1,0.25000000,28081.5800
1627495096959000,1,0.07692442,28080.9400
1627495096959000,1,0.00090000,28080.1800
1627495096959000,1,0.07693232,28075.2800
1627495096959000,1,0.00090000,28073.6200
1627495096959000,1,0.07694745,28068.8000
1627495096959000,1,0.07696387,28062.4500
1627495096959000,1,0.03200000,28030.5400
1627495096959000,1,0.06100000,28027.2600
1627495096959000,1,0.06357141,28010.9400
1627495114186000,0,0.00090000,28110.0100
1627495114186000,0,0.01377000,28114.2600
1627495123275000,1,0.07691237,28086.9100
1627495123275000,1,0.00090000,28084.9000
1627495123275000,1,0.07692956,28080.0500
1627495123275000,1,0.07691414,28080.0400
1627495123275000,1,0.00090000,28078.3200
1627495123275000,1,0.00090000,28071.8900
1627495123275000,1,0.07691456,28068.4200
1627495123275000,1,0.03200000,28067.4200
1627495123275000,1,0.07692470,28064.8700
1627495123275000,1,0.09500000,28035.9300
1627495123275000,1,0.13165000,28021.8200
1627495123275000,1,0.02366010,28010.9500
1627495123275000,1,0.08039457,28010.9400
1627495139229000,0,0.14110127,28105.5700
1627495139260000,0,0.07347429,28105.5700
1627495166546000,1,0.07000000,28077.7600
1627495166588000,1,0.00230000,28077.7600
1627495170760000,0,0.04386585,28072.3500
1627495171695000,0,0.07312913,28072.3500
1627495171744000,0,0.19395872,28072.3500
1627495171764000,0,0.08670482,28072.3500
1627495171785000,0,0.04463210,28072.3500
1627495171879000,0,0.00300000,28072.3500
1627495190378000,1,0.00090000,28072.7100
1627495190378000,1,0.07210514,28069.3800
1627495205950000,0,0.00088200,28062.5700
1627495206309000,0,0.00001800,28062.5700
1627495206463000,0,0.01000000,28067.3800
1627495206511000,0,0.06000000,28067.3800
1627495206937000,0,0.00090000,28062.9600
1627495206937000,0,0.17910000,28067.3800
1627495206951000,0,0.00090000,28067.3800
1627495207784000,0,0.00090000,28059.3800
1627495207784000,0,0.00086400,28061.4900
1627495213795000,1,0.01070068,28000.0800
1627495213795000,1,0.98929932,28000.0000
1627495213966000,1,0.00300000,28000.0000
1627495214066000,1,0.00770068,28000.0000
1627495215344000,0,0.00090000,28026.5800
1627495215344000,0,0.00200406,28029.5800
1627495220552000,0,0.00581164,28021.1600
1627495279622000,0,0.00230000,28037.7900
1627495281991000,1,0.05000000,28038.3400
1627495282208000,1,0.08000000,28038.3400
1627495290614000,0,0.11310600,28091.7600
1627495327272000,0,0.00230000,28176.1300
1627495328854000,0,0.00300000,28176.1300
1627495362289000,0,0.00734000,28256.0600
1627495399651000,1,0.00200000,28309.6100
1627495413720000,1,0.00100000,28288.9500
1627495415649000,1,0.08238688,28288.9500
