timestamp ms,type,amount,price
1627516892590000,0,0.00200000,28843.6300
1627516936552000,1,0.05573580,28789.4400
1627516936555000,1,0.01089203,28789.4400
1627516941991000,1,0.03199999,28764.5600
1627516942014000,1,0.00000001,28764.5600
1627516943429000,1,0.23520000,28755.9500
1627516961586000,1,0.00249750,28673.3400
1627517034800000,1,0.00100000,28678.6900
1627517055258000,1,0.00100000,28676.0000
1627517070740000,1,0.00241720,28680.1200
1627517070788000,1,0.00000001,28680.1200
1627517210692000,1,0.07513047,28702.3000
1627517268418000,0,0.00334000,28714.6300
1627517274524000,1,0.19978610,28709.3200
1627517274524000,1,0.04021389,28709.3200
1627517277107000,0,0.11000000,28741.0800
1627517277154000,0,0.04000000,28741.0800
1627517277811000,0,0.20000000,28741.0800
1627517278018000,0,0.00100000,28741.0800
1627517286895000,1,0.03747743,28722.7600
1627517333156000,1,0.01240000,28752.8700
1627517469178000,1,0.07497212,28752.6800
1627517469186000,1,0.00000001,28752.6800
1627517642228000,0,0.07476684,28865.3800
1627517642296000,0,0.07476563,28869.6900
1627517642387000,0,0.07476649,28874.4400
1627517660547000,1,0.00090000,28943.1700
1627517660547000,1,0.00598124,28937.4900
1627517665632000,0,0.00090000,28943.7900
1627517665632000,0,0.00009000,28949.8800
1627517761993000,0,0.35000000,28901.4700
1627517761994000,0,0.00100000,28901.4700
1627517842850000,0,0.00172000,28911.9600
1627517872997000,1,0.05115704,28894.4700
1627517873037000,1,0.02349934,28894.4700
1627517914000000,1,0.07471756,28871.1500
1627517914004000,1,0.00000001,28871.1500
1627517958212000,1,0.01250150,28835.8800
1627517958219000,1,0.00000001,28835.8800
1627517960540000,1,0.00468822,28821.0200
1627517960541000,1,0.00000001,28821.0200
1627517972904000,1,0.00191915,28813.8700
1627518004231000,0,0.00229658,28832.8700
1627518274592000,1,0.00220000,28734.2600
1627518277203000,0,0.28000000,28754.9400
1627518277250000,0,0.02000000,28754.9400
1627518277288000,0,0.02000000,28754.9400
1627518277430000,0,0.00685939,28754.9400
1627518277440000,0,0.01333812,28754.9400
1627518277462000,0,0.11580249,28754.9400
1627518582664000,0,0.00668000,28710.4800
1627518729307000,0,0.01335785,28707.8800
1627519060065000,1,0.03347922,28586.2100
1627519060368000,1,0.00090000,28554.9300
1627519060368000,1,0.01742560,28549.6000
1627519177055000,0,0.00393582,28648.7800
1627519208693000,0,0.00090000,28635.5700
1627519208693000,0,0.00907285,28636.9400
1627519354689000,0,0.00225400,28557.3400
1627519354727000,0,0.00004600,28557.3400
1627519458874000,0,0.05000000,28600.2800
1627519458924000,0,0.21000000,28600.2800
1627519458942000,0,0.05000000,28600.2800
1627519459078000,0,0.02734139,28600.2800
1627519459109000,0,0.23165861,28600.2800
1627519973203000,0,0.00119000,28567.2200
1627520147454000,0,0.00317947,28510.6700
1627520147462000,1,0.04739834,28485.2900
1627520210883000,0,0.00318021,28507.5400
1627520366199000,1,0.07568103,28501.7800
1627520366208000,1,0.00000001,28501.7800
1627520371724000,0,0.00318172,28492.5500
1627520381305000,0,0.00636767,28441.6900
1627520393934000,1,0.00090000,28463.2000
1627520394104000,1,0.07000000,28457.6100
1627520394159000,1,0.00230000,28457.6100
1627520394165000,1,0.00100000,28457.6100
1627520396302000,0,0.00637295,28451.6000
1627520408405000,0,0.01276515,28398.3100
1627520456341000,0,0.00319207,28401.6200
1627520485136000,0,0.00319262,28396.7000
1627520524205000,0,0.00101000,28464.5300
1627520592396000,1,0.00088200,28444.1100
1627520732283000,0,0.00300000,28515.4400
1627520732340000,0,0.07487302,28515.4400
1627520732363000,0,0.00230000,28515.4400
1627520732405000,0,0.08240717,28515.4400
1627520732415000,0,0.05256545,28515.4400
1627520732430000,0,0.12361464,28515.4400
1627520732459000,0,0.01009032,28515.4400
1627520732469000,0,0.05448595,28515.4400
1627520778348000,0,0.46000000,28552.1800
1627520778376000,0,0.00300000,28552.1800
1627521136550000,1,0.00172698,28429.3300
1627521195893000,1,0.00117966,28408.4700
1627521210829000,1,0.00089063,28427.6900
1627521481632000,0,0.02628426,28443.6000
1627521559925000,1,0.07593966,28394.2000
1627521739869000,0,0.00319374,28386.7800
1627521755390000,0,0.00319503,28363.1500
1627521755896000,1,0.07604724,28338.0400
1627521758549000,0,0.00639407,28351.9200
1627521767318000,0,0.00319859,28342.3100
1627521795040000,1,0.00230000,28232.3800
1627522117673000,0,0.00182414,28369.7100
1627522167918000,0,0.03871506,28349.9600
1627522208409000,1,0.08707032,28361.0400
1627522396486000,1,0.07000000,28376.5800
1627522396522000,1,0.00602504,28376.5800
1627522397873000,1,0.07000000,28376.5800
1627522397912000,1,0.00602504,28376.5800
1627522400101000,1,0.24000000,28380.6200
1627522400357000,1,0.01000000,28379.6100
1627522400489000,1,0.01000000,28379.6100
1627522408708000,1,0.00345247,28387.1900
1627522507829000,1,0.00090000,28377.7200
1627522507829000,1,0.00089999,28370.7300
1627522507836000,1,0.00000001,28370.7300
1627522552306000,1,0.13406472,28409.8700
1627523237344000,0,0.02003035,28491.7700
1627523237355000,0,0.05568886,28491.7700
1627523237454000,0,0.07576123,28496.5000
1627523483282000,1,0.07556974,28530.2200
1627523483282000,1,0.02443026,28529.1600
1627523797378000,0,0.00856000,28557.8500
1627525401049000,0,0.00331077,28583.5900
1627525790491000,0,0.00230000,28678.5600
1627525790875000,0,0.02968589,28699.0500
1627525859565000,0,0.01089000,28600.6300
1627525886562000,0,0.02737630,28605.5100
1627525886563000,0,0.04802136,28605.5100
1627526550848000,0,0.00284000,28661.5300
1627527171693000,1,0.00247883,28577.2700
1627527172387000,1,0.00125913,28577.2800
1627527172387000,1,0.00000001,28577.2700
1627527357267000,1,0.07000000,28617.8500
1627527363861000,0,0.00090000,28618.0600
1627527363861000,0,0.00614000,28623.3800
1627527878963000,0,0.00130000,28579.9000
1627528153614000,0,0.00165756,28607.7900
1627528929047000,0,0.01682000,28524.2900
1627529176351000,1,0.07569120,28432.5100
1627529203769000,0,0.00090000,28453.2000
1627529203776000,0,0.24000000,28453.2000
1627529203833000,0,0.00230000,28453.2000
1627529203864000,0,0.85680000,28453.2000
1627529204412000,0,0.24000000,28478.1500
1627529219298000,0,0.00337000,28484.8300
1627529412421000,1,0.00230000,28406.4700
1627529412426000,1,0.07000000,28406.4700
1627529435001000,0,0.00177556,28452.8000
1627530607244000,1,0.02419614,28521.2200
1627530951639000,0,0.00135000,28483.5300
1627531259474000,1,0.07561115,28481.1200
1627531259475000,1,0.00000001,28481.1200
1627531358959000,1,0.00230000,28382.4400
1627531517756000,0,0.01296672,28552.7000
1627531517779000,0,0.00000001,28552.7000
1627531517912000,0,0.01296673,28569.6500
1627531861543000,0,0.02691000,28505.8000
1627532381981000,1,0.00420000,28622.2700
1627532961212000,0,0.00101000,28721.7200
1627532992656000,1,0.83000000,28721.0000
1627532993382000,1,0.00897635,28721.0000
1627533197585000,1,0.07503058,28698.8800
1627533544615000,0,0.06504821,28734.1400
1627533544616000,0,0.00996290,28734.1400
1627533544616000,0,0.07499544,28740.4600
1627533558889000,1,0.00319859,28756.6000
1627533575495000,1,0.00347705,28762.9000
1627533651320000,1,0.00291702,28773.7700
1627533678165000,0,0.03200000,28801.5200
1627533678165000,0,0.00094629,28803.5300
1627533764185000,1,0.00319503,28791.5100
1627533770199000,1,0.00319374,28790.7000
1627534297399000,0,0.24000000,28748.8800
1627534297399000,0,0.07493384,28748.9600
1627534297399000,0,0.24000000,28750.5500
1627534297399000,0,0.07492718,28751.9800
1627534297399000,0,0.03880032,28753.5900
1627534390739000,0,0.00236000,28732.2200
1627534928001000,0,0.01671000,28704.6500
1627534996196000,1,0.01274751,28667.4000
1627534996251000,1,0.00000001,28667.4000
1627535078159000,0,0.00549345,28663.5300
1627535552964000,0,0.01004000,28652.3600
1627535603763000,1,0.07518428,28639.1800
1627535603763000,1,0.07518973,28636.0500
1627535603763000,1,0.04943532,28633.3100
1627535603893000,1,0.00230000,28625.4000
1627535614231000,1,0.00389674,28585.8600
1627535614236000,1,0.00000001,28585.8600
1627535614465000,1,0.00706136,28565.5100
1627535614640000,1,0.03200000,28564.1800
1627535630093000,0,0.00102000,28609.9000
1627535639069000,1,0.00213633,28601.1100
1627535639091000,1,0.03288170,28601.1100
1627535639113000,1,0.00300000,28601.1100
1627535639116000,1,0.02591679,28601.1100
1627535639119000,1,0.01133710,28601.1100
1627535649831000,1,0.00318495,28546.5100
1627535735061000,1,0.12269119,28525.4700
1627535843861000,1,0.20135743,28564.9300
1627535843861000,1,0.49400000,28564.9100
1627535843861000,1,0.18464257,28564.3300
1627535845210000,1,0.24000000,28564.3300
1627535845329000,1,0.00235743,28564.3300
1627535916192000,0,0.03199999,28589.5400
1627535916208000,0,0.00000001,28589.5400
1627536013133000,1,0.00551400,28583.4400
1627536257224000,1,0.00710835,28564.7000
1627536257275000,1,0.07537202,28561.7700
1627536318978000,0,0.03200000,28573.7500
1627536432658000,0,0.00235000,28544.9700
1627536763341000,0,0.07532912,28586.8400
1627536949156000,0,0.00138918,28649.8400
1627537171798000,0,0.00165232,28715.7500
1627537171976000,0,0.00230000,28715.7500
1627537251236000,0,0.00230000,28792.6100
1627537277629000,0,0.00230000,28812.6400
1627537279759000,1,0.00638469,28815.5000
1627537289193000,1,0.00346981,28820.4400
1627537304914000,0,0.00230000,28853.9600
1627537308606000,1,0.00929534,28855.4000
1627537324572000,0,0.00090000,28872.2200
1627537324572000,0,0.20997556,28884.9800
1627537324572000,0,0.05014386,28884.9900
1627537340549000,1,0.00346500,28873.1200
1627537704015000,1,0.00230000,28747.1600
1627537705570000,0,0.00090000,28749.5100
1627537705570000,0,0.00127000,28752.4200
1627537796716000,1,0.00324943,28745.8200
1627538102723000,1,0.01890088,28796.9600
1627538122056000,0,0.07466625,28836.7100
1627538122058000,0,0.00000001,28836.7100
1627538846435000,0,0.00256000,28862.0600
1627538899525000,1,0.00182808,28819.7000
1627539028730000,0,0.00133000,28813.2400
1627539300549000,1,0.00246226,28747.7400
1627539304687000,1,0.00128385,28739.5400
1627539304695000,1,0.00000001,28739.5400
1627539308720000,1,0.03199999,28729.4800
1627539308732000,1,0.00000001,28729.4800
1627539368843000,0,0.00200000,28762.9500
1627539496900000,0,0.00090000,28772.3400
1627539496900000,0,0.00597000,28773.9200
1627539754297000,0,0.03313612,28821.0300
1627539817893000,1,0.00305056,28792.8400
1627539818306000,1,0.00129627,28769.2100
1627541275954000,1,0.00070472,28785.4800
1627541432046000,0,0.03465567,28786.0500
1627541529633000,0,0.01313000,28767.8700
1627541542744000,0,0.00164298,28764.8000
1627541767023000,0,0.01053539,28685.0000
1627542039522000,0,0.07510788,28676.5800
1627542159871000,1,0.04000000,28685.6400
1627542159899000,1,0.03332000,28685.6400
1627542160041000,1,0.05000000,28685.6400
1627542160070000,1,0.01000000,28685.6400
1627542268135000,0,0.01495477,28735.4100
1627542378391000,1,0.00287952,28745.2800
1627542488510000,1,0.08000000,28722.9300
1627542488522000,1,0.04093578,28722.9300
1627542575361000,0,0.00330000,28722.4200
1627542672398000,0,0.00634000,28745.7700
1627542739753000,0,0.00090000,28717.2500
1627542739753000,0,0.00309240,28723.4500
1627542752617000,1,0.00399240,28687.0600
1627542771369000,1,0.09443896,28692.7600
1627542779280000,0,0.01701140,28707.5700
1627543133845000,0,0.00100000,28702.3200
1627543279698000,0,0.00119213,28693.8700
1627544170769000,0,0.00172000,28703.0600
1627544286073000,0,0.02774292,28692.3600
1627544290471000,0,0.01002000,28704.8900
1627544442675000,0,0.01021813,28709.2200
1627544573273000,0,0.03440000,28708.2600
1627544576890000,1,0.07495148,28692.9200
1627544576890000,1,0.02504852,28689.7400
1627544584844000,0,0.00090000,28702.2600
1627544584844000,0,0.00090000,28708.2700
1627544584844000,0,0.00302000,28711.4900
1627544613892000,0,0.00668000,28718.6900
1627544771839000,0,0.09428000,28689.7100
1627544787401000,0,0.00635000,28683.0100
1627544847636000,0,0.03445000,28667.7200
1627544865233000,0,0.00206085,28667.7200
1627544960710000,0,0.07000000,28694.5000
1627544960723000,0,0.00502851,28694.5000
1627544993947000,0,0.00845000,28728.4300
1627545033231000,1,0.07497000,28695.7600
1627545124913000,0,0.00643000,28697.9800
1627545131139000,0,0.00267000,28691.5900
1627545353994000,1,0.00123888,28668.1800
1627545355720000,0,0.07000000,28668.1800
1627545355754000,0,0.00508652,28668.1800
1627545361576000,0,0.00659112,28682.5000
1627545597200000,0,0.45000000,28642.7000
1627545722948000,0,0.00335000,28667.9300
1627545795842000,0,0.00418000,28657.0600
1627545874521000,0,0.05995518,28676.8400
1627545911280000,1,0.00225331,28660.2200
1627545911560000,1,0.00124162,28660.2200
1627545913174000,0,0.01003000,28676.8600
1627545959224000,1,0.00196980,28622.8200
1627545959258000,1,0.00004020,28622.8200
1627546015019000,0,0.02810335,28628.4600
1627546107919000,1,0.07521213,28589.8700
1627546108012000,1,0.07522201,28586.4100
1627546110072000,0,0.03766134,28580.0900
1627546110494000,0,0.05980791,28580.0900
1627546110545000,0,0.00294366,28580.0900
1627546110545000,0,0.07228704,28583.2400
1627546139451000,1,0.03374046,28585.4000
1627546211677000,0,0.03254000,28588.0700
1627546348475000,1,0.08000000,28532.3900
1627546348522000,1,0.08000000,28532.3900
1627546348715000,1,0.04000000,28532.3900
1627546348940000,1,0.04000000,28532.3900
1627546597342000,0,0.00294367,28602.9200
1627546608249000,0,0.00496000,28612.3400
1627546868217000,0,0.03357000,28570.1700
1627546916384000,0,0.01974000,28537.1500
1627546957338000,1,0.00718341,28529.1200
1627546987954000,0,0.00252000,28548.1600
1627546992639000,0,0.00349620,28535.1400
1627546992640000,0,0.07184753,28535.1400
1627546992640000,0,0.07533256,28538.6000
1627546992640000,0,0.05273035,28541.4600
1627546993580000,1,0.00225400,28540.1000
1627546993866000,1,0.00004600,28540.1000
1627547351838000,0,0.00209000,28590.8000
1627547355893000,0,0.04836000,28590.8000
1627547378514000,1,0.00088200,28603.2600
1627547393282000,0,0.02455000,28609.2200
1627547455371000,0,0.00076577,28585.4500
1627547469011000,1,0.00076577,28556.4400
1627547518701000,0,0.00331299,28602.8100
1627547679241000,1,0.00253457,28576.4200
1627547738476000,0,0.00255000,28591.6000
1627547745250000,0,0.00225000,28591.5000
1627547940404000,1,0.01372000,28569.3100
1627547940464000,1,0.02000000,28569.3100
1627547940507000,1,0.01000000,28569.3100
1627547940597000,1,0.19628000,28569.3100
1627547941250000,1,0.10000000,28568.8200
1627547941853000,1,0.10000000,28568.8200
1627547942409000,1,0.04000000,28568.8200
1627547944683000,1,0.10000000,28574.4600
1627547944714000,1,0.05000000,28574.4600
1627547944738000,1,0.09000000,28574.4600
1627547950610000,1,0.07000000,28572.0100
1627547950638000,1,0.06000000,28572.0100
1627547950655000,1,0.00490000,28572.0100
1627547951131000,1,0.01000000,28572.0100
1627547951177000,1,0.00294000,28572.0100
1627547972585000,1,0.10000000,28589.8400
1627547972591000,1,0.14000000,28589.8400
1627547987497000,0,0.01784855,28599.5100
1627547994259000,0,0.00076539,28599.5100
1627548008000000,1,0.00076539,28576.2900
1627548191588000,0,0.00335000,28655.9400
1627548291505000,1,0.00124830,28671.4000
1627548326477000,0,0.00696000,28675.8000
1627548481958000,0,0.02569390,28703.0500
1627548490382000,0,0.00651000,28716.4000
1627548490658000,0,0.01269000,28716.4000
1627549105994000,0,0.00295000,28626.8800
1627549150125000,0,0.00331000,28632.8600
1627549178347000,0,0.00502000,28637.8800
1627549429450000,0,0.01004000,28653.7300
1627549613948000,0,0.24000000,28674.6100
1627549613948000,0,0.00090000,28676.0400
1627549613948000,0,0.07505733,28678.0100
1627549613948000,0,0.02502197,28681.2600
1627549726069000,0,0.00225400,28669.7500
1627549726464000,0,0.00004600,28669.7500
1627549754688000,1,0.24000000,28663.1400
1627549754688000,1,0.07499639,28658.8300
1627549754688000,1,0.13615819,28655.3200
1627549804720000,0,0.00161791,28689.4400
1627549868275000,1,0.19982216,28705.7800
1627549868277000,1,0.02819949,28705.7800
1627549868281000,1,0.19982216,28705.7800
1627549915169000,1,0.00684936,28699.4300
1627549945411000,0,0.00185170,28729.4900
1627549975645000,1,0.00180287,28717.9200
1627550048550000,0,0.00100000,28781.4800
1627550064930000,0,0.07477455,28782.0600
1627550065047000,0,0.00000001,28782.0600
1627550236224000,1,0.01691012,28748.6700
1627550446538000,1,0.01660000,28744.6000
1627550496282000,0,0.00318000,28768.9400
1627550505820000,0,0.00167000,28765.9600
1627550530996000,0,0.00172000,28745.5500
1627550534333000,0,0.00500000,28745.5400
1627550572403000,0,0.07480708,28756.2500
1627550572403000,0,0.07480965,28759.4400
1627550572403000,0,0.00090000,28765.2200
1627550572403000,0,0.36832699,28770.1600
1627550606862000,0,0.00329525,28747.4600
1627550652938000,0,0.02989000,28744.3800
1627550706432000,0,0.01670000,28715.9300
1627550807175000,1,0.00079487,28678.5000
1627550813694000,0,0.07494627,28713.7700
1627550853052000,0,0.01667000,28761.3300
1627550892042000,0,0.00102000,28754.7400
1627550893350000,0,0.03433753,28752.8700
1627550893368000,0,0.04046372,28752.8700
1627550893374000,0,0.07479871,28756.1700
1627550922297000,0,0.00500000,28802.9100
1627550995539000,0,0.00149000,28770.9700
1627551114635000,0,0.01099000,28808.6100
1627551136860000,0,0.00173000,28757.2600
1627551173732000,0,0.07479661,28754.9100
1627551173732000,0,0.24000000,28757.0600
1627551173732000,0,0.07479842,28758.4900
1627551173732000,0,0.07479513,28760.0200
1627551173732000,0,0.24000000,28764.9700
1627551173732000,0,0.07482108,28766.4000
1627551173732000,0,0.07481318,28769.4800
1627551173732000,0,0.00090000,28776.6800
1627551173732000,0,0.45785601,28780.9300
1627551173732000,0,0.21347896,28780.9400
1627551250784000,0,0.03200000,28803.9000
1627551250784000,0,0.16793646,28804.6900
1627551250785000,0,0.07206353,28804.6900
1627551250786000,0,0.00000001,28804.6900
1627551298960000,1,0.00229800,28777.0600
1627551309221000,1,0.01777352,28772.8700
1627551357132000,0,0.00716000,28799.9400
1627551391419000,0,0.12984841,28816.3700
1627551407209000,0,0.00119000,28811.5700
1627551520633000,0,0.00833000,28801.1900
1627551611657000,1,0.00721876,28818.6600
1627551611657000,1,0.12278124,28818.6500
1627551612002000,1,0.23000000,28818.6500
1627551612662000,1,0.19000000,28818.6500
1627551808020000,0,0.00533281,28850.0000
1627551808026000,0,0.19993807,28850.0000
1627551808030000,0,0.04475172,28850.0000
1627551808035000,0,0.20001062,28850.0000
1627551808037000,0,0.07542064,28850.0000
1627551808113000,0,0.00300000,28850.0000
1627551808336000,0,0.00415230,28850.0000
1627551808465000,0,0.00621398,28850.0000
1627551809393000,0,0.02539091,28850.0000
1627551809424000,0,0.07127804,28850.0000
1627551809426000,0,0.12763504,28850.0000
1627551809427000,0,0.23687587,28850.0000
1627551810514000,0,0.01380717,28869.2600
1627551823408000,0,0.02000000,28917.8800
1627551824740000,1,0.00230000,28919.1300
1627551828396000,1,0.00637055,28889.5300
1627551851889000,1,0.00290507,28896.0500
1627551880772000,0,0.07446167,28904.1000
1627551880772000,0,0.03846098,28909.5000
1627551902854000,0,0.00230000,28946.8100
1627551902924000,0,0.46000000,28946.8100
1627551903160000,0,0.00569999,28946.8100
1627551903705000,1,0.00318172,28949.3700
1627551903790000,0,0.38000000,28959.6400
1627551905390000,1,0.00230000,28949.3700
1627551905521000,1,0.23000000,28949.3700
1627551911220000,1,0.00979888,28939.7500
1627551918534000,0,0.06000000,29000.0000
1627551918537000,0,0.02000000,29000.0000
1627551918543000,0,0.14000000,29000.0000
1627551918710000,0,0.40000000,29000.0000
1627551918722000,0,0.37000000,29000.0000
1627551918750000,0,0.01000000,29000.0000
1627551923679000,1,0.00687478,28965.4100
1627551931235000,1,0.01378717,29004.7500
1627551944969000,0,0.02000000,29042.8200
1627551947726000,1,0.00338581,29009.2300
1627551956909000,1,0.00342914,29028.3800
1627552011277000,1,0.00220000,28999.5000
1627552030343000,1,0.00342817,29034.8400
1627552042955000,1,0.00090000,29052.4500
1627552042955000,1,0.00595234,29050.0600
1627552050660000,1,0.00344115,29067.4900
1627552060476000,1,0.00090000,29093.8400
1627552060476000,1,0.00250882,29089.2100
1627552065145000,1,0.00094055,29095.0600
1627552071776000,1,0.01026419,29109.2300
1627552073936000,0,0.00090000,29141.5400
1627552073936000,0,0.02659000,29143.7600
1627552081642000,0,0.07000000,29130.7200
1627552081676000,0,0.00384991,29130.7200
1627552086707000,1,0.00341909,29114.1600
1627552119781000,1,0.12984841,29063.2700
1627552155963000,0,0.07397748,29082.1000
1627552155963000,0,0.07396943,29085.4200
1627552201069000,0,0.10000000,29067.1800
1627552201074000,0,0.00771017,29067.1800
1627552231631000,0,0.00503119,29034.6900
1627552384282000,0,0.00090000,28986.8900
1627552384282000,0,0.07421588,28989.6800
1627552384282000,0,0.00090000,28992.7100
1627552384282000,0,0.07426749,28993.7100
1627552384282000,0,0.04964436,28994.5800
1627552384290000,0,0.00913180,28994.5800
1627552384388000,0,0.00230000,28994.5800
1627552448316000,0,0.00242000,29030.7600
1627552480909000,0,0.00088200,28973.5600
1627552517876000,0,0.00178562,28975.9100
1627552604984000,0,0.00149000,28997.0300
1627552670886000,0,0.00661000,29027.3100
1627552688917000,0,0.00202000,29005.5100
1627552693102000,0,0.00196177,29002.7900
1627552715378000,1,0.07422220,28939.7300
1627552743317000,0,0.00300039,28974.6600
1627552849139000,1,0.07423889,28960.7300
1627552849205000,1,0.07424304,28957.5100
1627552850729000,1,0.05000000,28933.7100
1627552851184000,1,0.10000000,28933.7100
1627552851242000,1,0.00300000,28933.7100
1627552853704000,0,0.00339867,28933.7900
1627552930969000,0,0.00630000,28909.0500
1627553003086000,1,0.00251573,28887.1000
1627553084092000,0,0.01658000,28928.9200
1627553094001000,0,0.02060611,28916.1700
1627553104207000,1,0.00101466,28897.1900
1627553115522000,1,0.00273438,28913.6600
1627553140023000,0,0.00134000,28899.6700
1627553165785000,0,0.24000000,28921.9200
1627553165785000,0,0.07436617,28923.3600
1627553165785000,0,0.02319174,28925.8200
1627553165870000,1,0.05000000,28901.4500
1627553221790000,1,0.24000000,28902.1500
1627553221790000,1,0.07435708,28901.8800
1627553221790000,1,0.00090000,28900.7100
1627553221790000,1,0.07437033,28898.9700
1627553221790000,1,0.07438089,28895.8700
1627553221790000,1,0.00090000,28894.0100
1627553221790000,1,0.07437807,28892.9200
1627553221790000,1,0.00090000,28887.6700
1627553221790000,1,0.47703515,28882.6900
1627553226145000,0,0.06707141,28926.5300
1627553306417000,0,0.01266762,28918.3700
1627553326965000,0,0.00090000,28919.2100
1627553326965000,0,0.00073000,28925.5400
1627553366615000,0,0.00090000,28917.7900
1627553366615000,0,0.01237000,28921.5600
1627553400443000,0,0.00565000,28881.8100
1627553410746000,0,0.00171000,28877.2700
1627553452454000,0,0.00090000,28891.8800
1627553452454000,0,0.00255000,28897.0200
1627553465489000,0,0.01635796,28892.9600
1627553508743000,0,0.00099000,28927.7700
1627553569513000,0,0.00133000,28909.0500
1627553572288000,0,0.09622000,28912.4500
1627553586765000,1,0.00318854,28894.5800
1627553627006000,0,0.00805482,28919.5600
1627553747541000,1,0.01364830,28924.9000
1627553788136000,0,0.00112000,28999.4800
1627553831833000,0,0.40000000,29000.0000
1627553831856000,0,0.02000000,29000.0000
1627553831865000,0,0.05000000,29000.0000
1627553831937000,0,0.00300000,29000.0000
1627553832499000,0,0.15000000,29000.0000
1627553833265000,0,0.00200000,29000.0000
1627553889387000,0,0.00090000,29037.4700
1627553889387000,0,0.03213000,29037.9300
1627553899356000,0,0.00099000,29017.1900
1627553987879000,1,0.00090000,29005.3500
1627553987879000,1,0.07409280,29002.2100
1627553987879000,1,0.00090000,28998.3500
1627553987879000,1,0.07410096,28997.6800
1627553987879000,1,0.07410989,28994.2300
1627553987879000,1,0.00477523,28991.7000
1627553987879000,1,0.00090000,28991.6900
1627553987879000,1,0.01822112,28991.6200
1627553998098000,0,0.00117164,29017.5900
1627554038641000,1,0.01008000,29033.4500
1627554085957000,0,0.00175000,29046.9200
1627554209346000,1,0.07414643,28979.6200
1627554209358000,1,0.00000001,28979.6200
1627554209417000,1,0.00300000,28976.6700
1627554250954000,0,0.00099000,28984.0600
1627554252878000,1,0.24000000,28963.4400
1627554252878000,1,0.06000000,28962.0500
1627554289552000,1,0.00089387,28954.7300
1627554328716000,1,0.07429220,28912.6500
1627554328718000,1,0.07429403,28909.6400
1627554460550000,0,0.00090000,28931.8700
1627554460550000,0,0.00585832,28932.8600
1627554530068000,1,0.07432169,28906.9600
1627554530068000,1,0.18186449,28903.8400
1627554649443000,0,0.00090000,28909.9700
1627554649443000,0,0.00172000,28911.9300
1627554690858000,0,0.00262199,28892.3400
1627554761139000,1,0.00347160,28888.8900
1627554773194000,0,0.25420314,28912.2700
1627554783876000,0,0.00335000,28912.2800
1627554869911000,0,0.00328000,28899.1400
1627554985538000,0,0.00315000,28892.8100
1627555081527000,1,0.00138317,28837.3000
1627555091755000,1,0.00098332,28820.6800
1627555153045000,0,0.05255358,28820.0000
1627555153142000,0,0.04744641,28820.0000
1627555153181000,0,0.00000001,28820.0000
1627555168578000,0,0.09974000,28849.6900
1627555192176000,0,0.00328606,28845.2800
1627555237665000,0,0.00346000,28820.4300
1627555294162000,0,0.00859000,28744.2600
1627555324434000,0,0.00170000,28794.4000
1627555372444000,0,0.00407577,28801.5200
1627555402648000,0,0.06615816,28810.7300
1627555412860000,1,0.00486316,28774.9000
1627555523343000,0,0.02036680,28820.8700
1627555534372000,0,0.00100000,28815.1800
1627555569062000,0,0.01663000,28828.4300
1627555573935000,0,0.24000000,28815.3300
1627555573935000,0,0.02618570,28816.3600
1627555689661000,0,0.01668000,28756.0200
1627555854522000,0,0.00342467,28823.7500
1627555854629000,0,0.00832000,28823.7500
1627556001917000,0,0.01331000,28827.4600
1627556004785000,0,0.00164394,28827.0200
1627556007778000,0,0.00898000,28827.0200
1627556035012000,0,0.01149890,28839.0500
1627556306795000,0,0.01080000,28772.7200
1627556375621000,0,0.01166000,28791.6500
1627556424233000,0,0.00483000,28817.7900
1627556465955000,0,0.24000000,28831.6400
1627556465955000,0,0.04614841,28833.0800
1627556574150000,0,0.03762337,28797.1800
1627556574207000,0,0.04742337,28797.1800
1627556575732000,0,0.03000000,28799.6200
1627556603102000,0,0.00401006,28785.0800
1627556806517000,0,0.01185347,28803.2700
1627556906950000,0,0.00466000,28801.1400
1627556918820000,0,0.00533000,28797.1100
1627556921186000,0,0.00666000,28796.9100
1627556946788000,0,0.00526854,28809.4700
1627556949823000,0,0.01662000,28805.5000
1627556980633000,0,0.02150000,28824.3000
1627557198017000,1,0.00153267,28800.8100
1627557228263000,0,0.24000000,28821.3400
1627557228263000,0,0.07461397,28822.0700
1627557228263000,0,0.01430725,28823.7700
1627557272855000,0,0.00173000,28812.3800
1627557318073000,1,0.00172727,28804.9200
1627557354238000,0,0.00513000,28834.6700
1627557365287000,0,0.03450357,28838.8300
1627557365288000,0,0.04010901,28838.8300
1627557365365000,0,0.00300000,28842.0500
1627557365698000,1,0.00230000,28840.8400
1627557370250000,0,0.01197000,28843.7800
1627557398759000,1,0.00358968,28831.3400
1627557405339000,0,0.00765000,28854.2700
1627557418928000,1,0.03152597,28831.2500
1627557418928000,1,0.04299633,28831.2500
1627557418928000,1,0.03154270,28828.0900
1627557434520000,1,0.06174000,28782.5400
1627557434538000,1,0.33819073,28782.5400
1627557470367000,1,0.00230000,28755.5100
1627557514412000,1,0.07069686,28721.4200
1627557514413000,1,0.00409985,28721.4200
1627557514477000,0,0.20320839,28724.9300
1627557514510000,1,0.07474522,28718.4100
1627557547446000,0,0.01668000,28746.5600
1627557705567000,0,0.00100000,28810.7900
1627557721777000,0,0.00999000,28810.4000
1627557729982000,0,0.00699000,28809.0600
1627557876427000,1,0.02232720,28791.0900
1627557972258000,0,0.26000000,28787.8600
1627557972260000,0,0.04000000,28787.8600
1627557972398000,0,0.00816000,28803.1100
1627558091754000,0,0.00399000,28812.7700
1627558191036000,1,0.00698326,28785.0100
1627558241816000,1,0.03500000,28776.5600
1627558365714000,0,0.00102000,28778.4900
1627558441397000,0,0.02631718,28773.9900
1627558472490000,0,0.00667000,28757.0300
1627558573541000,0,0.00335416,28707.5900
1627558584858000,1,0.47000000,28669.8000
1627558584861000,1,0.00200000,28669.8000
1627558589018000,0,0.00671430,28663.4500
1627558628866000,0,0.00335820,28669.5100
1627558631743000,0,0.00340391,28669.0200
1627558632551000,0,0.00090000,28665.9200
1627558632551000,0,0.00245867,28669.0200
1627558642041000,0,0.00672221,28648.3600
1627558679424000,0,0.00336208,28621.8500
1627558681287000,1,0.07508164,28590.3800
1627558681287000,1,0.00714608,28585.4000
1627558681287000,1,0.07508480,28582.8800
1627558697794000,0,0.00336347,28623.6500
1627558720449000,0,0.00336488,28615.7300
1627558729581000,0,0.00090000,28595.6400
1627558729581000,0,0.00583409,28595.6600
1627558736621000,0,0.00336821,28586.4300
1627558792251000,0,0.00661189,28602.2700
1627558793805000,0,0.06855718,28602.2700
1627558798947000,0,0.00000001,28602.2700
1627558798947000,0,0.10048912,28603.5300
1627558798959000,0,0.04108163,28603.5300
1627558827630000,0,0.00674205,28562.9600
1627558838097000,0,0.00337263,28548.9500
1627558841310000,0,0.00337280,28544.9400
1627558873138000,0,0.03050644,28569.6600
1627558897055000,0,0.00309000,28553.0900
1627558927708000,0,0.00675065,28522.2500
1627558934398000,1,0.00300000,28500.1000
1627558935366000,1,0.00380340,28500.1000
1627558935382000,1,0.00007762,28500.1000
1627558937243000,0,0.00337658,28513.6000
1627558942152000,0,0.00111000,28516.4600
1627558963899000,0,0.00337750,28509.2400
1627558968945000,0,0.00337899,28475.8800
1627558972154000,0,0.00676360,28474.4600
1627558993798000,0,0.01712405,28502.9000
1627559019967000,0,0.00338222,28453.6100
1627559023140000,0,0.00338408,28448.2700
1627559034091000,1,0.00416980,28445.0700
1627559097627000,0,0.00338526,28442.4300
1627559099067000,0,0.00093658,28443.8500
1627559109190000,1,0.05486276,28441.8300
1627559126612000,1,0.00500000,28473.9000
1627559230039000,0,0.00338594,28434.1200
1627559230424000,1,0.03200000,28402.9500
1627559230424000,1,0.07556539,28401.4800
1627559230424000,1,0.07557907,28397.1800
1627559231410000,1,0.00090000,28389.2700
1627559231410000,1,0.24000000,28383.6500
1627559231410000,1,0.00100000,28374.6000
1627559231410000,1,0.07563036,28371.2300
1627559231410000,1,0.07563789,28364.3600
1627559231410000,1,0.07565733,28353.8400
1627559231410000,1,0.03200000,28351.6000
1627559231410000,1,0.00741863,28349.7400
1627559231410000,1,0.01854657,28349.7400
1627559231410000,1,0.47771226,28349.4800
1627559231410000,1,0.00155227,28349.4800
1627559233397000,1,0.00230000,28368.0100
1627559233397000,1,0.07563789,28364.3600
1627559233397000,1,0.07565733,28353.8400
1627559233397000,1,0.04666914,28349.4800
1627559233397000,1,0.07566597,28348.1400
1627559233795000,0,0.00090000,28408.2800
1627559233795000,0,0.00248780,28412.6000
1627559243052000,0,0.00090000,28348.3900
1627559243052000,0,0.00090000,28351.2000
1627559243052000,0,0.01857020,28362.5700
1627559304695000,0,0.21457556,28391.9300
1627559304695000,0,0.07571053,28396.0000
1627559401023000,0,0.00202781,28490.3700
1627559401071000,0,0.00000001,28490.3700
1627559401473000,0,0.02000000,28506.8600
1627559409825000,0,0.03200000,28539.6400
1627559409825000,0,0.00090000,28541.1900
1627559409825000,0,0.16879000,28551.0300
1627559429481000,1,0.00550640,28517.4200
1627559453190000,1,0.07392220,28485.8200
1627559453227000,1,0.00151692,28485.8200
1627559454474000,0,0.00101000,28507.6500
1627559456186000,1,0.07211449,28473.7700
1627559456218000,1,0.02748467,28473.7700
1627559456356000,1,0.10721861,28473.7700
1627559494947000,1,0.00107718,28498.0200
1627559534621000,0,0.00135000,28502.4300
1627559535222000,0,0.00166152,28505.6300
1627559561780000,1,0.00234133,28529.6300
1627559561942000,1,0.00527770,28529.6300
1627559562038000,1,0.08912503,28529.6300
1627559562052000,1,0.00325594,28529.6300
1627559581346000,0,0.00773000,28537.5200
1627559583361000,0,0.00134000,28525.8600
1627559653914000,0,0.23520000,28549.0000
1627559655111000,0,0.07381129,28545.9000
1627559655784000,0,0.00672000,28545.9000
1627559659373000,0,0.07000000,28531.0800
1627559659436000,0,0.00534683,28531.0800
1627559659579000,0,0.05000000,28535.0800
1627559660191000,0,0.02000000,28535.0800
1627559662310000,0,0.18000000,28526.9100
1627559662346000,0,0.06000000,28526.9100
1627559662753000,0,0.04000000,28528.3300
1627559693544000,0,0.01679000,28559.2800
1627559716050000,0,0.01679000,28552.3700
1627559722529000,0,0.00504000,28526.8600
1627559746048000,0,0.01666000,28494.8300
1627559782398000,0,0.00520000,28495.2000
1627559889841000,0,0.01716000,28513.1700
1627560055558000,1,0.00188703,28399.1300
1627560055562000,1,0.00000001,28399.1300
1627560061502000,1,0.00141528,28400.4600
1627560061655000,1,0.00729550,28391.8400
1627560226941000,0,0.06534142,28414.0700
1627560226956000,0,0.01031342,28414.0700
1627560254523000,0,0.00101000,28407.2500
1627560319846000,1,0.11000000,28370.6600
1627560383127000,0,0.00339538,28359.1000
1627560399369000,0,0.00339662,28345.4300
1627560489446000,0,0.00563000,28415.1300
1627560507214000,0,0.03440061,28405.5700
1627560611318000,0,0.00469000,28441.0400
1627560665879000,0,0.01614000,28445.9300
1627560687812000,1,0.00181882,28417.2300
1627560691139000,1,0.01243471,28414.2500
1627560752394000,0,0.00490000,28375.0400
1627560818114000,0,0.00166931,28424.2400
1627561009186000,0,0.03717000,28387.9500
1627561089937000,1,0.00728665,28411.5100
1627561221255000,0,0.00632000,28432.5000
1627561291522000,0,0.03208000,28402.5500
1627561340339000,0,0.00116606,28393.8300
1627561466630000,1,0.07135906,28370.6400
1627561471356000,1,0.00455138,28369.6100
1627561491578000,1,0.00973467,28356.6700
1627561518976000,1,0.00230000,28290.5700
1627561519988000,0,0.00339776,28319.7900
1627561523160000,0,0.00680054,28312.2700
1627561545960000,0,0.00137000,28343.5500
1627561552763000,0,0.01354000,28349.2500
1627561569743000,1,0.07000000,28352.6600
1627561592308000,0,0.03779569,28405.8400
1627561689547000,0,0.00823000,28428.6100
1627561845887000,0,0.00230000,28505.1700
1627561882435000,1,0.23520000,28505.7300
1627561884033000,1,0.20484089,28500.0200
1627561884033000,1,0.99515911,28500.0000
1627561884200000,1,0.00484088,28500.0000
1627561884238000,1,0.00000001,28500.0000
1627562003115000,0,0.00377810,28413.9200
1627562003202000,0,0.07185381,28413.9200
1627562003202000,0,0.04664636,28418.5400
1627562063454000,1,0.00079366,28385.7400
1627562171610000,0,0.00135000,28402.8500
1627562238637000,0,0.01183000,28388.2500
1627562252684000,0,0.00304000,28387.4500
1627562324377000,0,0.00257055,28384.6300
1627562392564000,0,0.07574689,28368.5600
1627562414672000,1,0.00820000,28376.9200
1627562417363000,0,0.03286085,28401.1900
1627562467879000,0,0.07563889,28405.2100
1627562467886000,0,0.00000001,28405.2100
1627562506302000,0,0.00145000,28405.4300
1627562542630000,0,0.00658000,28412.2200
1627562605965000,1,0.00249202,28392.3100
1627562637271000,1,0.07564382,28391.5800
1627562662062000,0,0.07000000,28414.2700
1627562662140000,0,0.07562259,28420.3500
1627562662140000,0,0.07563068,28421.0900
1627562842989000,0,0.00402000,28456.4700
1627562854748000,0,0.01412000,28461.5500
1627562976851000,0,0.00202000,28466.9300
1627563032498000,0,0.16310000,28460.4300
1627563135152000,0,0.00694000,28471.2900
1627563257456000,0,0.24000000,28436.4100
1627563257456000,0,0.07561454,28437.8300
1627563257456000,0,0.24000000,28439.3400
1627563257456000,0,0.07561544,28440.7600
1627563257456000,0,0.07560988,28444.6300
1627563257456000,0,0.03200000,28450.6100
1627563257456000,0,0.07564695,28451.4200
1627563257456000,0,0.00090000,28458.0600
1627563257456000,0,0.00090000,28463.8800
1627563257456000,0,0.48206418,28471.9200
1627563257456000,0,0.09500000,28471.9300
1627563257456000,0,0.18691986,28474.5600
1627563277716000,0,0.24000000,28445.7100
1627563277716000,0,0.09492558,28447.1300
1627563297957000,0,0.24000000,28446.8800
1627563297957000,0,0.06836489,28448.3000
1627563343850000,0,0.00581000,28450.9600
1627563458528000,1,0.02700000,28437.9300
1627563478748000,0,0.06866579,28451.5100
1627563509101000,0,0.03470839,28471.2100
1627563589341000,1,0.00085976,28468.3500
1627563589424000,1,0.00197167,28468.3500
1627563614008000,1,0.01000000,28456.0000
1627563614137000,1,0.02000000,28456.0000
1627563614199000,1,0.02000000,28456.0000
1627563649679000,1,0.00090000,28430.7100
1627563649679000,1,0.05183525,28427.9700
1627563790262000,0,0.00997064,28441.4800
1627563881182000,0,0.13737720,28425.2300
1627563898019000,0,0.00176000,28435.5300
1627563913611000,0,0.04347272,28452.9100
1627563981648000,0,0.00240231,28478.2900
1627563991887000,0,0.00166394,28486.4000
1627564052742000,0,0.00337000,28504.5300
1627564080547000,1,0.24000000,28490.0600
1627564080547000,1,0.00090000,28487.4300
1627564182637000,0,0.00719050,28516.3900
1627564182723000,1,0.00462944,28499.4200
1627564182809000,1,0.01159231,28499.4200
1627564199000000,1,0.48018185,28501.8500
1627564199000000,1,0.07541008,28501.8400
1627564199000000,1,0.07541723,28498.8200
1627564233199000,1,0.00090000,28505.3400
1627564233199000,1,0.00191792,28504.2600
1627564281088000,0,0.01274000,28540.5200
1627564283462000,1,0.00564922,28524.3400
1627564291260000,0,0.00259000,28538.0000
1627564344048000,1,0.00757277,28513.8600
1627564394558000,1,0.00761928,28527.9200
1627564394724000,1,0.00819921,28527.9200
1627564515473000,0,0.04451235,28617.6800
1627564517144000,0,0.01595000,28617.6700
1627564517184000,0,0.00201000,28616.4200
1627564525701000,1,0.00755907,28591.2900
1627564545982000,0,0.00659530,28559.5800
1627564545982000,0,0.02414999,28559.5900
1627564556218000,1,0.01154354,28534.6700
1627564569926000,1,0.07530625,28536.3000
1627564574984000,0,0.00134000,28553.8800
1627564602865000,1,0.07527515,28547.6900
1627564609690000,0,0.07532263,28550.0300
1627564692222000,0,0.00114000,28580.2800
1627564736867000,1,0.00341088,28534.9100
1627564751951000,0,0.20089644,28566.4500
1627564751951000,0,0.24000000,28566.4600
1627564751951000,0,0.07529885,28567.8800
1627564751951000,0,0.07529174,28570.8900
1627564751951000,0,0.00090000,28572.8600
1627564751951000,0,0.07528518,28573.3700
1627564751951000,0,0.00090000,28578.6700
1627564751951000,0,0.07527201,28579.9300
1627564751951000,0,0.07526509,28583.1200
1627564751951000,0,0.18089069,28585.3100
1627564780915000,0,0.00702000,28562.5300
1627564786685000,0,0.00252000,28557.3000
1627564817137000,0,0.00331363,28560.4200
1627564887425000,0,0.01950559,28576.1900
1627564897487000,1,0.01000000,28543.2300
1627564897601000,1,0.01000000,28543.2300
1627564897658000,1,0.01430964,28543.2300
1627564897700000,1,0.01000000,28543.2300
1627564907850000,0,0.04430964,28559.0400
1627564907850000,0,0.07527864,28562.2400
1627564907850000,0,0.07526935,28565.2900
1627564957914000,0,0.07014600,28584.4700
1627565064335000,1,0.15000000,28563.0000
1627565088449000,1,0.07519123,28575.3100
1627565088449000,1,0.16005832,28573.6800
1627565213247000,0,0.00503000,28625.9400
1627565337140000,0,0.06040000,28583.0200
1627565339169000,0,0.03959999,28583.0200
1627565339976000,0,0.00000001,28583.0200
1627565339976000,0,0.00682350,28596.1200
1627565342952000,0,0.06000000,28596.1200
1627565342963000,0,0.00834402,28596.1200
1627565350254000,0,0.07517768,28609.0000
1627565350254000,0,0.02733184,28612.3200
1627565350341000,1,0.01001600,28583.9900
1627565367085000,0,0.00257000,28616.7600
1627565466066000,0,0.20866706,28610.8400
1627565534514000,0,0.00134000,28662.4400
1627565545603000,1,0.24000000,28616.9600
1627565545724000,1,0.00090000,28614.0900
1627565568425000,0,0.00198000,28635.8400
1627565651034000,1,0.00628753,28595.5400
1627565659566000,0,0.00825516,28625.7300
1627565679802000,0,0.00090000,28622.7600
1627565679802000,0,0.06811000,28624.2600
1627565704066000,0,0.00173000,28622.8200
1627565750987000,1,0.07000000,28593.3900
1627565850700000,1,0.01000000,28543.2300
1627565851045000,1,0.01000000,28543.2300
1627565851118000,1,0.00652681,28543.2300
1627565851145000,1,0.01000000,28543.2300
1627565851243000,1,0.01000000,28543.2300
1627565851417000,1,0.01000000,28543.2300
1627565852100000,1,0.11000000,28543.2300
1627565852780000,1,0.00366433,28543.2300
1627565877540000,1,0.00007478,28543.2300
1627565921817000,0,0.00273370,28523.1300
1627565941220000,0,0.17026592,28510.4300
1627565941220000,0,0.07462997,28510.4400
1627565941220000,0,0.02985010,28510.4400
1627565941220000,0,0.21385887,28510.4500
1627565985702000,1,0.12000000,28507.2300
1627566002117000,0,0.00376899,28534.5900
1627566039901000,1,0.03000000,28513.1600
1627566126501000,0,0.00527000,28553.6100
1627566131458000,0,0.00407000,28542.4700
1627566197851000,0,0.00090000,28565.6100
1627566197851000,0,0.07422468,28570.4600
1627566197852000,0,0.07511869,28570.4600
1627566197856000,0,0.07510148,28570.4600
1627566197858000,0,0.01555515,28570.4600
1627566197858000,0,0.03200000,28571.8800
1627566245066000,0,0.05159175,28539.8100
1627566245072000,0,0.02375794,28539.8100
1627566369200000,1,0.03000000,28554.1500
1627566399254000,1,0.07518839,28556.5400
1627566402762000,0,0.00217000,28552.1500
1627566490733000,0,0.00336000,28545.8500
1627566527460000,1,0.28000000,28528.3600
1627566558293000,1,0.48542319,28498.7800
1627566558370000,1,0.07532296,28495.4000
1627566609982000,0,0.00135000,28515.3100
1627566690972000,1,0.00090000,28521.9500
1627566690972000,1,0.23910000,28515.9700
1627566691025000,1,0.00090000,28515.9700
1627566691025000,1,0.00090000,28514.5500
1627566733285000,0,0.00085526,28541.7000
1627566914163000,0,0.07529999,28524.5700
1627566997994000,1,0.07523625,28522.7700
1627567090208000,0,0.00351000,28552.8500
1627567090392000,0,0.00383000,28552.8500
1627567091805000,0,0.00101000,28552.8500
1627567244692000,0,0.00116100,28559.0300
1627567343317000,0,0.00101000,28517.2200
1627567357658000,0,0.02051000,28530.1300
1627567370989000,0,0.00336000,28531.7100
1627567451003000,1,0.07000000,28554.1100
1627567451053000,1,0.07521291,28548.3900
1627567516740000,0,0.00389000,28541.8500
1627567581908000,0,0.00400000,28550.7800
1627567636276000,1,0.00655382,28552.7000
1627567636292000,1,0.00650000,28552.7000
1627567712205000,0,0.07000000,28606.5000
1627567712246000,0,0.00516997,28606.5000
1627567723594000,1,0.07511227,28588.0600
1627567780977000,0,0.07000000,28599.0000
1627567832704000,0,0.09000000,28575.8800
1627567832745000,0,0.03000000,28575.8800
1627567895820000,0,0.00619700,28582.8700
1627567929413000,0,0.00101000,28583.2300
1627568001416000,1,0.00225400,28603.0800
1627568001460000,1,0.00004600,28603.0800
1627568101635000,0,0.07000000,28575.3600
1627568101820000,0,0.00518280,28575.3600
1627568123472000,0,0.07079144,28581.4200
1627568317336000,0,0.00165641,28504.8600
1627568317401000,1,0.06000000,28483.5800
1627568375091000,1,0.07536600,28452.6900
1627568375561000,1,0.07000000,28439.5600
1627568379679000,1,0.07545844,28410.6000
1627568379679000,1,0.00090000,28410.5700
1627568391902000,0,0.00630000,28419.3800
1627568393425000,0,0.00690000,28421.9500
1627568469899000,0,0.07564347,28395.3600
1627568474063000,0,0.06952000,28410.8100
1627568507896000,1,0.00108313,28386.5500
1627568596250000,0,0.00529000,28421.3500
1627568598275000,0,0.00166284,28421.1900
1627568649328000,0,0.03327053,28411.6300
1627568728311000,0,0.07000000,28393.1900
1627568728344000,0,0.00562945,28393.1900
1627568744491000,0,0.01764000,28407.8900
1627568769586000,1,0.02318891,28392.6900
1627568873226000,0,0.00166256,28425.9200
1627568902319000,1,0.07554467,28412.1400
1627568902319000,1,0.07555277,28409.1400
1627568902319000,1,0.07556711,28406.1500
1627568936497000,1,0.24000000,28409.4600
1627568936497000,1,0.07554613,28408.4300
1627568936497000,1,0.23445387,28406.9000
1627568936909000,1,0.07554613,28408.4300
1627568970208000,0,0.02985924,28483.6000
1627568970208000,0,0.07547221,28483.6100
1627569068292000,0,0.07515211,28579.1100
1627569088861000,0,0.00082576,28581.9300
1627569088861000,0,0.07510532,28590.7100
1627569088861000,0,0.07516843,28594.1100
1627569109144000,1,0.05036036,28588.3500
1627569114845000,0,0.00090000,28601.7100
1627569114845000,0,0.00090000,28609.3200
1627569114845000,0,0.00141000,28610.4300
1627569115516000,0,0.00137200,28596.1300
1627569175448000,0,0.07534216,28501.8700
1627569175528000,0,0.07532904,28506.8800
1627569192836000,0,0.11310000,28494.4900
1627569232349000,1,0.07535458,28472.9600
1627569246867000,0,0.00185000,28481.5400
1627569255300000,1,0.00169374,28471.6500
1627569255346000,1,0.00000001,28471.6500
1627569270808000,1,0.00127030,28455.5900
1627569270811000,1,0.00000001,28455.5900
1627569308450000,0,0.03472000,28430.1000
1627569333763000,0,0.01743000,28445.0100
1627569369216000,0,0.02328000,28429.5200
1627569385108000,1,0.07550947,28414.7900
1627569385108000,1,0.07449053,28407.9500
1627569385172000,1,0.00103206,28407.9500
1627569401987000,0,0.00169000,28423.3200
1627569418716000,0,0.00250000,28439.5700
1627569419928000,1,0.01687518,28417.5700
1627569528540000,0,0.07537785,28489.6200
1627569528540000,0,0.04595215,28493.7300
1627569565860000,0,0.01348000,28464.7600
1627569629968000,0,0.07539674,28506.7200
1627569629968000,0,0.00876326,28509.9500
1627569644559000,0,0.07000000,28537.8000
1627569684411000,1,0.07523826,28522.0000
1627569684451000,1,0.24000000,28519.7100
1627569695943000,1,0.06000000,28515.4700
1627569710623000,0,0.00239880,28544.4400
1627569726518000,0,0.00230000,28545.4400
1627569734472000,0,0.00090000,28559.5100
1627569734472000,0,0.00330000,28562.0700
1627569745245000,0,0.00269000,28556.7200
1627569841251000,0,0.01832659,28531.2000
1627569851507000,1,0.06000000,28523.1200
1627569895310000,0,0.00141000,28511.2100
1627569992841000,0,0.01264607,28531.3200
1627570020930000,0,0.00090000,28532.4700
1627570193653000,0,0.07521447,28561.3300
1627570193653000,0,0.01718762,28564.5000
1627570207822000,0,0.00207000,28554.4600
1627570212478000,0,0.00527000,28552.0800
1627570228315000,0,0.00492000,28561.3900
1627570248623000,0,0.00336000,28563.1500
1627570251696000,0,0.00300000,28564.5700
1627570276299000,0,0.00182000,28555.5600
1627570329587000,0,0.00604000,28584.2300
1627570344426000,0,0.07516503,28566.1600
1627570344426000,0,0.24000000,28569.8500
1627570344426000,0,0.02758650,28571.2700
1627570404892000,0,0.00672000,28565.1000
1627570450841000,0,0.00470000,28562.3100
1627570465073000,0,0.02053000,28548.9600
1627570518094000,0,0.20962565,28553.9000
1627570586404000,0,0.00526000,28589.1400
1627570658680000,1,0.07000000,28579.0600
1627570747605000,0,0.02300896,28603.2000
1627570764375000,0,0.00491000,28600.6100
1627570780375000,1,0.24000000,28571.1400
1627570780375000,1,0.05000000,28568.2900
1627570780409000,1,0.02512583,28568.2900
1627570799922000,0,0.07000000,28590.8800
1627570829542000,1,0.01255530,28591.7700
1627570848289000,1,0.05000000,28574.4400
1627570906593000,0,0.00330956,28596.3700
1627570991428000,0,0.00491000,28605.6500
1627571050467000,0,0.03354000,28594.9500
1627571142068000,0,0.00101000,28607.4400
1627571201291000,0,0.00171000,28601.4300
1627571214970000,0,0.02734650,28599.2700
1627571222638000,0,0.00246000,28606.0300
1627571344253000,0,0.00171000,28663.7300
1627571345620000,0,0.06496894,28663.7300
1627571345627000,0,0.00823269,28663.7300
1627571358916000,0,0.00230000,28710.0500
1627571358957000,0,0.07000000,28710.0500
1627571387531000,0,0.00090000,28675.4400
1627571387531000,0,0.07487004,28677.7200
1627571387531000,0,0.00090000,28682.2700
1627571404049000,0,0.07482816,28697.1300
1627571454547000,1,0.00348189,28720.0000
1627571551312000,0,0.00173797,28673.2300
1627571619968000,0,0.00175000,28679.2600
1627571621979000,1,0.07000000,28659.0000
1627571706650000,1,0.00744996,28560.8200
1627571706650000,1,0.01862594,28556.0800
1627571706650000,1,0.07507029,28556.0700
1627571707019000,1,0.00100000,28577.8400
1627571707067000,1,0.00024821,28577.8400
1627571715747000,1,0.00155011,28537.7700
1627571716908000,1,0.00077391,28508.6600
1627571719367000,0,0.00527000,28542.3000
1627571746958000,0,0.00090000,28527.8100
1627571746958000,0,0.00152000,28534.0200
1627571757710000,1,0.00090000,28496.5800
1627571757710000,1,0.02659967,28491.3200
1627571783501000,1,0.06500000,28513.9700
1627571888607000,0,0.16764000,28624.6300
1627572258468000,0,0.00100540,28654.6900
1627572351489000,1,0.02000000,28641.5000
1627572371142000,0,0.00090000,28656.8400
1627572371142000,0,0.02420000,28659.5700
1627572380842000,0,0.00837000,28657.4700
1627572383106000,0,0.01339000,28657.4300
1627572407048000,0,0.00315000,28669.2300
1627572450359000,0,0.01338000,28665.0500
1627572509345000,0,0.01339000,28648.2400
1627572520159000,0,0.00724000,28643.8500
1627572520259000,0,0.09276000,28643.8500
1627572564038000,0,0.01338000,28659.7800
1627572639430000,0,0.00134000,28663.9400
1627572640751000,0,0.24000000,28662.5000
1627572640751000,0,0.49030093,28663.9300
1627572640751000,0,0.23866000,28663.9400
1627572640751000,0,0.07498164,28665.3700
1627572640751000,0,0.07495726,28670.5500
1627572640751000,0,0.00090000,28671.1900
1627572640824000,1,0.00200000,28673.0100
1627572640846000,1,1.24979492,28673.0100
1627572640864000,1,0.07498164,28673.0100
1627572640908000,1,1.03406481,28673.0100
1627572676738000,0,0.01004000,28661.9900
1627572690256000,0,0.00484000,28661.9900
1627572715564000,0,0.01171000,28661.9900
1627572719819000,1,0.45552018,28639.5000
1627572729809000,0,0.00134875,28654.5600
1627572730251000,0,0.00619000,28654.5600
1627572770040000,1,0.00134875,28640.2100
1627572808237000,0,0.05025000,28628.2200
1627572812643000,1,0.21457556,28579.5700
1627572812643000,1,0.46542444,28579.5600
1627572812731000,1,0.00851817,28579.5600
1627573042220000,1,0.07000000,28599.2500
1627573122946000,1,0.07513042,28581.2300
1627573147470000,1,0.07511751,28586.0000
1627573147470000,1,0.24000000,28583.7700
1627573147470000,1,0.07488249,28582.3500
1627573161900000,0,0.00491000,28605.9900
1627573220688000,0,0.05533831,28605.1600
1627573433653000,0,0.00344000,28600.2400
1627573669773000,0,0.00268000,28615.4600
1627573675001000,0,0.00086919,28610.6200
1627573690890000,0,0.06559000,28609.6800
1627573788884000,1,0.07507222,28607.4700
1627573788884000,1,0.24000000,28605.9200
1627573788884000,1,0.07507995,28604.4900
1627573788884000,1,0.06984783,28601.4300
1627573788900000,1,0.00524592,28601.4300
1627573810332000,1,0.07510089,28598.2700
1627573812304000,0,0.00144000,28612.8200
1627573834910000,0,0.00171000,28623.9400
1627573858174000,1,0.24000000,28602.1600
1627573858174000,1,0.00090000,28600.7300
1627573858174000,1,0.06910000,28600.4000
1627573858199000,1,0.00596861,28600.4000
1627573898993000,1,0.24000000,28598.2700
1627573898993000,1,0.07508215,28598.1400
1627573898993000,1,0.07491785,28595.0500
1627573899270000,1,0.03000000,28601.2400
1627573941682000,0,0.01023863,28612.4000
1627573951888000,1,0.00280000,28595.8600
1627573954911000,0,0.07000000,28619.7600
1627573972092000,0,0.00347492,28638.9700
1627573986832000,1,0.07503451,28617.7600
1627573986832000,1,0.07496549,28613.8200
1627573987065000,1,0.07000000,28617.7600
1627574024241000,1,0.00007379,28613.8200
1627574024241000,1,0.07505800,28608.2300
1627574024241000,1,0.07486821,28605.2300
1627574067824000,0,0.00948000,28638.2300
1627574075879000,1,0.07000000,28611.2000
1627574086976000,1,0.07503304,28600.9800
1627574169347000,0,0.00134000,28633.4900
1627574250090000,1,0.07000000,28617.0000
1627574250124000,1,0.00098000,28617.0000
1627574250190000,1,0.00408106,28617.0000
1627574252131000,1,0.07000000,28617.0000
1627574253190000,1,0.03000000,28617.0200
1627574264068000,1,0.01000000,28625.6800
1627574264111000,1,0.06502903,28625.6800
1627574266093000,1,0.07000000,28625.6800
1627574266125000,1,0.00502903,28625.6800
1627574270452000,1,0.06000000,28622.6000
1627574270499000,1,0.01000000,28622.6000
1627574283226000,1,0.00097976,28620.5400
1627574289450000,1,0.01000000,28623.1600
1627574289475000,1,0.07353002,28623.1600
1627574346396000,0,0.00469000,28639.5300
1627574372213000,0,0.01501000,28627.7500
1627574408651000,1,0.07506088,28615.1000
1627574408651000,1,0.02493912,28610.8900
1627574435731000,0,0.00201000,28601.8000
1627574437597000,0,0.00351000,28601.8000
1627574477259000,0,0.00380000,28599.3400
1627574503927000,1,0.00459032,28617.7600
1627574541836000,0,0.07507697,28631.5000
1627574541836000,0,0.07507540,28633.5900
1627574541837000,0,0.07508321,28626.9600
1627574542065000,0,0.00300000,28642.5900
1627574551829000,0,0.00230000,28754.5100
1627574552650000,0,0.22000000,28754.5100
1627574553129000,0,0.00163385,28754.5100
1627574585518000,1,0.00432759,28618.0700
1627574599383000,1,0.00100000,28598.7900
1627574599401000,1,0.00025623,28598.7900
1627574654608000,0,0.00170818,28568.4700
1627574657041000,1,0.00090000,28537.7300
1627574657041000,1,0.00910000,28535.7700
1627574703701000,0,0.00168000,28598.1000
1627574744786000,0,0.00184000,28617.4300
1627574768102000,0,0.00503000,28633.8400
1627574848299000,1,0.01000000,28598.3600
1627574860774000,0,0.00090000,28610.1100
1627574860774000,0,0.00748000,28611.9300
1627574968355000,0,0.00090000,28583.2300
1627574968355000,0,0.00011000,28584.3600
1627574995679000,1,0.02702718,28572.3600
1627575056099000,1,0.00249830,28533.2200
1627575056099000,1,0.00072713,28525.1900
1627575136254000,0,0.21323556,28523.6000
1627575136254000,0,0.46620138,28523.6200
1627575140866000,0,0.01378000,28545.1200
1627575167155000,0,0.03378367,28544.4700
1627575200151000,1,0.07525293,28551.8400
1627575297890000,1,0.09950000,28553.7000
1627575298366000,1,0.05184504,28549.4800
1627575323514000,1,0.03000000,28539.5600
1627575323576000,1,0.00165648,28539.5600
1627575351902000,0,0.00421000,28550.5600
1627575418609000,1,0.01549538,28556.1500
1627575434283000,1,0.02000000,28573.7400
1627575434411000,1,0.00733236,28573.7400
1627575434754000,1,0.00131535,28573.7400
1627575437479000,1,0.07000000,28560.5400
1627575441671000,1,0.07000000,28561.1300
1627575441796000,1,0.07523144,28557.3500
1627575587926000,0,0.00567539,28591.0400
1627575609315000,0,0.00341636,28624.6300
1627575653574000,1,0.24000000,28611.8500
1627575653574000,1,0.07000000,28610.4200
1627575663515000,0,0.00100000,28640.0000
1627575664009000,1,0.07000000,28630.6400
1627575664062000,1,0.00503438,28630.6400
1627575668800000,1,0.00350568,28601.6300
1627575668808000,1,0.00000001,28601.6300
1627575727551000,1,0.07000000,28583.0400
1627575792272000,1,0.07000000,28566.2800
1627575792350000,1,0.00282945,28563.3200
1627575792350000,1,0.07520398,28562.7200
1627575871462000,1,0.00159701,28560.7000
1627575924424000,0,0.01148000,28562.4300
1627575928264000,0,0.01007000,28562.4300
1627576329400000,1,0.01000000,28524.0800
1627576333478000,1,0.00189485,28514.0500
1627576333478000,1,0.00810515,28514.0400
1627576344748000,1,0.00090000,28524.5500
1627576344748000,1,0.00910000,28524.3000
1627576352379000,0,0.01680000,28544.9300
1627576361004000,0,0.00101710,28556.1800
1627576421793000,1,0.01000000,28530.6000
1627576443369000,1,0.01000000,28533.5400
1627576469469000,0,0.00218000,28556.3300
1627576472767000,1,0.01000000,28540.4600
1627576477058000,1,0.01000000,28539.3700
1627576490328000,1,0.01000000,28536.3400
1627576534312000,1,0.00300000,28529.2100
1627576601906000,0,0.01262457,28531.1600
1627576758773000,0,0.00336000,28534.6200
1627576814336000,0,0.00672000,28531.9900
1627577022621000,0,0.00149378,28545.1000
1627577132516000,0,0.00437000,28532.6900
1627577202897000,0,0.07542742,28503.6900
1627577342674000,0,0.07000000,28491.9800
1627577342712000,0,0.00545769,28491.9800
1627577393939000,1,0.01211475,28469.1900
1627577393986000,0,0.00135000,28487.6600
1627577409748000,0,0.04715000,28478.6100
1627577424820000,0,0.01582000,28500.2600
1627577424839000,0,0.00135000,28500.2600
1627577454154000,0,0.00831568,28503.5000
1627577611823000,1,0.07544302,28475.8400
1627577611823000,1,0.07455698,28472.7800
1627577611897000,1,0.03100000,28470.6200
1627577648403000,0,0.00375061,28478.0200
1627577749984000,1,0.05130081,28426.3200
1627577750055000,1,0.07558209,28422.2300
1627577750055000,1,0.03100000,28421.2700
1627577751627000,0,0.00230000,28436.3200
1627577823399000,1,0.07547228,28461.8300
1627577896556000,1,0.07000000,28442.8700
1627577925007000,1,0.00109200,28452.2500
1627577929851000,0,0.01280000,28470.8000
1627577952282000,1,0.07547995,28459.6100
1627577952327000,1,0.07548729,28456.6400
1627577952327000,1,0.07549346,28453.7900
1627578003404000,1,0.00230000,28450.8100
1627578004775000,1,0.03000000,28437.2600
1627578004870000,1,0.01000000,28437.2600
1627578015306000,0,0.00090000,28459.1600
1627578015306000,0,0.00543179,28459.1700
1627578167211000,0,0.00236000,28438.0800
1627578195858000,0,0.00333062,28449.9600
1627578206079000,0,0.00170024,28440.7700
1627578215552000,0,0.02806000,28442.1900
1627578301662000,0,0.00353000,28434.5300
1627578327647000,1,0.00337100,28400.6800
1627578375221000,1,0.07560320,28409.4000
1627578375436000,1,0.07562894,28399.5900
1627578386376000,0,0.10108999,28431.3800
1627578488908000,0,0.00202000,28445.6200
1627578527078000,0,0.07000000,28460.4800
1627578527090000,0,0.00551218,28460.4800
1627578612579000,0,0.00172000,28461.4100
1627578624385000,0,0.00135000,28483.4600
1627578711225000,0,0.07534782,28519.6900
1627578711225000,0,0.03100000,28523.3600
1627578711225000,0,0.07062112,28523.7500
1627578730068000,0,0.02356000,28506.6200
1627578799999000,1,0.07000000,28511.9400
1627578800034000,1,0.00531197,28511.9400
1627578800034000,1,0.07531815,28508.8400
1627578826787000,0,0.02533674,28522.4900
1627578865629000,0,0.00841000,28519.6300
1627578957044000,0,0.12603281,28531.5900
1627578971407000,1,0.06000000,28522.8600
1627579036439000,0,0.00135000,28506.9500
1627579133488000,0,0.00337000,28497.2800
1627579137340000,0,0.07540386,28500.2100
1627579137340000,0,0.02332430,28503.4000
1627579221986000,1,0.07538966,28485.1100
1627579318094000,1,0.00080173,28438.1000
1627579332288000,0,0.07550057,28460.4900
1627579332368000,0,0.00230000,28463.5100
1627579356645000,0,0.00172821,28497.5300
1627579380956000,1,0.00179769,28491.6800
1627579682751000,0,0.00708000,28452.5200
1627579703406000,0,0.07552387,28453.9400
1627579703406000,0,0.07552119,28454.0100
1627579941346000,0,0.00186000,28430.1100
1627580038654000,0,0.00090000,28438.5700
1627580038654000,0,0.00254936,28440.5700
1627580048802000,0,0.00090000,28441.0200
1627580048802000,0,0.00090000,28446.7900
1627580048802000,0,0.07552614,28447.0100
1627580048802000,0,0.07556979,28450.0500
1627580048802000,0,0.00090000,28452.8400
1627580048802000,0,0.02107924,28457.2000
1627580099720000,0,0.00477330,28444.1100
1627580107397000,0,0.01686000,28444.1100
1627580260232000,0,0.02528490,28421.4800
1627580266621000,1,0.07556368,28420.2500
1627580266621000,1,0.07557355,28416.0400
1627580288963000,0,0.03206000,28421.8100
1627580294495000,1,0.00090000,28404.0700
1627580294495000,1,0.07559731,28403.7000
1627580550901000,0,0.12622759,28467.3000
1627580559916000,0,0.00208000,28465.6900
1627580591239000,0,0.00169937,28465.6900
1627580643157000,0,0.00438000,28446.1500
1627580687564000,0,0.00135000,28446.3200
1627580726473000,1,0.07548782,28445.8100
1627580726491000,1,0.24000000,28444.3900
1627580942048000,0,0.00693000,28487.3900
1627580974875000,0,0.00352000,28488.2100
1627581087744000,0,0.06769006,28501.7300
1627581194000000,0,0.00505148,28581.7600
1627581195885000,1,0.00229999,28581.9900
1627581195885000,1,0.00000001,28581.9900
1627581225807000,1,0.06370051,28568.0000
1627581225867000,1,0.13629948,28568.0000
1627581225882000,1,0.00000001,28568.0000
1627581296376000,0,0.03529000,28535.6100
1627581366293000,1,0.07528751,28525.2500
1627581391402000,1,0.03026755,28493.0300
1627581391413000,1,0.00073245,28493.0300
1627581412944000,0,0.00342231,28498.0900
1627581430996000,0,0.07000000,28482.6400
1627581431006000,0,0.00544010,28482.6400
1627581435439000,0,0.00431000,28481.2200
1627581444536000,0,0.07000000,28471.8600
1627581444647000,0,0.00547387,28471.8600
1627581474651000,1,0.01000000,28400.0000
1627581498035000,0,0.00200000,28342.5000
1627581498153000,0,0.00030000,28342.5000
1627581533868000,1,0.07569854,28368.9800
1627581575145000,0,0.00273000,28361.2400
1627581614292000,1,0.07000000,28363.8600
1627581639451000,1,0.04000000,28340.0000
1627581639623000,1,0.02000000,28340.0000
1627581639646000,1,0.04214000,28340.0000
1627581639704000,1,0.01000000,28340.0000
1627581643678000,1,0.07000000,28340.0000
1627581643717000,1,0.10000000,28340.0000
1627581643843000,1,0.71786000,28340.0000
1627581683626000,0,0.05095109,28375.3100
1627581695186000,0,0.00190000,28375.1500
1627581708661000,1,0.01000000,28365.7600
1627581708761000,1,0.00230000,28359.8600
1627581708783000,1,0.00200000,28359.8600
1627581743869000,0,0.07576899,28353.9500
1627581744349000,0,0.00300000,28366.3100
1627581744363000,0,0.17431489,28366.3100
1627581744434000,0,0.10212506,28366.3100
1627581744456000,0,0.15000000,28366.3100
1627581744456000,0,0.04956005,28366.3100
1627581753883000,0,0.00334057,28376.8900
1627581800863000,0,0.01127000,28345.8700
1627581944429000,0,0.05840885,28386.2100
1627581981489000,0,0.00706000,28380.3700
1627581992029000,0,0.01740000,28380.3700
1627582000543000,1,0.07563399,28384.2200
1627582002489000,1,0.00230000,28378.2000
1627582002489000,1,0.23770000,28376.8100
1627582044909000,0,0.02489000,28411.1000
1627582268797000,1,0.07561818,28390.6800
1627582332537000,0,0.00203000,28387.2300
1627582335543000,1,0.00182192,28369.0700
1627582359039000,1,0.07560226,28401.3100
1627582359045000,1,0.00000001,28401.3100
1627582359301000,1,0.07561685,28394.3800
1627582375883000,0,0.02530854,28393.3200
1627582408086000,0,0.00507000,28386.6000
1627582504484000,0,0.00173000,28396.7200
1627582564792000,1,0.03100000,28342.3300
1627582596078000,1,0.01055519,28330.3700
1627582692295000,0,0.03512851,28396.0200
1627582694347000,1,0.16000000,28381.1900
1627582694381000,1,0.15000000,28381.1900
1627582694396000,1,0.26000000,28381.1900
1627582694541000,1,0.12000000,28381.1900
1627582694777000,1,0.31000000,28381.1900
1627582870209000,0,0.00749000,28360.5100
1627582946706000,0,0.00669000,28366.5300
1627583047771000,0,0.00443000,28376.1200
1627583057016000,0,0.03842700,28382.5400
1627583084415000,1,0.07571761,28357.8700
1627583084433000,1,0.00000001,28357.8700
1627583084496000,1,0.07571806,28354.8400
1627583084952000,1,0.07572843,28329.0900
1627583104695000,0,0.07000000,28333.3900
1627583178473000,1,0.00101600,28339.1300
1627583195127000,1,0.07578162,28331.3800
1627583257682000,0,0.00516023,28319.8200
1627583266552000,0,0.00827000,28318.6800
1627583268040000,0,0.00297930,28318.6800
1627583298773000,1,0.00088200,28317.5200
1627583327492000,1,0.07582225,28312.3100
1627583331770000,1,0.21457556,28284.3100
1627583331770000,1,0.07583665,28284.2800
1627583331770000,1,0.07585003,28276.1200
1627583332225000,1,0.00137261,28262.3900
1627583332225000,1,1.00000000,28250.0000
1627583333607000,1,0.24000000,28237.8500
1627583334115000,0,0.00229999,28272.5600
1627583334302000,1,0.00229999,28286.6900
1627583342243000,0,0.00298080,28288.8600
1627583434074000,0,0.07000000,28310.7600
1627583434087000,0,0.00588130,28310.7600
1627583434669000,0,0.02536666,28314.8400
1627583458023000,0,0.00401162,28318.1900
1627583500575000,1,0.01000000,28320.4500
1627583500583000,1,0.02000000,28320.4500
1627583500616000,1,0.01000000,28320.4500
1627583501289000,1,0.13000000,28320.4500
1627583501868000,1,0.00500000,28320.4500
1627583534881000,0,0.00102000,28289.0800
1627583559752000,1,0.47648366,28277.2900
1627583559752000,1,0.07591120,28275.3900
1627583578837000,1,0.07597141,28247.8800
1627583578837000,1,0.07593334,28245.8700
1627583596885000,0,0.00296937,28260.4500
1627583600403000,1,0.01000000,28226.0200
1627583600457000,1,0.00840952,28226.0200
1627583601225000,1,0.02647411,28200.0000
1627583601376000,0,0.00297034,28234.5700
1627583606068000,0,0.00594393,28230.0600
1627583608572000,0,0.21160619,28236.2800
1627583646954000,0,0.00090000,28269.2200
1627583646954000,0,0.00755000,28270.5100
1627583704647000,0,0.00746000,28282.4300
1627583827400000,0,0.07603649,28255.3700
1627583827400000,0,0.07602901,28258.4800
1627583827400000,0,0.05793450,28261.4600
1627583832150000,1,0.07000000,28268.8100
1627583833420000,0,0.00169000,28291.9400
1627583849634000,0,0.00678000,28286.8500
1627583887089000,1,0.07596584,28263.8700
1627583887089000,1,0.07597321,28260.5700
1627583904379000,0,0.00339000,28280.0600
1627583945560000,0,0.00230000,28283.4500
1627583964446000,0,0.00121000,28293.2700
1627583967913000,0,0.07000000,28294.6800
1627584014825000,0,0.07590145,28308.0400
1627584014825000,0,0.07589108,28311.4400
1627584014825000,0,0.07588333,28314.3300
1627584054221000,0,0.00652000,28327.1000
1627584249606000,0,0.00874000,28256.1900
1627584324245000,0,0.00176006,28265.9500
1627584423106000,1,0.07000000,28267.9200
1627584436132000,0,0.07595202,28297.9600
1627584436207000,0,0.07595127,28299.3200
1627584441615000,1,0.07591295,28288.0500
1627584485817000,1,0.10000000,28280.3900
1627584504107000,0,0.00136000,28298.4900
1627584612611000,0,0.00203000,28294.3300
1627584613675000,1,0.03100000,28269.8000
1627584613675000,1,0.07597608,28268.7800
1627584739724000,0,0.07599937,28276.0500
1627584744672000,1,0.01000000,28265.2200
1627584840248000,0,0.00090000,28302.4100
1627584840248000,0,0.00082674,28306.6900
1627584907247000,0,0.00090000,28319.7700
1627584907247000,0,0.00012000,28322.8400
1627584990907000,0,0.00104000,28299.8700
1627585001012000,0,0.07590756,28302.7300
1627585001012000,0,0.02763195,28305.6800
1627585051240000,0,0.00102000,28324.3100
1627585052908000,0,0.00708000,28324.1200
1627585061471000,0,0.01799000,28324.6400
1627585130135000,0,0.07000000,28297.7600
1627585141266000,0,0.01275579,28303.7300
1627585201885000,0,0.00334673,28312.1200
1627585301915000,0,0.00301000,28293.9200
1627585422892000,1,0.00091481,28278.7800
1627585452378000,0,0.00339000,28311.8700
1627585513126000,0,0.00638350,28290.1100
1627585704454000,0,0.00102000,28289.1600
1627585720488000,0,0.00668000,28289.8500
1627585761783000,1,0.00101300,28268.0800
1627585936879000,1,0.07000000,28337.9200
1627585936970000,1,0.07577092,28334.9800
1627585940640000,0,0.00362250,28356.5700
1627585940656000,0,0.00000001,28356.5700
1627585943161000,0,0.00348179,28368.8300
1627586051839000,1,0.07576769,28335.0400
1627586079990000,1,0.20000000,28352.6100
1627586159028000,1,0.07566923,28377.7700
1627586159028000,1,0.07568466,28373.4100
1627586169343000,0,0.01689000,28391.5400
1627586209309000,1,0.07566723,28361.5500
1627586209431000,1,0.07571470,28359.1100
1627586229570000,1,0.00225400,28369.0300
1627586252600000,0,0.00090000,28372.0200
1627586252600000,0,0.00090000,28377.7000
1627586252600000,0,0.03389506,28384.5200
1627586259192000,1,0.07571320,28344.3500
1627586270042000,1,0.07577112,28336.4300
1627586368321000,1,0.07000000,28315.5200
1627586402325000,0,0.00173000,28332.4500
1627586416137000,0,0.00090000,28321.5000
1627586416137000,0,0.00890000,28324.7200
1627586431717000,0,0.00164000,28325.1200
1627586460233000,0,0.00339000,28306.7300
1627586466083000,0,0.00373000,28305.3100
1627586552940000,0,0.00140000,28312.7100
1627586674183000,0,0.01863000,28320.5500
1627586815501000,1,0.01500000,28311.4800
1627586835713000,0,0.01608870,28320.9600
1627586836183000,1,0.07588263,28301.5200
1627586836183000,1,0.00400000,28300.5000
1627586836376000,1,0.07589148,28298.2900
1627586888964000,0,0.00090000,28295.0800
1627586888964000,0,0.00039000,28296.6400
1627587008529000,1,0.07592281,28288.8600
1627587026722000,0,0.01186000,28307.3000
1627587116246000,0,0.00200821,28339.1500
1627587147755000,1,0.07583107,28326.7600
1627587147755000,1,0.07583885,28323.6700
1627587176449000,0,0.01016000,28320.6300
1627587186475000,0,0.00485176,28320.8300
1627587236896000,0,0.07000000,28301.4400
1627587282028000,0,0.01016000,28319.0200
1627587341932000,0,0.05230000,28359.6300
1627587386958000,0,0.01312177,28363.7000
1627587460217000,1,0.07000000,28301.8700
1627587520536000,0,0.00136000,28308.7700
1627587554927000,1,0.07590325,28296.0900
1627587554927000,1,0.07591118,28293.2200
1627587566370000,0,0.00234000,28303.3400
1627587607223000,0,0.00102000,28306.2600
1627587672033000,0,0.00230000,28292.0400
1627587685795000,1,0.07000000,28293.0800
1627587688545000,0,0.01016000,28313.3000
1627587824907000,1,0.24000000,28294.5600
1627587824907000,1,0.07591147,28294.0100
1627587824907000,1,0.21408853,28292.3300
1627587841081000,1,0.00230000,28300.3200
1627587906534000,0,0.00169000,28308.7100
1627587938185000,0,0.01449247,28312.2900
1627587948377000,0,0.00207034,28311.0600
1627587996212000,0,0.00339000,28321.4400
1627588048632000,0,0.03377386,28349.8500
1627588118431000,0,0.00135000,28360.1100
1627588150418000,1,0.00230000,28342.0500
1627588150465000,1,0.07579189,28335.4500
1627588199126000,1,0.01306932,28379.8500
1627588199132000,1,0.06260921,28379.8500
1627588199307000,1,0.04000000,28374.9100
1627588199428000,1,0.07569680,28371.1700
1627588199428000,1,0.07570620,28367.4400
1627588207885000,1,0.07571800,28363.8200
1627588231056000,0,0.00423000,28375.6800
1627588237973000,1,0.07569549,28352.5200
1627588237973000,1,0.07570823,28347.7100
1627588237973000,1,0.04852650,28344.1200
1627588237975000,1,0.02718768,28344.1200
1627588237975000,1,0.00090000,28340.2100
1627588237975000,1,0.03100000,28337.8300
1627588237975000,1,0.07574072,28335.4500
1627588238136000,1,0.07569549,28352.5200
1627588307905000,1,0.24000000,28390.3400
1627588367327000,0,0.01519000,28415.6000
1627588375749000,0,0.01232000,28410.0800
1627588388106000,0,0.00230000,28441.4300
1627588393374000,1,0.07557207,28403.9300
1627588419458000,1,0.05000000,28424.0200
1627588507792000,1,0.07552070,28431.9600
1627588509736000,1,0.03810500,28419.5000
1627588516366000,1,0.07554005,28423.8700
1627588517954000,0,0.00083432,28434.3800
1627588564973000,0,0.00090000,28425.1900
1627588564973000,0,0.00086400,28431.4300
1627588594571000,1,0.07550967,28434.7400
1627588682889000,0,0.00090000,28448.6100
1627588682889000,0,0.00090000,28455.0300
1627588682889000,0,0.03588227,28455.4600
1627588785864000,0,0.00219000,28431.0600
1627589061113000,0,0.00206153,28433.1300
1627589190446000,1,0.00400000,28399.5500
1627589217692000,1,0.07559295,28411.6800
1627589221606000,0,0.00090000,28413.1600
1627589221606000,0,0.00240191,28414.3000
1627589355919000,1,0.00804353,28413.6600
1627589359237000,1,0.00603265,28410.5400
1627589367566000,1,0.00904898,28410.5800
1627589373888000,1,0.00452449,28410.5800
1627589378847000,1,0.00452449,28402.4500
1627589390961000,0,0.07562861,28413.8700
1627589397159000,0,0.01012000,28422.3400
1627589536749000,0,0.00705000,28420.8900
1627589738190000,0,0.08850000,28405.6500
1627589782756000,0,0.00166681,28394.3400
1627590058341000,1,0.07560079,28410.0800
1627590058341000,1,0.07561128,28406.7800
1627590117206000,1,0.07551268,28442.4000
1627590117206000,1,0.07552014,28439.1300
1627590117206000,1,0.07552888,28436.1700
1627590143525000,1,0.00147511,28448.2700
1627590185752000,0,0.00867000,28483.0500
1627590203755000,0,0.07542744,28496.8900
1627590203755000,0,0.17705034,28498.1500
1627590213958000,0,0.00171578,28495.5100
1627590219364000,1,0.07542516,28477.9800
1627590300548000,0,0.00855000,28490.7000
1627590371689000,0,0.00842000,28485.1500
1627590435856000,0,0.00101000,28492.0300
1627590447142000,1,0.07545997,28466.0100
1627590471796000,0,0.00230000,28475.6800
1627590480289000,1,0.07546804,28460.6000
1627590480289000,1,0.07548108,28456.6300
1627590494329000,0,0.00166276,28451.6000
1627590525559000,0,0.03417000,28462.9300
1627590814866000,1,0.08800000,28466.6000
1627590935149000,0,0.01022412,28475.7800
1627590969244000,0,0.01010000,28476.0800
1627590994862000,0,0.00090000,28473.9000
1627590994862000,0,0.00118387,28473.9700
1627591209256000,0,0.00208000,28532.2000
1627591210395000,0,0.00118000,28532.2000
1627591259152000,0,0.00174497,28510.4600
1627591472946000,0,0.00165856,28494.4300
1627591489500000,0,0.02507000,28497.3500
1627591696347000,1,0.00176216,28434.7300
1627591697814000,1,0.07553926,28431.7000
1627591697824000,1,0.00000001,28431.7000
1627591702468000,1,0.02686800,28411.4700
1627591896881000,0,0.00276000,28458.0400
1627591956852000,0,0.00266469,28470.4300
1627591977080000,1,0.00225320,28453.1800
1627592036090000,0,0.01179000,28464.1000
1627592060050000,0,0.00173000,28471.2600
1627592220614000,0,0.00539000,28465.4700
1627592306554000,0,0.00724000,28457.8300
1627592367877000,1,0.00365065,28432.5700
1627592478236000,0,0.01440976,28474.4300
1627592541909000,0,0.00337000,28485.6200
1627592684088000,1,0.07398271,28452.4200
1627592684351000,1,0.07550756,28446.1800
1627592721029000,0,0.00436635,28483.7200
1627592801608000,0,0.24000000,28486.8600
1627592801670000,1,0.00300000,28489.8000
1627592803196000,1,0.18000000,28489.8000
1627592803215000,1,0.00444772,28489.8000
1627592808897000,1,0.21457556,28459.5100
1627592808897000,1,0.27088153,28459.5000
1627592829477000,0,0.00090000,28484.3300
1627592829477000,0,0.00262000,28493.0900
1627592968822000,0,0.00166427,28471.9400
1627593009511000,0,0.00337000,28461.0900
1627593052552000,1,0.07489433,28436.5700
1627593138129000,1,0.42000000,28453.0300
1627593138149000,1,0.00802506,28453.0300
1627593175886000,1,0.00627388,28438.6100
1627593181905000,0,0.00090000,28464.1200
1627593181905000,0,0.00584000,28466.1700
1627593229187000,1,0.24000000,28451.5300
1627593230207000,1,0.24000000,28447.4500
1627593230207000,1,0.06918457,28446.0300
1627593321714000,1,0.00088200,28446.1200
1627593399212000,0,0.03436714,28445.0700
1627593640275000,1,0.00230395,28369.7000
1627593640276000,1,0.00000001,28369.7000
1627593640398000,1,0.07569889,28352.4300
1627593691817000,1,0.00169341,28367.6300
1627593759565000,0,0.00533989,28399.0800
1627594066393000,1,0.07561371,28403.8400
1627594066471000,1,0.00000001,28403.8400
1627594104087000,1,0.00127852,28360.8500
1627594104177000,1,0.00002609,28360.8500
1627594145164000,0,0.07574558,28383.4300
1627594145165000,0,0.00000001,28383.4300
1627594203382000,0,0.00350300,28404.2100
1627594310622000,1,0.01100292,28383.4000
1627594442165000,0,0.00090000,28414.9200
1627594442165000,0,0.00042000,28417.1400
1627594570793000,1,0.02462130,28395.5300
1627594570804000,1,0.05101320,28395.5300
1627594570833000,1,0.07564284,28392.4400
1627594570943000,1,0.07565458,28388.5800
1627594591135000,0,0.00348000,28386.9900
1627594609662000,0,0.00803000,28386.9900
1627594621608000,1,0.00082134,28363.0400
1627594621608000,1,0.25385527,28353.4400
1627594621632000,1,0.14272148,28353.4400
1627594621671000,1,0.04442325,28353.4400
1627594621879000,1,0.00697963,28336.8500
1627594621879000,1,0.01744981,28333.6700
1627594621879000,1,0.07573783,28330.3600
1627594633034000,1,0.02000000,28307.0700
1627594721469000,0,0.00135000,28359.9700
1627594801532000,1,0.00090000,28341.0700
1627594801532000,1,0.00800000,28339.6700
1627595005974000,0,0.00090000,28366.9000
1627595005974000,0,0.00011000,28367.2300
1627595321576000,0,0.00406000,28383.2300
1627595325824000,0,0.00203000,28370.7700
1627595373445000,1,0.00075693,28339.1900
1627595396830000,0,0.00507000,28352.0400
1627595463929000,0,0.00090000,28345.2700
1627595463929000,0,0.01983767,28346.8600
1627595886125000,0,0.07433542,28338.0700
1627595888158000,0,0.00151705,28338.0700
1627595888158000,0,0.07586692,28338.9000
1627595922542000,0,0.07000000,28345.4100
1627596382890000,1,0.07560748,28391.2800
1627596382890000,1,0.46793886,28386.8000
1627596382890000,1,0.07561189,28386.7900
1627596425084000,1,0.00110000,28399.5500
1627596465373000,0,0.08780000,28409.7700
1627596509636000,1,0.07564373,28378.2400
1627596509636000,1,0.07262672,28374.4200
1627596523059000,1,0.00090000,28366.1100
1627596602009000,1,0.00088200,28348.7300
1627596604304000,1,0.00090000,28348.3000
1627596604304000,1,0.07419582,28347.4000
1627596615320000,1,0.07568361,28363.6900
1627596615320000,1,0.00090000,28363.3300
1627596615320000,1,0.00040219,28358.0800
1627596622953000,1,0.07530050,28358.0800
1627596622953000,1,0.00090000,28357.2300
1627596622953000,1,0.07571084,28355.0300
1627596622953000,1,0.07162829,28352.1900
1627596623588000,1,0.00225400,28365.3300
1627596626771000,0,0.00166571,28372.2600
1627596802984000,0,0.00135000,28450.3900
1627596811402000,0,0.00455000,28447.5500
1627596839138000,1,0.07553238,28421.0600
1627596839138000,1,0.07553238,28418.1500
1627596839138000,1,0.07101638,28414.9800
1627596857316000,1,0.09321000,28417.8000
1627596857316000,1,0.07554527,28417.7800
1627596857316000,1,0.07555210,28414.7400
1627596857316000,1,0.00819464,28412.5300
1627596858038000,1,0.07418804,28417.7800
1627596867129000,1,0.07000000,28411.6700
1627596867181000,1,0.00555774,28411.6700
1627596895552000,0,0.00101000,28411.4400
1627596902186000,1,0.07559598,28394.5100
1627596902186000,1,0.07560422,28391.3500
1627596902186000,1,0.03100000,28391.3300
1627596902186000,1,0.24000000,28388.9300
1627596902186000,1,0.06560851,28388.0600
1627596966142000,1,0.07402140,28420.7200
1627596966429000,1,0.00151064,28420.7200
1627596966429000,1,0.01848936,28418.7100
1627596966460000,1,0.02000000,28418.7100
1627597097163000,1,0.02000000,28455.4200
1627597097167000,1,0.48400000,28455.4200
1627597101742000,1,0.07546192,28440.7800
1627597101742000,1,0.03100000,28435.9200
1627597101742000,1,0.07183442,28435.8500
1627597140067000,1,0.07544815,28448.6000
1627597164844000,1,0.07545468,28427.7800
1627597164929000,1,0.07547202,28421.3500
1627597229662000,1,0.07549203,28434.0600
1627597229662000,1,0.07550061,28430.8300
1627597507936000,0,0.00438000,28450.6700
1627597585811000,0,0.00472000,28456.6700
1627597914121000,0,0.00340000,28493.3200
1627597978862000,1,0.07541895,28440.0200
1627597978862000,1,0.02458105,28439.3000
1627598126280000,0,0.00480615,28463.6400
1627598327787000,1,0.00508217,28459.5300
1627598327876000,1,0.07034643,28459.5300
1627598327876000,1,0.07540857,28459.2400
1627598327876000,1,0.07424500,28456.5700
1627598361796000,0,0.02000000,28480.4400
1627598436951000,1,0.07000000,28480.0500
1627598436990000,1,0.07538556,28477.5800
1627598539164000,0,0.00404000,28493.8700
1627598822284000,0,0.01000000,28497.0100
1627598842129000,0,0.00101000,28499.8000
1627598868188000,0,0.05980000,28501.5500
1627598871766000,0,0.00165805,28503.3400
1627599120747000,0,0.01646000,28474.7800
1627599177867000,0,0.00135872,28469.5000
1627599308116000,0,0.00135824,28468.4600
1627599438244000,0,0.00088200,28490.5100
1627599438599000,0,0.00001800,28490.5100
1627599686474000,1,0.00394258,28492.7100
1627599718596000,0,0.00346000,28504.4800
1627599738876000,1,0.00177035,28488.7000
1627599754622000,0,0.00300000,28509.1600
1627599815731000,0,0.07000000,28639.7300
1627599819437000,0,0.00090000,28632.7300
1627599819437000,0,0.00090000,28639.8200
1627599819437000,0,0.02820000,28640.0000
1627599828968000,0,0.00142006,28640.0000
1627599836229000,0,0.06295108,28671.4100
1627599842358000,1,0.00090000,28647.8300
1627599842358000,1,0.00259162,28642.8300
1627599847170000,1,0.48000000,28631.9600
1627599875029000,1,0.07442991,28566.0200
1627599936057000,0,0.00090000,28617.1100
1627599936057000,0,0.00208000,28617.7100
1627599973354000,1,0.07500680,28615.5800
1627599973354000,1,0.07500659,28612.5900
1627600021945000,0,0.01000000,28608.5500
1627600051222000,1,0.06270195,28573.9800
1627600051231000,1,0.00000001,28573.9800
1627600057221000,1,0.04301526,28565.4300
1627600092416000,1,0.02275024,28569.6200
1627600092469000,0,0.00201000,28596.4300
1627600131857000,0,0.00402000,28594.8200
1627600133060000,1,0.03900938,28574.8600
1627600133161000,1,0.05238988,28569.6200
1627600160564000,0,0.00305000,28589.0500
1627600289836000,1,0.07517599,28550.3500
1627600289836000,1,0.07217490,28546.4600
1627600311072000,0,0.00230000,28566.1400
1627600337241000,1,0.07000000,28565.6000
1627600337292000,1,0.00513734,28565.6000
1627600358028000,0,0.00514000,28576.0300
1627600379571000,0,0.00084622,28566.9000
1627600429899000,0,0.03416841,28576.5100
1627600519457000,0,0.00403000,28576.7000
1627600538189000,0,0.06087120,28583.8300
1627600538194000,0,0.08213601,28583.8300
1627600538226000,0,0.08434028,28583.8300
1627600538307000,0,0.00279664,28583.8300
1627600538397000,0,0.04231376,28583.8300
1627600707388000,0,0.10000000,28632.0800
1627600707480000,0,0.20010765,28632.0300
1627600707488000,0,0.00230000,28632.0300
1627600707492000,0,0.00640791,28632.0300
1627600711506000,1,0.00703125,28704.3100
1627600711506000,1,0.00136080,28704.3000
1627600715984000,1,0.00230000,28819.8800
1627600716989000,1,0.00230000,28819.8800
1627600718402000,1,0.03683506,28819.8800
1627600718900000,1,0.01379611,28819.8800
1627600718919000,1,0.00230000,28819.8800
1627600718934000,1,0.00300000,28819.8800
1627600718971000,1,0.03197469,28819.8800
1627600718995000,1,0.13682991,28819.8800
1627600719021000,1,0.09666859,28819.8800
1627600727997000,1,0.00090000,28767.0600
1627600727997000,1,0.00090000,28760.0900
1627600727997000,1,0.51820000,28759.6600
1627600728222000,1,0.00880000,28759.6600
1627600761462000,1,0.05000000,28802.4800
1627600761502000,1,0.00315427,28802.4800
1627600790176000,0,0.00090000,28818.8200
1627600790232000,1,0.00090000,28821.0700
1627600790237000,1,0.00230000,28821.0700
1627600855534000,0,0.03000000,28810.7200
1627600855546000,0,0.04455987,28810.7200
1627600992329000,1,0.11964632,28782.7400
1627600992549000,1,0.14021195,28782.7400
1627600993301000,1,0.02719395,28782.7400
1627600993305000,1,0.11994778,28782.7400
1627601151685000,1,0.00338595,28841.0300
1627601156486000,0,0.01000000,28881.0500
1627601158577000,0,0.00201716,28889.8200
1627601159579000,0,0.08000000,28897.0000
1627601159699000,0,0.00850000,28897.0000
1627601189334000,0,0.24000000,28843.5900
1627601189334000,0,0.04000000,28845.0300
1627601205726000,0,0.07445007,28852.9800
1627601205726000,0,0.07443782,28857.1000
1627601328687000,0,0.07000000,28837.6600
1627601331166000,1,0.00316611,28823.0100
1627601367920000,1,0.00338527,28851.3900
1627601371083000,1,0.00405361,28851.3600
1627601378109000,0,0.00315854,28843.8700
1627601378154000,0,0.00006446,28843.8700
1627601395745000,0,0.03100000,28869.6300
1627601398157000,1,0.00229999,28882.1400
1627601398217000,1,0.00000001,28882.1400
1627601416172000,0,0.07438756,28883.4600
1627601420177000,1,0.00346500,28873.3900
1627601426700000,1,0.00346380,28877.5700
1627601429032000,0,0.19999188,28900.0000
1627601429036000,0,0.19999188,28900.0000
1627601429095000,0,0.00300000,28900.0000
1627601429236000,0,0.00230000,28900.0000
1627601429267000,0,0.09471624,28900.0000
1627601432854000,0,0.11437989,28914.5300
1627601432992000,0,0.02499201,28914.5300
1627601432993000,0,0.03759704,28914.5300
1627601433139000,1,0.01038420,28915.9700
1627601438502000,1,0.07423590,28909.4100
1627601438502000,1,0.00000001,28909.4100
1627601438502000,1,0.07423591,28909.0800
1627601487076000,1,0.03581801,28871.7000
1627601487084000,1,0.19991620,28871.7000
1627601487325000,1,0.15608080,28871.7000
1627601487425000,1,0.09518499,28871.7000
1627601568596000,0,0.09999999,28815.6000
1627601569330000,0,0.00000001,28815.6000
1627601606341000,1,0.00347370,28827.2200
1627601611490000,0,0.00347370,28823.9000
1627601612534000,1,0.00347370,28823.9700
1627601612638000,0,0.00347370,28830.8600
1627601615042000,1,0.00347370,28823.9500
1627601616811000,1,0.03261803,28828.9200
1627601616814000,1,0.00347370,28828.9200
1627601616831000,1,0.03837065,28828.9200
1627601618420000,1,0.00347370,28818.4000
1627601618650000,1,0.00347370,28818.4000
1627601619404000,1,0.00090000,28824.1900
1627601619404000,1,0.00009950,28818.4000
1627601625221000,0,0.00230000,28808.7400
1627601625341000,0,0.00117370,28808.7400
1627601629712000,0,0.00347369,28808.7400
1627601629789000,0,0.00000001,28808.7400
1627601630013000,0,0.00347370,28810.1800
1627601631591000,1,0.00347370,28800.9000
1627601632300000,1,0.00347370,28802.1200
1627601633204000,1,0.00347370,28803.6800
1627601633400000,1,0.00347370,28800.8400
1627601634042000,0,0.00347370,28803.1000
1627601634203000,0,0.00347370,28803.1000
1627601634440000,1,0.00347370,28806.4300
1627601634910000,0,0.00099950,28816.9600
1627601635212000,1,0.00347370,28808.8900
1627601635435000,1,0.00347370,28808.8900
1627601635621000,1,0.00347370,28812.4000
1627601635821000,1,0.00347370,28812.4000
1627601636625000,1,0.00347370,28804.8500
1627601638013000,0,0.00243236,28802.0200
1627601638993000,0,0.00104134,28802.0200
1627601638993000,0,0.00338340,28802.0300
1627601639146000,0,0.00009030,28802.0300
1627601651706000,0,0.00090000,28823.6300
1627601651706000,0,0.00248840,28829.1700
1627601655012000,1,0.00286279,28807.4200
1627601670257000,1,0.00108488,28770.4800
1627601670265000,1,0.00000001,28770.4800
1627601671910000,1,0.00081366,28752.6000
1627601671910000,1,0.03100000,28750.3900
1627601671910000,1,0.04845691,28742.3100
1627601671922000,1,0.15569755,28742.3100
1627601671922000,1,0.04426484,28742.2900
1627601671922000,1,0.03034250,28742.2900
1627601718297000,1,0.00347370,28737.0000
1627601766321000,0,0.00090000,28788.2300
1627601766321000,0,0.00910000,28791.2700
1627601837416000,0,0.00090000,28730.4900
1627601837416000,0,0.06753000,28733.0100
1627601921944000,0,0.00090000,28698.2900
1627601939707000,0,0.00174000,28735.7400
1627601939790000,0,0.00088200,28735.7400
1627601943806000,0,0.00088200,28735.7400
1627601954993000,0,0.00088200,28726.9200
1627601955204000,0,0.00001800,28726.9200
1627601957529000,0,0.00088200,28727.6500
1627601986146000,0,0.01068000,28753.1900
1627602107709000,0,0.00400000,28755.9600
1627602209321000,0,0.03000000,28729.2200
1627602209367000,0,0.00100000,28729.2200
1627602234356000,0,0.00978000,28747.2200
1627602322498000,0,0.07483098,28703.8500
1627602441276000,0,0.23520000,28635.3400
1627602615792000,0,0.00352000,28626.9800
1627602669416000,0,0.00652000,28661.9600
1627602678475000,0,0.07495133,28660.3100
1627602678475000,0,0.07494436,28663.2800
1627602738822000,1,0.07495918,28638.7700
1627602833951000,0,0.00165552,28648.3700
