timestamp ms,type,amount,price
1622419315328000,0,0.00126200,25031.5700
1622419315446000,1,0.02463292,24981.3900
1622419317283000,0,0.00135548,25031.5700
1622419324985000,0,0.00145319,25048.3100
1622419468772000,0,0.39000000,25205.4300
1622419468799000,0,0.00129566,25205.4300
1622419546109000,0,0.00269000,25322.9800
1622419787264000,0,0.08356787,25373.3400
1622420199198000,0,0.00190000,25184.3500
1622420211653000,0,0.00243512,25163.5600
1622420235778000,0,0.00281000,25174.6200
1622420392692000,0,0.08457504,25057.8900
1622420400607000,0,0.03076441,25059.7000
1622420452364000,0,0.00126413,24989.4200
1622420457937000,0,0.00135777,24989.4200
1622420463960000,0,0.03598793,24995.1300
1622420463987000,0,0.01951408,24995.1300
1622420464014000,0,0.01371680,24995.1300
1622420464062000,0,0.01561971,24995.1300
1622420506834000,0,0.00558855,25056.3900
1622420506849000,0,0.00474582,25056.3900
1622420682778000,0,0.04200000,24956.7500
1622420683018000,0,0.01672073,24956.7500
1622420841072000,0,0.00135000,25041.1800
1622421036611000,0,0.00598000,25001.9700
1622421109252000,0,0.00192000,24969.8400
1622421112481000,1,0.00110454,24951.3500
1622421112481000,1,0.00089546,24951.3500
1622421130764000,1,0.00056337,24951.3500
1622421139510000,1,0.00100000,24941.8000
1622421139588000,1,0.00026654,24941.8000
1622421140780000,1,0.00100000,24941.8000
1622421140797000,1,0.00036036,24941.8000
1622421145468000,1,0.07342687,24911.4900
1622421145470000,1,0.01151545,24911.4900
1622421200001000,1,0.00800000,24909.1500
1622421214267000,1,0.00800000,24896.5900
1622421376530000,1,0.00126900,24893.5500
1622421376530000,1,0.00136300,24893.5500
1622421376530000,1,0.00036800,24893.5500
1622421376946000,1,0.00109421,24893.5500
1622421377014000,1,0.00000001,24893.5500
1622421440364000,0,0.00385000,24930.7200
1622421497064000,0,0.01657373,24931.3500
1622421552078000,0,0.04004000,24914.9900
1622421728546000,0,0.00158000,24957.9100
1622421885764000,1,0.04130839,24958.7200
1622422169902000,0,0.00100085,25018.7300
1622422241277000,0,0.00243000,25025.8500
1622422316058000,0,0.00981000,24991.7600
1622423283831000,0,0.02016170,24922.4900
1622423500903000,0,0.03357943,24948.7900
1622423501660000,0,0.00857026,24948.7900
1622423502383000,0,0.03104559,24948.7900
1622423527694000,0,0.09239408,24938.0800
1622423527694000,0,0.08488045,24938.0900
1622423527694000,0,0.08486753,24942.1200
1622423527694000,0,0.03400000,24947.4100
1622423527694000,0,0.08484992,24947.4300
1622423527694000,0,0.02680472,24948.7900
1622423527769000,1,0.01900000,24949.0000
1622423527781000,1,0.64868127,24949.0000
1622423731353000,1,0.02561020,24851.4500
1622423731659000,1,0.07078717,24851.4600
1622423733947000,1,0.02394559,24851.4100
1622423733947000,1,0.25000000,24850.0000
1622423742463000,0,0.00136572,24843.9300
1622423746698000,1,0.00127142,24845.9900
1622423746730000,1,0.00000001,24845.9900
1622423859799000,0,0.00273000,24859.9600
1622423888831000,0,0.00994000,24838.6300
1622423915911000,0,0.00146684,24815.1200
1622423930964000,1,0.00102597,24815.1200
1622423931038000,1,0.00000001,24815.1200
1622423968586000,0,0.00162000,24838.0400
1622423994778000,0,0.04200000,24825.6900
1622424004583000,0,0.07648629,24838.0400
1622424172208000,1,0.00191850,24732.7200
1622424174690000,0,0.00136847,24765.3400
1622424178896000,0,0.00127482,24779.7900
1622424463357000,0,0.01567283,24831.8700
1622424480630000,0,0.00182000,24839.3500
1622424690337000,0,0.00116000,24800.5700
1622424741802000,1,0.00111267,24768.9700
1622424741855000,1,0.00000001,24768.9700
1622424830250000,0,0.00127673,24742.7400
1622424831958000,0,0.00137131,24742.7400
1622424833099000,0,0.00147113,24742.7400
1622424884559000,1,0.03462422,24694.9600
1622424884599000,1,0.06338807,24694.9600
1622424894873000,1,0.00192154,24662.2900
1622424894874000,1,0.00000001,24662.2900
1622424895975000,0,0.00206387,24662.2400
1622424897185000,0,0.00147593,24662.2400
1622424959738000,1,0.00128332,24615.6200
1622424959745000,1,0.00000001,24615.6200
1622424960913000,0,0.00137839,24614.0700
1622425117704000,0,0.00147967,24599.9700
1622425516533000,0,0.00112148,24574.6100
1622425569725000,0,0.00253000,24630.1600
1622425867077000,0,0.00118000,24588.1100
1622425872174000,0,0.00192206,24588.1100
1622425885159000,1,0.00128654,24554.1000
1622425885159000,1,0.00138183,24554.1000
1622425885162000,1,0.00000001,24554.1000
1622426069499000,1,0.00192206,24531.1700
1622426116306000,0,0.00189761,24594.0000
1622426774876000,1,0.00315004,24500.4700
1622426774876000,1,0.01930570,24500.0100
1622426774910000,1,0.01897500,24500.0100
1622426774913000,1,0.00479516,24500.0100
1622426774934000,1,0.02878845,24500.0100
1622426775020000,1,0.19931886,24500.0000
1622426775038000,1,0.02161583,24500.0000
1622426776944000,0,0.00128856,24486.7000
1622426777612000,1,0.09341526,24456.7800
1622426778499000,0,0.00148476,24474.4500
1622426783729000,0,0.00138445,24496.8700
1622426791023000,1,0.00129095,24470.3000
1622426792399000,1,0.00138657,24470.3000
1622426882193000,1,0.08653743,24444.6100
1622426882451000,1,0.00811760,24444.6100
1622427060690000,1,0.00100000,24446.1000
1622427060703000,1,0.00048899,24446.1000
1622427195155000,0,0.00100000,24444.4300
1622427196184000,0,0.00157978,24450.2700
1622427258737000,0,0.00725000,24471.0200
1622427332852000,0,0.03508729,24465.0500
1622427332858000,0,0.00000001,24465.0500
1622427334909000,0,0.03509143,24471.0000
1622427334920000,0,0.00000001,24471.0000
1622427366799000,0,0.08634582,24524.0400
1622427366799000,0,0.08631685,24532.7200
1622427366799000,0,0.08631152,24533.5400
1622427491232000,0,0.08638248,24498.3200
1622427491232000,0,0.08638248,24501.3900
1622427491232000,0,0.08638248,24507.2600
1622427491232000,0,0.00090000,24511.9000
1622427491232000,0,0.04481643,24512.0600
1622427538249000,0,0.00090937,24480.9300
1622427538249000,0,0.00095625,24488.2500
1622427538249000,0,0.08640852,24489.3200
1622427538249000,0,0.00094687,24494.2000
1622427538249000,0,0.00094687,24499.2700
1622427538249000,0,0.17673219,24543.1800
1622427550738000,0,0.01525432,24456.6900
1622427766315000,1,0.00103874,24385.4800
1622427766315000,1,0.00259685,24385.4800
1622427766315000,1,0.19510015,24375.5800
1622427766318000,1,0.07705453,24375.5800
1622427766346000,1,0.02980714,24375.5800
1622427968005000,1,0.09107324,24435.5700
1622427969517000,1,0.00437422,24424.4700
1622427991424000,0,0.03509608,24474.0800
1622427991424000,0,0.07688103,24474.0800
1622427991685000,0,0.01085918,24474.0800
1622427992231000,0,0.03510267,24476.3100
1622428152993000,1,0.09201036,24482.9300
1622428237292000,1,0.00092812,24484.5600
1622428237292000,1,0.00092812,24481.4200
1622428237292000,1,0.00097500,24474.2000
1622428237292000,1,0.08373202,24472.3300
1622428237292000,1,0.06359798,24472.3300
1622428237292000,1,0.02291301,24469.1900
1622428237292000,1,0.07087954,24469.1900
1622428237292000,1,0.01569127,24469.1800
1622428237293000,1,0.08657081,24469.1800
1622428237303000,1,0.08657081,24469.1800
1622428560529000,0,0.00117000,24485.5900
1622428560595000,0,0.00313000,24485.5900
1622428615197000,0,0.07178687,24501.8800
1622428615227000,0,0.01462906,24501.8800
1622428615369000,0,0.02160462,24505.2000
1622428615394000,0,0.06602494,24505.2000
1622428637928000,0,0.00974754,24505.9000
1622428637943000,0,0.02338214,24505.9000
1622428637947000,0,0.02311607,24505.9000
1622428637948000,0,0.02350545,24505.9000
1622428637951000,0,0.00659387,24505.9000
1622429226975000,0,0.08740431,24564.2800
1622429254287000,0,0.00534412,24587.2800
1622429254288000,0,0.04594430,24587.2800
1622429254903000,0,0.08730487,24592.6800
1622429254903000,0,0.03491996,24592.6800
1622430139710000,0,0.00129430,24398.4000
1622430140922000,0,0.00139018,24398.4000
1622430181717000,1,0.05690819,24351.3100
1622430181825000,1,0.00366211,24351.3100
1622430192472000,0,0.00113113,24364.9700
1622430193689000,0,0.00129653,24364.9700
1622430195181000,0,0.00139257,24364.9700
1622430197027000,0,0.00149394,24364.9700
1622430198157000,0,0.00090000,24355.3100
1622430198157000,0,0.00018680,24359.7500
1622430213360000,1,0.04812238,24320.6900
1622430220906000,0,0.00129872,24323.8800
1622430225363000,0,0.00139492,24321.5500
1622430344445000,0,0.00149886,24279.3700
1622430366355000,0,0.00130151,24271.7100
1622430367713000,0,0.00139792,24271.7100
1622430589856000,1,0.08710712,24248.5400
1622430614748000,1,0.00305071,24201.3600
1622430614814000,1,0.00000001,24201.3600
1622430620115000,1,0.00100000,24208.4200
1622430621920000,1,0.00030491,24208.4200
1622430621920000,1,0.00140156,24208.4200
1622430621944000,1,0.00000001,24208.4200
1622430622308000,1,0.00140156,24208.4200
1622430622325000,1,0.00010204,24208.4200
1622430689056000,0,0.00100000,24257.9200
1622430791947000,0,0.00158000,24283.4200
1622430899785000,0,0.00118000,24287.7500
1622431098969000,1,0.00658532,24344.6100
1622431804567000,1,0.00094687,24474.2800
1622431804567000,1,0.00869911,24473.7700
1622431804578000,1,0.00000001,24473.7700
1622431830806000,1,0.00090937,24446.0200
1622431830806000,1,0.01580140,24429.8300
1622431830815000,1,0.06013630,24429.8300
1622431949759000,0,0.00116100,24444.0200
1622431981655000,0,0.01276000,24427.0100
1622432318633000,0,0.06006570,24324.8100
1622432322362000,0,0.00953291,24324.8100
1622432322414000,0,0.01740954,24324.8100
1622432324436000,0,0.02979188,24335.9700
1622432325306000,0,0.00549210,24335.9700
1622432325453000,0,0.00000001,24335.9700
1622432412550000,0,0.00092812,24389.7600
1622432412550000,0,0.02026795,24405.0100
1622432412680000,0,0.05722546,24405.0100
1622432417422000,0,0.00324464,24405.0100
1622432445528000,0,0.00605417,24405.0100
1622432445529000,0,0.00000001,24405.0100
1622432528966000,1,0.04200000,24362.2600
1622432528994000,1,0.04475634,24362.2600
1622432974852000,0,0.04200000,24334.7000
1622432976252000,0,0.02395764,24334.7000
1622432982926000,0,0.02100443,24334.7000
1622433107301000,1,0.02570120,24281.1900
1622433107310000,1,0.01321058,24281.1900
1622433226697000,1,0.08712779,24262.2900
1622433226697000,1,0.08676243,24261.7200
1622434560059000,1,0.08740239,24188.8700
1622434560059000,1,0.08740239,24185.9500
1622434560059000,1,0.02429473,24179.2800
1622434560119000,1,0.06314190,24179.2800
1622434560119000,1,0.00090000,24176.0500
1622434560119000,1,0.08745095,24174.8300
1622434560119000,1,0.00898579,24170.4800
1622434560119000,1,0.00094687,24170.4700
1622434560119000,1,0.03767399,24170.1500
1622434633443000,1,0.08728098,24252.1000
1622434905575000,1,0.08736169,24221.8500
1622434957190000,0,0.00091875,24170.9900
1622434957190000,0,0.00038814,24171.8600
1622434958456000,0,0.00093750,24168.1600
1622434958602000,1,0.00046619,24171.8600
1622435159777000,0,0.03751400,24185.6100
1622435173054000,1,0.08741012,24166.9300
1622435173054000,1,0.08742655,24162.4100
1622435173054000,1,0.08743481,24159.9700
1622435173054000,1,0.03400000,24154.8200
1622435173054000,1,0.00090937,24154.7700
1622435173054000,1,0.08745415,24154.0700
1622435173054000,1,0.00854122,24145.4700
1622435173054000,1,0.00854087,24145.4700
1622435173054000,1,0.62600000,24145.4600
1622435173054000,1,0.05554553,24135.7600
1622435173054000,1,0.09900000,24135.7500
1622435173054000,1,0.81766286,24112.5700
1622435225671000,0,0.08741365,24210.0300
1622435225690000,0,0.00000001,24210.0300
1622435383365000,0,0.07339857,24168.9900
1622435383517000,0,0.01417389,24168.9900
1622435618460000,1,0.00150823,24134.0100
1622435618472000,1,0.00000001,24134.0100
1622435637634000,0,0.03477036,24160.5200
1622435920334000,0,0.01188882,24280.7900
1622435922464000,0,0.04135013,24280.7900
1622435923098000,0,0.01047590,24280.7900
1622435925432000,0,0.00834653,24280.7900
1622435925538000,0,0.00159663,24280.7900
1622435925562000,0,0.02634199,24280.7900
1622436172791000,1,0.08705982,24271.6200
1622436172791000,1,0.08707190,24270.4100
1622436172791000,1,0.08711499,24266.9100
1622436172791000,1,0.01624227,24259.0200
1622436334739000,0,0.00818178,24322.3300
1622436906961000,1,0.00800000,24292.3200
1622436907114000,1,0.00045258,24292.3200
1622436909208000,1,0.02113334,24284.4900
1622437041248000,1,0.03428671,24247.7700
1622437041347000,1,0.06571328,24247.7700
1622437048456000,1,0.00000001,24247.7700
1622437053390000,1,0.00324543,24239.9800
1622437493707000,0,0.00800000,24191.9500
1622437494867000,0,0.11415967,24191.9500
1622437495247000,0,0.02218057,24191.9500
1622437559345000,1,0.08735918,24202.1400
1622437559352000,1,0.00000001,24202.1400
1622437817353000,0,0.08746818,24199.9200
1622437920070000,0,0.03053778,24177.7700
1622437920070000,0,0.01574386,24177.7700
1622437921226000,0,0.01958436,24177.7700
1622437921262000,0,0.01905370,24177.7700
1622437921263000,0,0.01508030,24177.7700
1622438204751000,1,0.02012935,24236.1600
1622438543898000,1,0.00883034,24345.6200
1622438544375000,1,0.00000001,24345.6200
1622438655460000,1,0.08305990,24329.7300
1622438655996000,1,0.13204247,24329.7300
1622439333120000,0,0.06130627,24448.2300
1622439367793000,0,0.01178000,24435.0800
1622439420777000,1,0.04200000,24394.5700
1622439434322000,0,0.08672344,24418.8800
1622439529894000,1,0.24834986,24394.5700
1622440201343000,1,0.05311774,24266.1800
1622440201916000,1,0.08984824,24266.1800
1622440202220000,1,0.01106555,24266.1800
1622440202231000,1,0.01045375,24266.1800
1622440202302000,1,0.33551472,24266.1800
1622440450275000,0,0.00141000,24348.3300
1622440522040000,0,0.00203000,24351.2600
1622440768083000,0,0.02009323,24350.5000
1622440775191000,0,0.02919940,24342.6200
1622440974147000,0,0.00200000,24415.4100
1622441493786000,0,0.01369000,24548.6900
1622441500718000,0,0.00130689,24542.4600
1622441506767000,0,0.00140368,24542.4600
1622441506771000,0,0.00000001,24542.4600
1622441570794000,0,0.08627169,24543.2700
1622441638424000,0,0.08637190,24517.6500
1622441641317000,0,0.00201000,24517.6500
1622441889763000,0,0.00438457,24517.4600
1622441961467000,1,0.00130491,24608.5000
1622441968147000,0,0.00140157,24602.8300
1622441970978000,0,0.00100000,24602.8300
1622441971189000,0,0.00050360,24602.8300
1622442029595000,0,0.03490382,24613.5700
1622442032480000,0,0.40473204,24648.5300
1622442047406000,1,0.00095625,24632.0900
1622442047406000,1,0.00034526,24627.4300
1622442052249000,1,0.00139792,24645.7900
1622442083624000,0,0.08583408,24672.5900
1622442161100000,0,0.08592970,24658.8600
1622442161121000,0,0.00000001,24658.8600
1622442342490000,0,0.00377000,24648.9100
1622442356053000,1,0.00150824,24653.9100
1622442380647000,1,0.10000000,24643.8700
1622442600548000,0,0.02855715,24615.8400
1622442735318000,0,0.05897962,24569.5300
1622442735318000,0,0.02721613,24569.5300
1622442735318000,0,0.08618989,24576.0800
1622442735318000,0,0.03496401,24583.4500
1622442735318000,0,0.05125311,24583.4600
1622442751770000,0,0.01620467,24561.4300
1622443088289000,0,0.00714893,24634.6000
1622443214623000,1,0.00129872,24687.9800
1622443219627000,0,0.00139491,24676.6600
1622443219627000,0,0.00000001,24676.6600
1622443224237000,1,0.00149886,24680.4500
1622443249783000,1,0.00100000,24651.3500
1622443250102000,1,0.03294646,24651.3500
1622443329003000,0,0.01752000,24646.8500
1622443696617000,0,0.04200000,24631.3300
1622443742598000,0,0.01566161,24631.3300
1622443742599000,0,0.00000001,24631.3300
1622443940960000,0,0.00217000,24711.1000
1622443953232000,0,0.03955338,24695.0700
1622444116468000,0,0.00151000,24703.8800
1622444197837000,1,0.01143893,24697.6400
1622444279426000,1,0.00113114,24727.5200
1622444323210000,0,0.00129653,24727.5200
1622444323210000,0,0.00139257,24727.5200
1622444323210000,0,0.00298294,24727.5200
1622444346892000,0,0.00251833,24791.8700
1622444346900000,0,0.00005139,24791.8700
1622444395625000,0,0.01691000,24774.8100
1622444447087000,1,0.00712345,24708.8600
1622444471382000,0,0.04020739,24747.1900
1622444539065000,1,0.00139018,24784.6500
1622444547556000,1,0.00258525,24784.6500
1622444561821000,0,0.02760540,24828.1100
1622444561821000,0,0.00042026,24828.1300
1622444562330000,0,0.00143010,24828.1300
1622444564425000,0,0.22267726,24828.1300
1622444568886000,0,0.11688198,24828.1300
1622444569436000,0,0.05000000,24828.1300
1622444570349000,0,0.11688198,24828.1300
1622444573874000,1,0.04200000,24813.8000
1622444579912000,0,0.06347560,24828.1300
1622444591817000,0,1.26760394,24828.1300
1622444596446000,1,0.00138657,24843.7500
1622444610400000,1,0.00112073,24866.4400
1622444630494000,1,0.00257510,24887.7600
1622444642419000,0,0.00276629,24887.7600
1622444642419000,0,0.00148477,24887.7600
1622444683534000,0,0.00223417,24937.0400
1622444723103000,0,0.01440438,24979.1700
1622444723437000,0,0.01525923,24979.1700
1622444723868000,1,0.00147968,24963.9800
1622444731096000,1,0.00128333,24977.6900
1622444735597000,0,0.00137839,24977.6900
1622444803751000,0,0.00499993,24940.3400
1622444854178000,0,0.01142000,24952.4400
1622444965626000,0,0.00768000,24973.7400
1622444987305000,1,0.00129177,24929.5200
1622445024513000,0,0.00311000,24932.3600
1622445078790000,0,0.01155000,24920.3100
1622445081566000,0,0.03464000,24923.3700
1622445097861000,0,0.04051599,24900.6100
1622445097875000,0,0.00000001,24900.6100
1622445126106000,0,0.01126474,24963.7900
1622445126189000,0,0.02314546,24963.7900
1622445187642000,0,0.00196000,25047.1400
1622445231770000,0,0.00128000,25036.3000
1622445355572000,0,0.00200000,24962.3000
1622445528444000,1,0.00091875,25084.4600
1622445528444000,1,0.00100280,25080.4900
1622445533035000,1,0.00206387,25102.4200
1622445537793000,1,0.00147594,25125.5400
1622445545783000,0,0.00100000,25111.6400
1622445545803000,0,0.00027673,25111.6400
1622445550515000,1,0.00137131,25112.9000
1622445572825000,0,0.00147113,25111.6400
1622445572877000,0,0.00000001,25111.6400
1622445588413000,0,0.00110455,25126.2300
1622445596126000,0,0.08425325,25140.6000
1622445596126000,0,0.00000001,25140.6000
1622445596126000,0,0.08423804,25145.1400
1622445596126000,0,0.08422494,25149.3300
1622445652948000,0,0.09415481,25130.1100
1622445673380000,0,0.02314289,25175.9100
1622445673404000,0,0.07685711,25175.9100
1622445677906000,1,0.00127482,25184.8100
1622445682805000,0,0.00292907,25177.9800
1622445747618000,0,0.00116000,25147.8200
1622445750686000,0,0.06852084,25147.8200
1622445762016000,1,0.04283987,25117.4100
1622445762017000,1,0.04140638,25117.4100
1622445776991000,1,0.03600191,25088.6700
1622445776998000,1,0.04832159,25088.6700
1622445777389000,1,0.00100000,25083.5200
1622445852773000,0,0.00153000,25155.6200
1622445942914000,0,0.08413703,25175.6500
1622445942914000,0,0.08417549,25180.3500
1622445942914000,0,0.08416723,25183.1600
1622445942914000,0,0.08414827,25189.0700
1622445942914000,0,0.08413640,25193.5300
1622445942914000,0,0.00090000,25194.5300
1622445942914000,0,0.03400000,25208.3500
1622445942914000,0,0.00095625,25208.3600
1622445942914000,0,0.03412028,25301.5300
1622445942914000,0,0.02682133,25301.5400
1622445943686000,0,0.00136847,25151.6400
1622445976925000,0,0.00099210,25201.9200
1622445976925000,0,0.08400312,25226.8900
1622445976925000,0,0.08401954,25235.5000
1622445976925000,0,0.00091875,25238.7700
1622445976925000,0,0.08402096,25239.0000
1622445976925000,0,0.03400000,25240.4500
1622445976925000,0,0.08400192,25244.8800
1622445976925000,0,0.00093750,25245.1800
1622445976925000,0,0.08398196,25251.0400
1622445976925000,0,0.00090000,25252.0500
1622445976925000,0,0.09631979,25468.6400
1622445976925000,0,0.09900000,25468.6400
1622445976925000,0,1.01816386,25468.6500
1622445976925000,0,0.30337561,25468.6700
1622445980982000,1,0.00254043,25206.2400
1622445993231000,0,0.00272872,25237.3700
1622446021740000,0,0.00145883,25252.4600
1622446021764000,0,0.00000001,25252.4600
1622446360775000,1,0.00095625,25156.5300
1622446360875000,0,0.04200000,25149.8700
1622446361404000,1,0.00091875,25156.5300
1622446361404000,1,0.00096562,25150.2400
1622446361856000,1,0.00090038,25156.5300
1622446361863000,1,0.00003712,25156.5300
1622446362062000,0,0.00096562,25146.3900
1622446363172000,1,0.01706413,25143.9600
1622446438710000,0,0.01334000,25170.7900
1622446470312000,1,0.04657324,25226.0700
1622446470446000,1,0.04200000,25226.0700
1622446470563000,1,0.06210251,25226.0700
1622446470998000,1,0.00000001,25226.0700
1622446608831000,0,0.01593090,25187.6500
1622446608842000,0,0.02454554,25187.6500
1622446608860000,0,0.02492097,25187.6500
1622446608861000,0,0.01873319,25187.6500
1622446609143000,0,0.00978729,25191.4400
1622446617042000,0,0.01557184,25234.4700
1622446698968000,1,0.00126654,25333.6900
1622446703388000,0,0.00100000,25311.9800
1622446703407000,0,0.00036036,25311.9800
1622446752718000,1,0.11842742,25261.9300
1622446767326000,1,0.00440300,25268.8300
1622446835098000,0,0.00920902,25342.4700
1622446835128000,0,0.02851709,25342.4700
1622446835155000,0,0.02958128,25342.4700
1622446835155000,0,0.01631122,25342.4700
1622446849505000,1,0.00126413,25350.6600
1622446867659000,0,0.00135776,25350.6600
1622446867660000,0,0.00000001,25350.6600
1622447088225000,1,0.00435699,25284.4200
1622447161364000,1,0.00100000,25281.8400
1622447161637000,1,0.09000000,25281.8400
1622447161738000,1,0.00807070,25281.8400
1622447162194000,1,0.00000001,25281.8400
1622447226278000,0,0.06753300,25311.5600
1622447246891000,1,0.05209568,25307.4700
1622447246933000,1,0.00000001,25307.4700
1622447289890000,0,0.06821000,25321.7600
1622447327299000,0,0.00189000,25334.4500
1622447330317000,0,0.00379000,25339.5900
1622447347068000,0,0.00605000,25363.8800
1622447501910000,1,0.06349080,25347.2500
1622447508543000,1,0.00696542,25347.2600
1622447534250000,1,0.01247476,25313.7600
1622447534269000,1,0.02296013,25313.7600
1622447534271000,1,0.02282268,25313.7600
1622447534274000,1,0.02459308,25313.7600
1622447534291000,1,0.02258612,25313.7600
1622447534341000,1,0.01314044,25313.7600
1622447670006000,0,0.00311000,25309.6400
1622447748775000,1,0.00697737,25274.2800
1622447788004000,0,0.01507142,25279.2500
1622447788221000,0,0.04779552,25279.2500
1622447844454000,0,0.03403037,25280.9400
1622447844454000,0,0.05355084,25280.9400
1622447889763000,0,0.01898000,25256.9600
1622447890066000,0,0.03797000,25256.9600
1622447896007000,0,0.02693183,25256.9600
1622447974220000,0,0.00246000,25296.8800
1622447988951000,1,0.00698166,25279.5700
1622447997879000,0,0.00696163,25314.2800
1622447997907000,0,0.00000001,25314.2800
1622448009523000,0,0.01072000,25340.3800
1622448229361000,0,0.00697420,25188.1600
1622448323723000,0,0.01958000,25214.9500
1622448326315000,1,0.22308829,25191.3000
1622448326315000,1,0.08403176,25191.2900
1622448326315000,1,0.03400000,25187.1700
1622448326315000,1,0.09570453,25187.1500
1622448326315000,1,0.08073770,25187.1400
1622448329887000,1,0.00790000,25191.2900
1622448368574000,0,0.00490000,25224.2500
1622448819172000,0,0.00137000,25235.4400
1622448851263000,1,0.02404567,25218.6200
1622448851267000,1,0.00301981,25218.6200
1622448864970000,0,0.08399678,25228.1400
1622448864970000,0,0.08399678,25228.1500
1622448864970000,0,0.08399678,25232.4600
1622448864970000,0,0.08395305,25238.6800
1622448864970000,0,0.08995481,25238.8000
1622448864970000,0,0.10000000,25238.8100
1622448864970000,0,0.00095625,25242.7000
1622448864970000,0,0.08398828,25245.6200
1622448864970000,0,0.00090937,25248.0500
1622448864970000,0,0.00093750,25253.1000
1622448864970000,0,0.09900000,25298.4100
1622448864970000,0,0.03400000,25298.4100
1622448864970000,0,0.04520220,25298.4200
1622448868179000,0,0.01140000,25245.3900
1622448901737000,1,0.01352114,25204.9400
1622448901737000,1,0.00000001,25204.9400
1622448949640000,1,0.00699585,25217.5400
1622448982870000,0,0.02437324,25256.8900
1622448982871000,0,0.04200000,25256.8900
1622448982933000,0,0.03233306,25256.8900
1622448982990000,0,0.00129370,25256.8900
1622449077540000,0,0.01138000,25279.6900
1622449309886000,1,0.00697615,25342.8000
1622449392527000,0,0.00279875,25468.6900
1622449396482000,1,0.00095625,25445.0400
1622449396482000,1,0.00030575,25438.6700
1622449401361000,1,0.00135548,25412.1100
1622449406068000,1,0.00145320,25447.2600
1622449407738000,0,0.00096562,25497.4200
1622449407738000,0,0.01913158,25498.0500
1622449420609000,1,0.00125910,25453.9300
1622449425238000,1,0.00270182,25454.6400
1622449434865000,0,0.08311303,25516.8300
1622449436856000,1,0.00144905,25487.3100
1622449494062000,0,0.00090000,25453.7800
1622449494062000,0,0.00300874,25456.3600
1622449494607000,1,0.00090000,25439.1200
1622449494607000,1,0.00094687,25432.7600
1622449496577000,1,0.00091875,25439.1200
1622449544629000,0,0.00151000,25502.6600
1622449582545000,0,0.00692175,25495.0400
1622449582545000,0,0.05423603,25495.0500
1622449613602000,1,0.00300000,25450.1600
1622449639113000,1,0.03400000,25418.4900
1622449873273000,1,0.00109511,25525.3200
1622449877856000,1,0.00125638,25531.0900
1622449897134000,0,0.00967000,25530.8200
1622449963834000,0,0.00172000,25535.9300
1622450026593000,1,0.00188326,25560.3900
1622450031312000,0,0.00600000,25560.3900
1622450031485000,0,0.00091148,25560.3900
1622450035537000,0,0.00134750,25560.3900
1622450036939000,0,0.00144560,25560.3900
1622450048917000,0,0.01125000,25572.0000
1622450063548000,0,0.07244023,25550.5300
1622450073822000,0,0.00166369,25571.9900
1622450084259000,0,0.00838781,25570.8900
1622450102789000,0,0.00280581,25571.9900
1622450106658000,0,0.08279602,25571.0000
1622450106991000,0,0.99268195,25571.0000
1622450114405000,1,0.08285420,25553.5900
1622450114466000,1,0.00000001,25553.5900
1622450160495000,0,0.00391000,25546.0200
1622450160667000,0,0.00876379,25546.0200
1622450169092000,0,0.08301053,25529.3000
1622450169092000,0,0.04841947,25532.1200
1622450185852000,0,0.00676000,25541.1000
1622450216931000,0,0.00564000,25524.2200
1622450222366000,0,0.00194952,25524.2200
1622450238022000,0,0.00113000,25564.2600
1622450429861000,0,0.01919000,25575.6800
1622450440519000,1,0.00100000,25553.5700
1622450494832000,0,0.01933000,25539.2800
1622450526930000,1,0.03347706,25504.7800
1622450591004000,0,0.03002000,25526.2400
1622450885966000,0,0.01035000,25481.2100
1622450902610000,0,0.01162000,25490.7500
1622451110730000,0,0.00194742,25546.4900
1622451154288000,0,0.01127000,25537.0700
1622451188802000,1,0.02136618,25512.1000
1622451279201000,0,0.08298832,25501.9000
1622451356066000,0,0.00155918,25526.0800
1622451447365000,0,0.00742040,25540.3800
1622451586135000,0,0.01126000,25555.8500
1622451589340000,0,0.01877000,25551.8900
1622451598590000,0,0.02220690,25539.8000
1622451657749000,1,0.00134521,25610.5400
1622451815940000,1,0.03400000,25461.5300
1622451815940000,1,0.08309078,25461.5200
1622451815940000,1,0.08231644,25457.7500
1622451815947000,1,0.00078488,25457.7500
1622451815999000,1,0.09900000,25451.3200
1622451815999000,1,0.08311969,25451.3100
1622451815999000,1,0.01699839,25447.7200
1622451822056000,0,0.00974299,25481.0900
1622451822058000,0,0.00000001,25481.0900
1622451865959000,1,0.08313175,25489.0100
1622451958702000,1,0.01000000,25503.8400
1622451970462000,0,0.03006000,25526.8900
1622452019969000,1,0.01500000,25528.3200
1622452091023000,0,0.00158000,25535.1200
1622452104716000,0,0.01153000,25514.8100
1622452144105000,0,0.01051000,25553.0400
1622452163865000,0,0.00383000,25552.8600
1622452192370000,1,0.03400000,25511.3300
1622452206395000,0,0.00384000,25515.0400
1622452285777000,0,0.08304765,25542.7200
1622452285787000,0,0.00000001,25542.7200
1622452352918000,0,0.00115000,25575.0900
1622452381803000,0,0.00244000,25575.3900
1622452547327000,0,0.02062000,25584.2400
1622452564784000,1,0.00945672,25547.9500
1622452564859000,1,0.00000001,25547.9500
1622452592099000,0,0.00090000,25588.2600
1622452592099000,0,0.00090000,25595.5600
1622452592099000,0,0.00383000,25600.9600
1622452603006000,0,0.02325458,25544.2100
1622452616784000,0,0.01083000,25544.2100
1622452634270000,0,0.08307102,25524.3200
1622452634270000,0,0.00859655,25524.3300
1622452636253000,0,0.02197003,25532.3000
1622452646880000,0,0.00192000,25527.2100
1622452671786000,0,0.00740397,25552.5500
1622452961569000,0,0.00191000,25560.9200
1622452997568000,0,0.07233368,25556.3000
1622452997613000,0,0.01063841,25556.3000
1622452997613000,0,0.08292847,25557.8100
1622453003574000,1,0.00557867,25576.5800
1622453003577000,1,0.00000001,25576.5800
1622453088198000,0,0.00416514,25536.5700
1622453092968000,0,0.07881611,25536.5700
1622453092968000,0,0.08297196,25540.6600
1622453092968000,0,0.08295863,25544.5000
1622453092968000,0,0.08295863,25547.3700
1622453092968000,0,0.08293713,25551.8900
1622453092968000,0,0.00094687,25562.1400
1622453092968000,0,0.04548039,25567.4900
1622453113221000,1,0.00363440,25520.3100
1622453116513000,0,0.00289000,25547.3700
1622453187597000,0,0.02997599,25567.1200
1622453187600000,0,0.00000001,25567.1200
1622453202421000,0,0.00326834,25593.0000
1622453292678000,0,0.00750000,25566.4500
1622453384256000,0,0.00168499,25593.3300
1622453450416000,0,0.04562180,25645.2500
1622453450588000,0,0.02534038,25650.7200
1622453450598000,0,0.05734726,25650.7200
1622453450598000,0,0.08267276,25656.5600
1622453450598000,0,0.05980182,25661.1400
1622453458412000,1,0.00144029,25665.5500
1622453461590000,0,0.00095625,25695.5800
1622453461590000,0,0.00115867,25699.9900
1622453467417000,0,0.00149900,25692.2800
1622453471805000,0,0.00100000,25655.5300
1622453472905000,0,0.00040598,25655.5300
1622453486888000,0,0.01869000,25661.6000
1622453561966000,1,0.08262181,25621.2400
1622453561966000,1,0.12149119,25616.2400
1622453737746000,0,0.00113000,25621.4500
1622453750162000,0,0.08262018,25621.4500
1622453750401000,0,0.01000000,25621.4500
1622453805744000,0,0.00368380,25616.1600
1622453846020000,0,0.07902272,25616.1600
1622453846020000,0,0.08275893,25616.1700
1622453846020000,0,0.09096769,25619.6500
1622453846020000,0,0.08270300,25619.6600
1622453846020000,0,0.08268879,25623.6600
1622453846020000,0,0.08267839,25627.2800
1622453846020000,0,0.00094687,25633.4300
1622453846020000,0,0.00096562,25639.5200
1622453846020000,0,0.00087187,25646.3700
1622453846020000,0,0.14278070,25699.9500
1622453900918000,0,0.00618000,25616.9300
1622453932997000,0,0.04120000,25601.8400
1622454029065000,0,0.00675000,25568.9700
1622454044582000,0,0.00370073,25540.8600
1622454044926000,0,0.06281072,25540.8500
1622454047406000,0,0.02403000,25533.6300
1622454110216000,1,0.03911802,25500.0000
1622454110256000,1,0.00000001,25500.0000
1622454246897000,1,0.08301309,25506.8500
1622454246897000,1,0.13350342,25502.7300
1622454412485000,1,0.02299128,25572.0000
1622454412488000,1,0.04556631,25572.0000
1622454412488000,1,0.01424454,25572.0000
1622454412733000,1,0.08000000,25568.6200
1622454413337000,1,0.02000000,25541.1900
1622454413383000,1,0.00098807,25541.1900
1622454413383000,1,0.00839523,25541.1900
1622454524668000,0,0.00866000,25486.2400
1622454610256000,0,0.00660000,25428.3900
1622454720455000,0,0.01455000,25404.5500
1622454747466000,1,0.00166830,25381.2100
1622454804751000,1,0.08341067,25375.7300
1622454804751000,1,0.01800995,25369.8800
1622454938164000,0,0.00372112,25409.5000
1622454959227000,0,0.00264000,25439.2500
1622455079994000,1,0.00818200,25437.7100
1622455101140000,0,0.00166000,25455.3800
1622455149802000,1,0.08327088,25408.0700
1622455149802000,1,0.08327916,25405.8800
1622455149840000,1,0.08329288,25401.1700
1622455158693000,0,0.01053257,25419.3000
1622455176066000,1,0.01100000,25384.5800
1622455176387000,1,0.08545328,25384.5800
1622455209154000,1,0.00985770,25401.3000
1622455209564000,0,0.03764000,25436.2200
1622455272596000,1,0.01743752,25423.8500
1622455277316000,0,0.03919000,25452.1200
1622455279938000,1,0.00203641,25423.8500
1622455285832000,0,0.00753000,25479.4700
1622455314239000,1,0.00694331,25448.7900
1622455449492000,0,0.00112000,25652.9900
1622455454510000,0,0.03735000,25628.7900
1622455471119000,0,0.05709330,25700.0000
1622455472270000,0,0.05923012,25700.0000
1622455472548000,0,0.00360102,25700.0000
1622455472839000,0,0.01303681,25700.0000
1622455472855000,0,0.02552718,25700.0000
1622455472981000,0,0.05778722,25700.0000
1622455473076000,0,0.01851815,25700.0000
1622455473280000,0,0.08076242,25700.0000
1622455473393000,0,0.18444378,25700.0000
1622455479499000,1,0.00134144,25724.1000
1622455488067000,1,0.00094687,25823.3200
1622455488067000,1,0.00013926,25816.8600
1622455492878000,1,0.00091875,25868.6300
1622455492878000,1,0.00322444,25855.7100
1622455497883000,1,0.00091875,25823.5200
1622455497883000,1,0.00091875,25823.3200
1622455497883000,1,0.00098438,25816.8600
1622455497883000,1,0.00168954,25810.5200
1622455502689000,0,0.00100000,25790.6500
1622455509241000,1,0.00094687,25753.1400
1622455509241000,1,0.00092812,25747.9500
1622455509332000,0,0.00217263,25747.9500
1622455541845000,0,0.00001034,25790.6500
1622455544786000,0,0.00210207,25787.7600
1622455660140000,0,0.01833049,25783.8100
1622455681434000,1,0.08213700,25749.2600
1622455681434000,1,0.03120528,25749.2500
1622455754607000,0,0.07891000,25766.5900
1622455808074000,1,0.03079522,25737.3000
1622455815613000,1,0.00798651,25732.5000
1622455815613000,1,0.01996626,25732.5000
1622455815684000,1,0.00000001,25732.5000
1622455821263000,1,0.04433754,25726.4900
1622455821268000,1,0.00452915,25726.4900
1622455821353000,1,0.00300000,25726.4900
1622455821354000,1,0.00004561,25726.4900
1622455829468000,0,0.01115000,25744.5300
1622455864590000,0,0.08000000,25780.0800
1622455872688000,1,0.00120936,25859.4400
1622455877747000,1,0.00305113,25826.6300
1622455888563000,0,0.00200000,25826.6300
1622455902912000,0,0.00017517,25826.6300
1622455902912000,0,0.04026133,25833.3700
1622455914856000,0,0.00600000,25823.4500
1622455915099000,0,0.00083528,25823.4500
1622455928159000,0,0.08205173,25823.2100
1622455928159000,0,0.08203379,25828.3700
1622455928159000,0,0.03657680,25831.3800
1622455928161000,0,0.04545699,25831.3800
1622455928167000,0,0.08203379,25837.2100
1622455928167000,0,0.08205971,25842.3600
1622455928167000,0,0.00094687,25843.0300
1622455930834000,0,0.20066170,25902.1800
1622455931401000,0,0.10009587,25873.0600
1622455931401000,0,0.00090000,25901.9400
1622455934095000,0,0.00090937,25946.0700
1622455934095000,0,0.00092812,25952.5600
1622455934095000,0,0.00000251,25959.0300
1622455938963000,1,0.00748055,25891.3500
1622455939161000,1,0.07421524,25891.3500
1622455939161000,1,0.08172166,25891.3400
1622455939161000,1,0.04382838,25878.9200
1622455939161000,1,0.09572162,25878.9200
1622455939161000,1,0.08171166,25876.5800
1622455939161000,1,0.02233200,25874.5800
1622455939162000,1,0.00591222,25874.5800
1622455939162000,1,0.05347365,25874.5800
1622455939162000,1,0.08172571,25871.0100
1622455939162000,1,0.00091875,25869.0700
1622455939162000,1,0.00089062,25863.8800
1622455970138000,0,0.00615802,25891.3500
1622455970138000,0,0.00271171,25891.3500
1622455970140000,0,0.00000001,25891.3500
1622455999456000,1,0.00139377,25901.6200
1622456008745000,0,0.08172629,25935.6700
1622456008767000,0,0.00000001,25935.6700
1622456008767000,0,0.00091875,25943.4500
1622456008767000,0,0.08172379,25943.6800
1622456041250000,0,0.00109467,25924.1600
1622456068640000,0,0.04026151,25945.3700
1622456091583000,1,0.00120341,25951.9600
1622456102095000,0,0.00100356,25951.9600
1622456102143000,0,0.00000001,25951.9600
1622456102487000,0,0.00095978,25973.9100
1622456132386000,0,0.02404878,26003.3500
1622456132388000,0,0.03400000,26003.3500
1622456136791000,0,0.00249686,26003.3500
1622456145712000,0,0.03383824,26003.3500
1622456146099000,0,0.00561611,26003.3500
1622456146296000,0,0.00000001,26003.3500
1622456150010000,0,0.00346000,26032.3600
1622456181190000,1,0.01016929,25975.8800
1622456182839000,1,0.07133179,25975.8800
1622456237272000,0,0.00774000,25992.3600
1622456266067000,0,0.00504900,25998.5400
1622456266067000,0,0.00094687,26012.0600
1622456266146000,1,0.04200000,26016.0000
1622456266175000,1,0.00200413,26016.0000
1622456444578000,0,0.00739000,25962.2400
1622456483381000,1,0.00111433,25979.1400
1622456499317000,0,0.08143767,26044.4400
1622456499444000,0,0.01994460,26048.6500
1622456499960000,0,0.04060440,26048.6500
1622456503533000,0,0.00708136,26036.6700
1622456513620000,0,0.08149164,26005.5200
1622456513620000,0,0.01799647,26008.5800
1622456553892000,0,0.00823374,26008.3600
1622456610186000,0,0.00169000,25977.1200
1622456847487000,0,0.00769000,25949.2800
1622456860504000,0,0.00739000,25949.2700
1622456905253000,0,0.00468000,25938.2300
1622456971138000,0,0.00739000,25963.8200
1622457195676000,0,0.01923794,25925.3300
1622457344775000,0,0.00116846,25950.6600
1622457344847000,0,0.01671858,25950.6600
1622457344876000,0,0.06381393,25950.6600
1622457383246000,0,0.00186000,25978.1800
1622457436658000,1,0.09882376,25942.3700
1622457436658000,1,0.08162355,25942.3600
1622457436658000,1,0.03400000,25937.6300
1622457436658000,1,0.08163173,25937.6200
1622457436658000,1,0.08163673,25932.6700
1622457436658000,1,0.00093750,25929.2400
1622457436658000,1,0.00090937,25923.3700
1622457436658000,1,0.00043736,25915.9100
1622457672914000,0,0.08149062,26006.1300
1622457672914000,0,0.08152715,26012.3500
1622457672914000,0,0.03400000,26016.0300
1622457672914000,0,0.08151727,26016.0400
1622457672914000,0,0.08150002,26022.0000
1622457672914000,0,0.00094687,26024.3500
1622457672914000,0,0.02264376,26025.9200
1622457683910000,0,0.00184000,26033.5500
1622457779182000,1,0.00270600,25992.6000
1622457820914000,1,0.00121200,25979.5300
1622457831871000,1,0.00091875,25981.1900
1622457831871000,1,0.00565825,25979.5300
1622457852990000,1,0.01260000,25979.5300
1622457862953000,1,0.00192700,25979.5300
1622457865130000,0,0.00191275,26009.6000
1622457876687000,1,0.00259358,26054.4600
1622457881506000,1,0.00330638,26054.4600
1622457885921000,1,0.00161880,26054.0000
1622457906286000,1,0.00119734,26082.4500
1622457919168000,1,0.01999999,26083.0000
1622457919175000,1,0.00000001,26083.0000
1622457959438000,1,0.00486000,26053.4000
1622457969224000,1,0.03749198,26037.0700
1622457969686000,0,0.00094687,26070.3200
1622457969686000,0,0.00015313,26072.5900
1622457990214000,0,0.04795861,26045.6400
1622457992388000,0,0.10000000,26052.5000
1622457992813000,0,0.01100000,26053.4000
1622457992837000,0,0.00052900,26053.4000
1622458029791000,1,0.00172402,26106.3600
1622458034735000,0,0.00100000,26106.3600
1622458034782000,0,0.00060825,26106.3600
1622458039571000,1,0.00107605,26128.7100
1622458258864000,0,0.01469000,26103.3000
1622458294171000,0,0.00552000,26075.4000
1622458320796000,0,0.00368000,26080.5300
1622458334731000,0,0.03676000,26100.5800
1622458403305000,1,0.00376211,26048.9400
1622458437307000,0,0.00110000,26071.3600
1622458452104000,0,0.00110000,26050.1000
1622458459756000,1,0.00378573,26021.5600
1622458468528000,0,0.00191000,26052.8800
1622458480720000,0,0.00114000,26062.3100
1622458500102000,0,0.00795978,26040.3000
1622458511728000,0,0.01289000,26046.6600
1622458520382000,0,0.03620954,26042.9500
1622458567961000,0,0.03817409,26065.5800
1622458578404000,0,0.00189000,26061.4200
1622458587594000,1,0.02062500,26031.0100
1622458630681000,0,0.00748338,26092.3100
1622458640943000,1,0.01979022,26063.8200
1622458773279000,0,0.00184000,26080.1200
1622458784930000,0,0.00188000,26065.6000
1622458785032000,0,0.02760000,26065.6000
1622458930660000,0,0.08121289,26093.4600
1622458930660000,0,0.08121289,26096.4500
1622458930660000,0,0.08121289,26102.2700
1622458930660000,0,0.00092812,26103.3300
1622458930660000,0,0.08121289,26107.9800
1622458930660000,0,0.00096562,26108.6500
1622458930660000,0,0.08115392,26113.6000
1622458930660000,0,0.00094687,26115.6400
1622458930660000,0,0.00092812,26122.0100
1622458930660000,0,0.03400000,26179.9900
1622458930660000,0,0.05392513,26180.0000
1622458930770000,0,0.00091875,26102.2600
1622458953422000,1,0.02499999,26049.0000
1622458953444000,1,0.00000001,26049.0000
1622459142839000,1,0.00550689,26002.3500
1622459183045000,0,0.00398914,25996.2200
1622459298691000,0,0.01823000,26044.5500
1622459313288000,1,0.00110000,26015.7400
1622459372069000,0,0.00110000,26040.3100
1622459373503000,1,0.01352456,26019.1300
1622459493754000,1,0.04942757,26046.6700
1622459507560000,0,0.00962585,26043.4000
1622459532083000,0,0.00349000,26082.1300
1622459624382000,0,0.00362031,26116.2500
1622459650282000,0,0.00190406,26128.2700
1622459668709000,0,0.00367000,26100.4600
1622459700464000,0,0.00367000,26118.5700
1622459721434000,0,0.00238000,26150.5900
1622459725810000,1,0.00102565,26127.0000
1622459813190000,1,0.00182264,26100.0900
1622459813307000,1,0.03217736,26100.0900
1622459843422000,1,0.04500000,26074.8300
1622460121720000,0,0.01839000,26080.4300
1622460164645000,0,0.01050000,26080.9700
1622460182982000,0,0.01304000,26105.1800
1622460216700000,0,0.01718000,26122.5000
1622460293529000,0,0.02205000,26093.2200
1622460385360000,0,0.00108693,26032.2800
1622460450571000,0,0.02269000,26111.9700
1622460535839000,1,0.00198558,26100.0000
1622460617720000,1,0.00774805,26095.6700
1622460617919000,1,0.00304677,26095.6700
1622460663574000,0,0.11377049,26180.0000
1622460663586000,0,0.00000001,26180.0000
1622460806548000,0,0.00180690,26171.9000
1622460866801000,1,0.00185062,26139.7500
1622460880640000,0,0.00172024,26201.9800
1622460880640000,0,0.00160473,26201.9800
1622460880640000,0,0.00051503,26201.9800
1622460924218000,0,0.00055866,26201.9800
1622460927370000,0,0.03000000,26218.8400
1622460930513000,0,0.01074076,26218.8400
1622460946906000,0,0.05925924,26218.8400
1622460966279000,1,0.00095625,26232.7300
1622460966279000,1,0.00095625,26227.0800
1622460966279000,1,0.00023455,26225.5500
1622460966598000,0,0.00305355,26250.5800
1622460966602000,0,0.00000001,26250.5800
1622460974386000,0,0.00601560,26225.5500
1622460974390000,0,0.00000001,26225.5500
1622460981158000,0,0.00464633,26225.5500
1622460981158000,0,0.00268138,26225.5500
1622460981166000,0,0.00000001,26225.5500
1622461033735000,0,0.00365000,26255.8200
1622461049382000,1,0.02193558,26210.2500
1622461067303000,1,0.00274900,26185.4000
1622461078131000,0,0.00366000,26214.4800
1622461200079000,1,0.03399999,26190.8100
1622461251628000,0,0.00110000,26211.0300
1622461253648000,0,0.00915000,26211.0300
1622461297925000,1,0.00964944,26172.1400
1622461327195000,1,0.00455217,26164.8900
1622461329967000,0,0.00183000,26200.6800
1622461339634000,1,0.07625084,26164.8900
1622461339636000,1,0.00000001,26164.8900
1622461362111000,0,0.00280000,26139.8100
1622461438168000,0,0.00451880,26068.7100
1622461483107000,0,0.03679000,26073.2500
1622461488410000,1,0.03485854,26032.9000
1622461543216000,0,0.00368000,26079.5400
1622461557824000,0,0.03680000,26066.9000
1622461611436000,0,0.00184000,26080.0500
1622461616253000,0,0.00145299,26059.4800
1622461616254000,0,0.00000001,26059.4800
1622461633969000,1,0.02107435,26055.4900
1622461634151000,1,0.00613968,26055.4900
1622461634252000,1,0.04200000,26055.4900
1622461634788000,1,0.00716295,26055.4900
1622461634825000,1,0.00000001,26055.4900
1622461662323000,0,0.00177920,26017.2700
1622461688186000,0,0.00111372,25967.7400
1622461694532000,0,0.07387000,25969.2600
1622461695617000,0,0.00178249,25969.2600
1622461695974000,0,0.00591039,25969.2600
1622461695974000,0,0.00061173,25977.5300
1622461698798000,0,0.01857000,25984.9300
1622461701451000,0,0.07380000,26004.6600
1622461720012000,0,0.04200000,25999.3200
1622461720241000,0,0.02259465,25999.3200
1622461720243000,0,0.03540535,25999.3200
1622461779099000,0,0.01069201,26011.2600
1622461779106000,0,0.01765348,26011.2600
1622461779120000,0,0.00684723,26011.2600
1622461779156000,0,0.04620762,26011.2600
1622461779499000,0,0.00126544,26034.2300
1622461785148000,0,0.04038933,26197.7500
1622461785148000,0,0.03283067,26211.1500
1622461799871000,1,0.00086327,26055.9900
1622461850405000,1,0.00114779,26033.2000
1622461936149000,0,0.01836000,26126.1300
1622461959269000,0,0.00551000,26122.0700
1622461960832000,1,0.08107155,26096.4000
1622461960832000,1,0.05892845,26092.3000
1622461993872000,0,0.00184000,26102.5700
1622462048903000,0,0.00312000,26109.7900
1622462091345000,1,0.01307761,26105.0600
1622462129591000,0,0.00147000,26134.6500
1622462201886000,0,0.03728296,26117.4500
1622462370574000,1,0.05722794,26052.9300
1622462370574000,1,0.01559418,26052.9300
1622462370580000,1,0.00832189,26052.9300
1622462384158000,0,0.00963805,26005.2600
1622462442444000,1,0.00500253,26084.2500
1622462553276000,0,0.06509418,26042.1400
1622462682799000,0,0.00838436,26142.3000
1622462713064000,0,0.00096562,26188.4500
1622462713064000,0,0.00462405,26195.0200
1622462803335000,1,0.01228714,26209.0300
1622462966532000,0,0.08076682,26224.2300
1622462966532000,0,0.08076733,26224.2400
1622463025601000,0,0.00166784,26276.4600
1622463025611000,0,0.00000001,26276.4600
1622463031467000,0,0.01763000,26305.1900
1622463075837000,0,0.00110000,26233.8900
1622463080025000,0,0.01828000,26233.8800
1622463095189000,0,0.00112000,26228.2600
1622463108667000,0,0.00366000,26209.8500
1622463145560000,0,0.01828000,26240.4700
1622463166416000,0,0.00820000,26240.4700
1622463218026000,0,0.01097000,26231.9800
1622463242547000,1,0.12826290,26235.7600
1622463265033000,0,0.00164000,26261.4200
1622463312090000,1,0.04210795,26235.7700
1622463312090000,1,0.09574302,26235.7600
1622463312093000,1,0.05346826,26235.7600
1622463312236000,1,0.04200000,26235.7600
1622463313095000,1,0.02822931,26235.7600
1622463313191000,1,0.03169337,26235.7600
1622463314366000,0,0.00563962,26253.7700
1622463314571000,1,0.00241206,26235.7600
1622463314613000,1,0.03390396,26235.7600
1622463314671000,1,0.58428712,26235.7600
1622463347671000,0,0.00128000,26277.5900
1622463348897000,0,0.08067872,26252.5200
1622463348897000,0,0.08067872,26255.0600
1622463348897000,0,0.08065587,26260.4300
1622463348897000,0,0.08065587,26263.6000
1622463348992000,1,0.67733082,26265.2300
1622463360398000,0,0.08067776,26251.3500
1622463360398000,0,0.08067776,26254.0200
1622463360398000,0,0.08067776,26259.8800
1622463360398000,0,0.08065587,26260.4300
1622463360398000,0,0.00091875,26268.0600
1622463360398000,0,0.08067589,26270.5100
1622463360398000,0,0.00090937,26273.5500
1622463360398000,0,0.13760000,26273.8700
1622463360542000,1,0.22388693,26277.6000
1622463360574000,1,0.23331991,26277.6000
1622463360574000,1,0.00090937,26253.4700
1622463400546000,0,0.01484000,26232.0100
1622463594192000,0,0.00949580,26196.8200
1622463594534000,0,0.00732000,26196.8200
1622463699238000,0,0.00128000,26183.6600
1622463739148000,0,0.00183000,26183.6600
1622463744254000,0,0.00340000,26183.6600
1622463765249000,1,0.00139900,26167.7900
1622463798192000,0,0.00747000,26169.2800
1622463830219000,0,0.00361186,26169.2800
1622463908013000,0,0.06983593,26169.2800
1622463908013000,0,0.02734335,26169.3800
1622463909027000,0,0.08092833,26165.6900
1622463922820000,0,0.00000001,26165.6900
1622463922820000,0,0.02435748,26172.0300
1622463922852000,0,0.05655602,26172.0300
1622464082678000,0,0.00734000,26132.3000
1622464136158000,1,0.00873932,26066.4900
1622464168058000,0,0.00735000,26110.6500
1622464179275000,0,0.01101000,26125.8900
1622464219128000,0,0.00128000,26129.3600
1622464296405000,1,0.00227861,25987.6900
1622464306781000,1,0.06616471,26006.1900
1622464306912000,0,0.03737548,26044.9500
1622464357185000,0,0.02991467,26007.6600
1622464417586000,0,0.01494503,26002.6700
1622464449977000,0,0.01747933,25962.9900
1622464449978000,0,0.02393351,25962.9900
1622464449984000,0,0.02319502,25962.9900
1622464449985000,0,0.01696431,25962.9900
1622464450014000,0,0.08157217,25966.0600
1622464450253000,0,0.04200000,25971.9800
1622464534721000,0,0.08131386,26040.2900
1622464534721000,0,0.04575614,26041.9600
1622464598098000,1,0.01276425,25999.7500
1622464606149000,0,0.05541191,26037.3600
1622464718727000,1,0.01699409,26004.3700
1622464763097000,1,0.08134780,25994.2500
1622464763097000,1,0.01165720,25986.1400
1622464804795000,0,0.00369000,25946.1900
1622464804915000,0,0.00178900,25946.1900
1622464824679000,1,0.00402348,25952.8000
1622464827974000,1,0.02985681,25952.8000
1622464827982000,1,0.04763263,25952.8000
1622464855623000,1,0.00165138,25929.7200
1622464855623000,1,0.00111608,25929.7200
1622464855624000,1,0.00000001,25929.7200
1622464865339000,0,0.00325552,25952.8000
1622464865403000,0,0.01269648,25952.8000
1622464869542000,0,0.02633761,25981.8400
1622464904883000,0,0.01845000,25978.7100
1622464929948000,0,0.00175000,25974.3500
1622464933177000,0,0.00394400,25944.3600
1622465010315000,1,0.02608119,25880.6600
1622465014058000,0,0.00268207,25890.3700
1622465015585000,1,0.00165389,25890.3700
1622465037476000,0,0.00185000,25895.8900
1622465042608000,0,0.00151000,25895.8900
1622465051145000,1,0.08176119,25879.5400
1622465051145000,1,0.08176119,25873.8600
1622465051145000,1,0.09227435,25868.6900
1622465051145000,1,0.08179638,25868.6800
1622465051145000,1,0.00090000,25863.5200
1622465051145000,1,0.08176212,25862.2000
1622465051145000,1,0.00091875,25857.9900
1622465051145000,1,0.08177458,25857.9700
1622465051145000,1,0.13963000,25852.6600
1622465051145000,1,0.00090937,25852.4500
1622465051145000,1,0.03400000,25840.5400
1622465051145000,1,0.00814230,25840.5300
1622465051145000,1,0.02035024,25828.4600
1622465051145000,1,0.26030550,25827.7500
1622465055359000,0,0.00255000,25894.1900
1622465092761000,0,0.06857000,25878.7300
1622465150807000,1,0.00746000,25883.2000
1622465168305000,0,0.00444000,25953.1900
1622465192387000,0,0.00725700,25904.9400
1622465197392000,0,0.00585688,25925.0500
1622465197459000,0,0.00186712,25925.0500
1622465221103000,1,0.00352588,25936.1100
1622465240923000,0,0.00370000,25945.0700
1622465258209000,0,0.02032000,25959.1600
1622465295366000,0,0.00871000,25975.1700
1622465475429000,1,0.08136848,25984.5400
1622465475440000,1,0.00000001,25984.5400
1622465481627000,0,0.00799239,25995.7600
1622465499572000,0,0.01088000,26001.2800
1622465517708000,0,0.00263000,26012.1100
1622465712230000,0,0.05449001,25965.6900
1622465792978000,1,0.08019216,25941.8800
1622465812492000,1,0.00520428,25936.6800
1622465812505000,1,0.07632477,25936.6800
1622465812505000,1,0.08154858,25931.4700
1622465823630000,0,0.00749532,25948.9400
1622465923201000,0,0.00185000,25966.6000
1622465974306000,0,0.01235877,25986.1500
1622465994521000,1,0.01085684,25963.3900
1622466226874000,0,0.00232000,26005.6900
1622466242112000,1,0.00678917,25969.3300
1622466285071000,0,0.00544579,25935.9400
1622466295368000,0,0.07622123,25935.9400
1622466295374000,0,0.00000001,25935.9400
1622466295378000,0,0.08170038,25937.6500
1622466337628000,0,0.01916395,25960.7200
1622466370772000,0,0.00370000,25945.1600
1622466375503000,1,0.01358560,25900.7800
1622466381569000,1,0.00632732,25904.9200
1622466438358000,0,0.00111890,25864.6200
1622466455753000,0,0.00200028,25894.2300
1622466513411000,0,0.00643700,25925.1800
1622466574974000,0,0.00111000,25960.4000
1622466756509000,0,0.00737000,26038.7200
1622466952810000,0,0.04969781,26054.4900
1622466952814000,0,0.03166603,26054.4900
1622466977244000,0,0.00352000,26127.4200
1622467067122000,0,0.00405000,26080.7400
1622467098021000,0,0.01415000,26100.6200
1622467162970000,0,0.03676000,26095.0100
1622467215567000,0,0.00110000,26099.2500
1622467247939000,1,0.03454396,26069.1300
1622467290213000,1,0.00083991,26080.0800
1622467368718000,0,0.01207052,26115.1700
1622467407276000,0,0.00110000,26161.8300
1622467424596000,0,0.01225200,26148.7700
1622467487914000,0,0.00648000,26171.6300
1622467574253000,0,0.03486000,26140.7400
1622467595935000,0,0.00419857,26116.0300
1622467652104000,0,0.00173000,26093.3200
1622467690128000,0,0.00294000,26093.3100
1622467705193000,0,0.08118641,26119.8200
1622467705193000,0,0.08117157,26125.6900
1622467705193000,0,0.00091875,26130.6800
1622467705193000,0,0.02765948,26131.1700
1622467800323000,0,0.00371948,26150.8800
1622467912893000,0,0.00744000,26155.8900
1622467925719000,0,0.00189000,26149.7600
1622467957302000,1,0.00317356,26091.7400
1622467957351000,1,0.07790853,26091.7400
1622467988586000,0,0.01838000,26097.2600
1622468061960000,0,0.00176000,26115.6900
1622468110846000,1,0.02005116,26038.0200
1622468180781000,0,0.00737000,26011.8800
1622468221115000,1,0.01377073,25989.5900
1622468227945000,0,0.05309434,26019.7900
1622468228412000,0,0.04179093,26019.7900
1622468282807000,0,0.01728537,26034.7600
1622468292203000,0,0.00349000,26081.9800
1622468298662000,0,0.00368000,26078.8800
1622468336197000,0,0.00753000,26106.6900
1622468428411000,1,0.04034900,26056.2100
1622468441446000,1,0.00805256,26044.0100
1622468441578000,1,0.01304156,26044.0100
1622468494760000,0,0.00930000,26043.0000
1622468602103000,1,0.01069746,25996.4900
1622468605365000,0,0.00369000,26019.9500
1622468645210000,1,0.08146139,25972.5200
1622468651717000,1,0.08166254,25879.6800
1622468651717000,1,0.03387404,25877.1400
1622468651718000,1,0.04779659,25877.1400
1622468651718000,1,0.06935285,25860.5400
1622468701094000,1,0.00091875,25867.2000
1622468701111000,1,0.00092812,25861.8700
1622468732073000,1,0.08196537,25812.6800
1622468732073000,1,0.08196212,25809.9600
1622468732073000,1,0.08196061,25809.7900
1622468732073000,1,0.03400000,25807.7900
1622468732073000,1,0.00090000,25807.7800
1622468732073000,1,0.08201664,25803.3700
1622468732073000,1,0.08195796,25802.4800
1622468732073000,1,0.00093750,25801.8600
1622468732073000,1,0.00992663,25796.5900
1622468732073000,1,0.00091875,25796.5700
1622468732073000,1,0.02481658,25780.6200
1622468732073000,1,0.01633718,25780.6200
1622468751858000,0,0.06380000,25864.8300
1622468782379000,1,0.00478296,25841.2400
1622468888933000,0,0.00382000,25855.2000
1622468907406000,0,0.01232000,25866.1300
1622468955667000,1,0.00173500,25845.7700
1622468959350000,1,0.00640309,25854.1500
1622468959352000,1,0.03046747,25854.1500
1622469003449000,1,0.00682633,25838.2000
1622469005114000,0,0.00098262,25849.1700
1622469017848000,0,0.09999999,25869.8600
1622469017949000,0,0.00000001,25869.8600
1622469043747000,0,0.00095625,25996.9100
1622469043747000,0,0.00468336,25997.3000
1622469053958000,1,0.03055988,25975.6100
1622469064211000,1,0.00801921,25973.4800
1622469134474000,1,0.00169365,26044.6000
1622469151797000,0,0.00743000,26035.0400
1622469184744000,0,0.01867893,26064.6200
1622469212083000,0,0.00184000,26045.0800
1622469214987000,0,0.01084605,26045.0800
1622469226030000,0,0.00110000,26054.1800
1622469246263000,0,0.08136531,26048.2200
1622469246264000,0,0.00000001,26048.2200
1622469316937000,0,0.00208000,26087.7200
1622469357089000,0,0.01765000,26077.6900
1622469369949000,0,0.00368000,26078.3300
1622469393046000,0,0.00221000,26061.3400
1622469405279000,1,0.00417244,26040.6500
1622469411349000,1,0.08135853,26028.2400
1622469411349000,1,0.03270110,26023.8500
1622469411567000,1,0.02767899,26023.8500
1622469441743000,1,0.04034901,26011.5300
1622469505779000,1,0.00803402,25973.5200
1622469515999000,1,0.00392467,25948.5000
1622469579213000,0,0.00185000,25967.7600
1622469604771000,0,0.03797000,26115.0200
1622469638154000,0,0.00092812,26026.9100
1622469638154000,0,0.00658188,26029.9300
1622469692857000,0,0.08165501,25983.6600
1622469692857000,0,0.00740990,25983.6700
1622469692858000,0,0.07424511,25983.6700
1622469692878000,0,0.08165501,25983.6800
1622469692878000,0,0.08165501,25983.6900
1622469706824000,1,0.08156483,25965.5800
1622469706867000,1,0.00000001,25965.5800
1622469707063000,1,0.07872664,25957.6500
1622469755183000,0,0.01109000,25957.5900
1622469786348000,0,0.02421356,25953.2200
1622469839942000,1,0.08175066,25886.3700
1622469874490000,1,0.06004459,25889.0000
1622469899820000,1,0.00179077,25849.1700
1622469899820000,1,0.00165653,25849.1700
1622469929735000,0,0.00445000,25884.4800
1622469970068000,0,0.00249000,25884.4800
1622470047975000,1,0.01088119,25795.1200
1622470057430000,0,0.00112071,25822.8100
1622470080379000,0,0.00179435,25790.5000
1622470084519000,0,0.00166030,25790.5000
1622470089871000,0,0.03746000,25790.5000
1622470121188000,1,0.00098554,25772.4300
1622470121188000,1,0.00112289,25772.4300
1622470121189000,1,0.00000001,25772.4300
1622470177369000,0,0.01862000,25757.0500
1622470234838000,0,0.04870000,25761.8200
1622470258953000,1,0.00793823,25734.9800
1622470260649000,1,0.01882741,25734.9800
1622470362749000,1,0.01146570,25705.6600
1622470363534000,0,0.00179848,25734.1200
1622470364252000,0,0.01863000,25734.1200
1622470364794000,0,0.00166366,25734.1200
1622470404644000,0,0.00261000,25758.4600
1622470409784000,0,0.00475147,25781.5500
1622470550283000,1,0.00400784,25733.3200
1622470556527000,0,0.00526000,25763.2100
1622470579426000,0,0.01860000,25777.6700
1622470667950000,0,0.00316000,25797.7800
1622470670528000,1,0.01393547,25768.8400
1622470691098000,0,0.00557000,25830.6800
1622470810191000,0,0.01452000,25842.2700
1622471024856000,1,0.00112563,25709.8100
1622471024881000,1,0.00000001,25709.8100
1622471035822000,0,0.00186000,25737.9200
1622471060027000,0,0.05870277,25764.3700
1622471233418000,0,0.00559000,25725.0000
1622471243227000,0,0.01938093,25736.6300
1622471248089000,0,0.00941000,25740.4900
1622471272961000,0,0.00531879,25713.2700
1622471273393000,0,0.00696920,25713.2700
1622471273393000,0,0.00000001,25713.2700
1622471281643000,1,0.02551838,25715.7800
1622471319722000,0,0.00112000,25773.2600
1622471360544000,0,0.01143999,25752.9400
1622471373613000,0,0.00000001,25752.9400
1622471373613000,0,0.00111999,25762.1100
1622471392173000,1,0.00249617,25728.9500
1622471409717000,0,0.01916000,25795.3400
1622471419579000,0,0.01017000,25789.2000
1622471462203000,0,0.01518939,25767.3300
1622471462546000,0,0.04719907,25767.3300
1622471463097000,0,0.00216053,25767.3300
1622471463199000,0,0.00000001,25767.3300
1622471531268000,0,0.01859000,25800.3400
1622471533218000,0,0.04270000,25800.3500
1622471546143000,0,0.00316000,25800.3500
1622471713184000,1,0.01330759,25735.3500
1622471743410000,0,0.03394547,25787.6800
1622471744550000,0,0.01860000,25787.6700
1622471787620000,0,0.01126000,25803.9500
1622471805354000,0,0.02142028,25804.2400
1622471813898000,0,0.00186767,25829.6200
1622471861580000,0,0.00446000,25824.2800
1622471879632000,0,0.00371000,25820.5600
1622471888057000,0,0.03342000,25829.6200
1622471905745000,0,0.01058000,25825.8300
1622471914172000,1,0.07500000,25805.3500
1622471951867000,0,0.00539329,25830.2300
1622472025609000,0,0.01114000,25827.2100
1622472054656000,1,0.00718512,25795.0700
1622472174940000,0,0.01320801,25816.6200
1622472295384000,1,0.01239240,25782.5800
1622472402796000,0,0.00482000,25891.8600
1622472438303000,0,0.01113000,25845.9100
1622472485831000,0,0.00749000,25855.6700
1622472495531000,0,0.03524000,25856.0000
1622472596331000,0,0.00254879,25897.4500
1622472712868000,0,0.00111000,25892.8300
1622472730423000,0,0.00629000,25907.9000
1622473004516000,0,0.00186000,25851.8500
1622473185098000,0,0.00799000,25817.0500
1622473209199000,0,0.00956000,25830.2900
1622473246717000,0,0.01334000,25791.8100
1622473268496000,0,0.00260000,25815.5400
1622473301599000,0,0.00114000,25828.3900
1622473456916000,0,0.00094687,25976.4400
1622473456916000,0,0.00847313,25982.6100
1622473512388000,0,0.00096562,25970.0000
1622473512388000,0,0.00014438,25975.5500
1622473513976000,1,0.00094687,25900.4800
1622473513976000,1,0.03400000,25892.1500
1622473513976000,1,0.04684642,25892.1400
1622473513976000,1,0.05134581,25892.1400
1622473513976000,1,0.00094687,25887.8800
1622473513976000,1,0.00091875,25887.8600
1622473513977000,1,0.00803987,25881.4000
1622473513977000,1,0.07372700,25876.1600
1622473514002000,0,0.00093750,25877.8000
1622473514057000,0,0.00729369,25877.8000
1622473514107000,0,0.02215060,25877.8000
1622473514111000,0,0.05136943,25877.8000
1622473514149000,1,0.00093750,25890.7300
1622473514149000,1,0.02527300,25876.1600
1622473514149000,1,0.05557496,25876.1400
1622473640786000,1,0.04200000,25902.1300
1622473765881000,0,0.00241000,25915.5800
1622473921479000,1,0.01508361,25899.5100
1622473971772000,1,0.00114100,25901.3200
1622474002094000,0,0.09230595,25952.1300
1622474002094000,0,0.08144355,25956.7600
1622474002094000,0,0.08149680,25961.1600
1622474002094000,0,0.08147610,25967.9900
1622474002094000,0,0.03400000,25971.1300
1622474002094000,0,0.00085312,25971.1400
1622474002094000,0,0.08144583,25972.3300
1622474002094000,0,0.08143519,25976.2100
1622474002094000,0,0.00101250,25986.0300
1622474002094000,0,0.20545936,26142.6800
1622474082692000,1,0.00875748,25943.1200
1622474132922000,0,0.03037016,25944.0500
1622474212653000,0,0.00535000,25994.3800
1622474307007000,0,0.09446700,26075.9700
1622474307007000,0,0.08113276,26075.9800
1622474307007000,0,0.08113026,26076.7400
1622474307007000,0,0.08111383,26084.1500
1622474307007000,0,0.03400000,26087.7000
1622474307007000,0,0.00096562,26089.0100
1622474307007000,0,0.03322932,26092.7100
1622474331220000,0,0.00316000,26075.9800
1622474433403000,0,0.00184000,26088.1900
1622474450064000,1,0.00179848,26101.2900
1622474455046000,1,0.00166366,26109.8800
1622474459894000,1,0.00112564,26122.4500
1622474470848000,0,0.00098554,26133.9100
1622474475270000,0,0.00112289,26133.9100
1622474475270000,0,0.00000001,26133.9100
1622474542129000,0,0.01832000,26176.3900
1622474557263000,0,0.00794000,26135.8100
1622474577659000,1,0.02487000,26132.4000
1622475034785000,1,0.00609571,26080.0900
1622475110601000,0,0.01137000,26060.0000
1622475205736000,1,0.01137590,26007.9700
1622475284471000,1,0.02026236,26045.0700
1622475309474000,0,0.00257000,26072.7700
1622475313473000,0,0.01104000,26072.7700
1622475347898000,0,0.03327000,26092.3200
1622475369604000,0,0.03562000,26091.5600
1622475473781000,0,0.00397499,26116.5900
1622475473853000,0,0.00000001,26116.5900
1622475507013000,0,0.00325831,26105.9000
1622475547488000,0,0.08107607,26083.4700
1622475547488000,0,0.03062213,26086.5300
1622475551499000,0,0.05401523,26079.1200
1622475557732000,1,0.00325440,26052.4700
1622475610424000,0,0.01104000,26077.9700
1622475671971000,0,0.01105000,26042.7900
1622475705482000,1,0.02458274,26005.9800
1622475705500000,1,0.04848603,26005.9800
1622475705747000,1,0.08125030,26002.0900
1622475705902000,1,0.09614469,26005.9800
1622475728609000,1,0.01406420,26003.2700
1622475811625000,0,0.00141000,26041.1300
1622475878864000,1,0.00798635,26012.1800
1622475979217000,1,0.00090000,26024.4100
1622476059121000,0,0.00110000,26041.7800
1622476096732000,0,0.00110000,26045.9800
1622476102897000,0,0.00381957,26050.0200
1622476320057000,1,0.00144020,25937.1200
1622476380530000,0,0.02182916,25924.6900
1622476511077000,1,0.00986092,26008.0300
1622476521354000,1,0.00370000,25990.8200
1622476569731000,0,0.00194000,26019.9500
1622476571526000,0,0.01843000,26019.9500
1622476623102000,0,0.08133045,25995.1000
1622476802126000,0,0.01103000,26060.0600
1622476812019000,1,0.00629963,26044.1200
1622476963699000,1,0.01000000,25983.4100
1622476979649000,0,0.00267299,26028.3700
1622476990349000,0,0.00000001,26028.3700
1622477276330000,0,0.01855000,26098.9100
1622477289371000,0,0.01136000,26086.0000
1622477297567000,0,0.00687500,26093.7400
1622477297567000,0,0.01394500,26098.9100
1622477342947000,1,0.00807833,26054.4900
1622477390334000,0,0.08121872,26037.8700
1622477390334000,0,0.00355157,26037.8800
1622477413221000,1,0.00261553,26052.4500
1622477413465000,1,0.01255867,26052.4500
1622477500262000,0,0.08090702,26160.1100
1622477500262000,0,0.08084597,26161.8400
1622477500262000,0,0.08086724,26165.7600
1622477500262000,0,0.00091875,26175.1300
1622477500262000,0,0.03400000,26177.0100
1622477500262000,0,0.00561102,26177.0200
1622477552384000,0,0.03742000,26132.7000
1622477552811000,0,0.01436311,26132.7000
1622477616074000,0,0.03019000,26171.4700
1622477674246000,0,0.00443943,26188.0300
1622477717082000,0,0.02319483,26188.0300
1622477717083000,0,0.00571514,26188.0300
1622477717088000,0,0.02258896,26188.0300
1622477717108000,0,0.02246637,26188.0300
1622477717159000,0,0.02159527,26188.0300
1622477722553000,0,0.08059823,26239.0900
1622477724114000,1,0.00358509,26205.8200
1622477727955000,0,0.03399999,26322.5600
1622477729047000,1,0.00331683,26283.4300
1622477737500000,1,0.00223961,26251.6200
1622477745198000,0,0.00098257,26263.3200
1622477754353000,0,0.00505592,26285.2500
1622477770627000,1,0.00270030,26299.9300
1622477774814000,0,0.32000000,26325.0000
1622477774842000,0,0.00477477,26325.0000
1622477775288000,1,0.00181850,26299.9300
1622477775382000,0,0.00111411,26333.3300
1622477791775000,0,0.00155295,26309.6200
1622477791775000,0,0.00110873,26309.6200
1622477791796000,0,0.00000001,26309.6200
1622477808601000,0,0.00000001,26333.3300
1622477813168000,0,0.00165135,26331.9700
1622477817475000,1,0.00111608,26332.4700
1622477830050000,1,0.00180277,26329.0600
1622477884626000,0,0.00200000,26342.3400
1622477924632000,1,0.08027543,26304.2400
1622477924632000,1,0.00033339,26299.8100
1622477970715000,0,0.01000000,26346.0000
1622477979966000,1,0.00122936,26367.1000
1622477984985000,0,0.00100000,26367.1000
1622477984992000,0,0.00078469,26367.1000
1622478017744000,0,0.00127000,26367.1000
1622478020726000,0,0.00060274,26367.1000
1622478020726000,0,0.00110651,26367.1000
1622478020726000,0,0.00920075,26381.8600
1622478052252000,1,0.01544945,26341.5000
1622478052253000,1,0.06471924,26341.5000
1622478093445000,1,0.08016397,26329.8000
1622478128501000,0,0.00109000,26357.6900
1622478145245000,0,0.02659838,26377.6800
1622478197946000,1,0.06676642,26376.8100
1622478197948000,1,0.01327544,26376.8100
1622478205300000,1,0.00271479,26383.7200
1622478209993000,1,0.00159280,26383.7200
1622478213622000,1,0.00702405,26381.6000
1622478213631000,1,0.05893213,26381.6000
1622478213636000,1,0.01411482,26381.6000
1622478216874000,0,0.00111360,26383.7200
1622478216874000,0,0.00095625,26414.6500
1622478216874000,0,0.00858015,26419.4900
1622478229330000,1,0.01996915,26364.6100
1622478245538000,1,0.00231625,26377.3500
1622478249135000,1,0.00642147,26387.1500
1622478249137000,1,0.04075242,26387.1500
1622478249140000,1,0.03282200,26387.1500
1622478249157000,1,0.00006252,26387.1500
1622478320730000,1,0.01304862,26337.5100
1622478445978000,0,0.00358415,26316.5600
1622478446090000,0,0.00813154,26316.5600
1622478476797000,1,0.00093750,26222.8100
1622478559035000,0,0.08074631,26205.2000
1622478559035000,0,0.08075289,26210.6800
1622478559035000,0,0.02145080,26212.7500
1622478590466000,0,0.04100000,26192.9900
1622478603707000,0,0.00366000,26239.5500
1622478726897000,0,0.00889261,26162.4500
1622478744660000,0,0.08085559,26169.6300
1622478744940000,0,0.08000000,26164.3800
1622478745050000,0,0.00083664,26164.3800
1622478745050000,0,0.07916336,26173.2400
1622478805292000,0,0.03999299,26182.6500
1622478805449000,0,0.04082581,26182.6500
1622478837915000,0,0.00382000,26195.3600
1622478848884000,0,0.00366000,26202.2800
1622479021200000,0,0.00169838,26093.3500
1622479022549000,0,0.00115345,26086.7100
1622479034464000,0,0.02395465,26108.3000
1622479034544000,0,0.00901392,26108.3000
1622479066233000,0,0.03712788,26087.6900
1622479154257000,0,0.01725000,26131.7800
1622479178851000,0,0.01112000,26124.0600
1622479231237000,0,0.00550000,26154.7500
1622479343510000,0,0.02757000,26112.7700
1622479348121000,0,0.03306000,26130.6100
1622479378579000,1,0.00587202,26077.6800
1622479418736000,0,0.08092928,26140.6900
1622479418736000,0,0.08093238,26142.1300
1622479418736000,0,0.02163834,26148.1800
1622479539771000,0,0.03729719,26176.2200
1622479570460000,0,0.00377000,26171.5000
1622479600779000,1,0.08085850,26125.1700
1622479600779000,1,0.00732950,26121.0200
1622479890383000,1,0.00756840,26170.1700
1622479915408000,1,0.03817000,26155.2000
1622479915601000,1,0.03400000,26152.2600
1622479924735000,0,0.01239638,26154.7500
1622479940658000,0,0.08078008,26176.9600
1622479940658000,0,0.08076736,26183.0300
1622479940658000,0,0.08074911,26187.8600
1622479940658000,0,0.08074911,26190.9900
1622479940658000,0,0.00095625,26194.3400
1622479940658000,0,0.08074911,26197.0200
1622479940658000,0,0.00090000,26200.8100
1622479940658000,0,0.13763000,26206.9500
1622479940658000,0,0.00091875,26206.9700
1622479940658000,0,0.03400000,26207.9500
1622479940658000,0,0.00096562,26218.7700
1622479940658000,0,0.08334000,26443.2100
1622479940658000,0,0.06440117,26443.2300
1622480000712000,0,0.00345000,26099.8700
1622480004683000,0,0.02547217,26084.7900
1622480004685000,0,0.03313934,26084.7900
1622480004685000,0,0.02244067,26084.7900
1622480004688000,0,0.08105218,26087.9100
1622480081316000,0,0.08087455,26142.9000
1622480081316000,0,0.08086153,26147.8300
1622480081316000,0,0.06206097,26152.1400
1622480081452000,1,0.00090937,26120.9200
1622480081452000,1,0.00086981,26117.7700
1622480119689000,0,0.01431000,26141.6300
1622480146204000,1,0.00125421,26122.9000
1622480172021000,0,0.00937000,26161.0100
1622480330198000,0,0.04030000,26182.6300
1622480336864000,0,0.01997000,26177.8100
1622480392358000,1,0.00299999,26172.3400
1622480392682000,1,0.00000001,26172.3400
1622480472792000,1,0.00214172,26104.9800
1622480517851000,1,0.03399999,26101.2900
1622480517854000,1,0.00000001,26101.2900
1622480542471000,1,0.08089356,26096.2700
1622480542483000,1,0.00000001,26096.2700
1622480564075000,1,0.01938093,26077.8800
1622480571814000,0,0.00367000,26086.1100
1622480581903000,1,0.00100000,26065.8900
1622480582693000,1,0.00003775,26065.8900
1622480583053000,1,0.00100000,26065.8900
1622480583400000,1,0.00077511,26065.8900
1622480591086000,0,0.00170143,26026.6800
1622480595493000,1,0.00115649,26026.6700
1622480595495000,1,0.00000001,26026.6700
1622480642209000,0,0.00203000,26019.8000
1622480649671000,0,0.00347000,26019.8000
1622480654667000,0,0.00104050,25997.0500
1622480655917000,0,0.00180289,25997.0500
1622480657380000,0,0.00170480,25997.0500
1622480766251000,0,0.00386000,26074.8100
1622480769585000,0,0.00184000,26074.8100
1622480773869000,0,0.06366226,26057.8600
1622480773989000,1,0.09914414,26022.7700
1622480773989000,1,0.03400000,26012.0700
1622480773989000,1,0.05005362,26012.0600
1622480794245000,1,0.00115782,25997.0500
1622480794245000,1,0.01000236,25991.3600
1622480925414000,0,0.00382000,26114.4800
1622480937711000,1,0.04865346,26093.7500
1622480944769000,0,0.08101962,26092.6600
1622480944769000,0,0.08105332,26093.3900
1622480944769000,0,0.08100682,26096.9800
1622480944769000,0,0.00091875,26103.2800
1622480944769000,0,0.02647737,26103.4400
1622481018834000,1,0.02766998,26059.7500
1622481018837000,1,0.03534048,26059.7500
1622481018847000,1,0.01803845,26059.7500
1622481020223000,1,0.00880739,26032.9700
1622481030466000,1,0.07082289,26010.6900
1622481068155000,0,0.05086856,26058.3600
1622481068166000,0,0.03033279,26058.3600
1622481115319000,1,0.00092812,26071.8700
1622481115319000,1,0.03873757,26070.3600
1622481259114000,0,0.00378000,26099.1300
1622481406071000,0,0.00451906,26027.3200
1622481456324000,1,0.09154092,25963.3300
1622481456324000,1,0.03400000,25955.0100
1622481456324000,1,0.01640008,25955.0000
1622481506563000,1,0.00732020,25940.0700
1622481533049000,0,0.00180653,25944.7100
1622481534362000,0,0.00170824,25940.4400
1622481535630000,0,0.00116015,25940.4400
1622481633782000,0,0.08135713,26008.6400
1622481633782000,0,0.08133714,26008.6500
1622481633782000,0,0.03400000,26015.8200
1622481633782000,0,0.08133973,26015.8300
1622481633782000,0,0.08486244,26020.3900
1622481641354000,0,0.01033000,26008.6400
1622481747141000,0,0.00472282,26031.2200
1622481788223000,0,0.05532000,26006.3900
1622481797586000,0,0.01844000,26019.2500
1622481828124000,0,0.00200000,26002.9200
1622481828139000,0,0.02610800,26002.9200
1622481837390000,0,0.00281170,26029.3600
1622481877678000,0,0.02723629,26021.4800
1622481952043000,0,0.00940000,26009.4600
1622481997973000,1,0.00598016,25986.5200
1622482027283000,0,0.00230000,26021.3000
1622482128232000,0,0.03742744,25980.8000
1622482225081000,0,0.08126685,25988.0100
1622482225130000,0,1.11873315,25988.0100
1622482251698000,0,0.00553000,26024.1100
1622482446494000,0,0.00656000,25973.5200
1622482494200000,0,0.00180970,25899.2700
1622482496221000,1,0.00090000,25912.2100
1622482500396000,1,0.00100000,25918.6700
1622482500598000,1,0.00004364,25918.6700
1622482530274000,1,0.00100000,25899.2700
1622482532893000,1,0.00016219,25899.2700
1622482563463000,0,0.01721000,25918.0800
1622482806782000,0,0.01850000,25922.4800
1622482829584000,1,0.00156079,25894.6800
1622482852234000,0,0.00462000,25941.9800
1622483076244000,0,0.00739000,25941.3900
1622483098388000,0,0.00111000,25941.3900
1622483185980000,0,0.00171148,25895.5900
1622483278273000,0,0.02741124,25930.6000
1622483462837000,0,0.00701000,25947.9400
1622483571845000,0,0.01277211,25965.7800
1622483745683000,0,0.00922000,26010.7500
1622483751081000,0,0.00184000,26022.2000
1622483851691000,0,0.02211000,26023.5800
1622483928306000,0,0.00338000,26044.8300
1622484049636000,0,0.01105000,26030.0800
1622484113934000,0,0.00086913,26003.4500
1622484203708000,1,0.04319848,25962.6900
1622484203925000,1,0.04000000,25962.6900
1622484203926000,1,0.01260512,25962.6900
1622484203928000,1,0.00241966,25962.6900
1622484203929000,1,0.00348134,25962.6900
1622484228143000,0,0.01818858,25984.9800
1622484376494000,0,0.02954000,25978.1200
1622484404914000,1,0.01484688,25941.9400
1622484646482000,0,0.00093750,25979.1500
1622484646482000,0,0.00092812,25985.2800
1622484646482000,0,0.00071438,25987.3100
1622484715590000,0,0.00085813,25965.7300
1622484716848000,0,0.00188000,25965.7300
1622484932441000,0,0.08156058,25938.4800
1622484932441000,0,0.08154618,25943.2900
1622484932441000,0,0.08153556,25947.5100
1622484932441000,0,0.03400000,25953.2900
1622484932441000,0,0.08152314,25953.3000
1622484932441000,0,0.08151040,25957.7900
1622484932441000,0,0.00096562,25964.2600
1622484932441000,0,0.10100000,25968.6300
1622484932441000,0,0.00094687,25970.6800
1622484932441000,0,0.00095625,25976.5900
1622484932441000,0,0.00092812,25983.5000
1622484932441000,0,0.43233744,26087.9000
1622484932441000,0,0.33280279,26087.9100
1622484942630000,0,0.07501647,25955.1700
1622484963958000,0,0.00651045,25955.1700
1622484963958000,0,0.01066955,25958.3300
1622485072390000,0,0.08154944,25924.4400
1622485072390000,0,0.00551720,25931.9700
1622485169249000,0,0.02114392,25949.3700
1622485183373000,0,0.02720155,25941.3900
1622485211912000,0,0.04200000,25976.2200
1622485231979000,0,0.05799999,25976.2200
1622485316519000,1,0.03665625,25908.5000
1622485341659000,0,0.01157399,25920.7600
1622485351868000,0,0.00379672,25916.1800
1622485402105000,0,0.00130000,25915.3700
1622485427571000,1,0.00400000,25892.9800
1622485430474000,1,0.00039173,25892.9800
1622485432465000,0,0.00391979,25895.4000
1622485516900000,0,0.00437134,25963.9100
1622485568702000,0,0.03698000,25951.4800
1622485647214000,1,0.00204085,25878.0200
1622485925471000,0,0.00185000,25937.2700
1622486048725000,0,0.01665000,25923.5700
1622486245367000,0,0.00926000,25882.8000
1622486278764000,0,0.02823137,25887.5500
1622486325184000,0,0.00481551,25895.4700
1622486343144000,0,0.00167000,25911.0300
1622486419016000,1,0.00095625,25877.2700
1622486419016000,1,0.00124375,25876.8100
1622486429185000,0,0.00370000,25902.2000
1622486429348000,0,0.00489314,25902.2000
1622486530487000,0,0.02594000,25879.1800
1622486570532000,1,0.00100000,25845.3900
1622486571883000,1,0.00004660,25845.3900
1622486571883000,1,0.00095340,25845.3900
1622486572742000,1,0.00086007,25845.3900
1622486573444000,1,0.00100000,25845.3900
1622486573585000,1,0.00071481,25845.3900
1622486574961000,1,0.00100000,25845.3900
1622486575039000,1,0.00016461,25845.3900
1622486730593000,0,0.00371000,25872.9200
1622486760468000,0,0.06573574,25877.3700
1622486766411000,0,0.00605000,25877.3700
1622486821057000,0,0.00193000,25857.8600
1622486875970000,0,0.00927000,25857.8600
1622486904492000,0,0.00249000,25858.7800
1622486906290000,0,0.02090000,25858.7800
1622486951577000,0,0.04983158,25835.7400
1622487003109000,0,0.01855000,25859.1000
1622487064154000,0,0.00150000,25869.8200
1622487077578000,0,0.00111000,25882.2300
1622487105531000,0,0.00937000,25847.3200
1622487148060000,0,0.00471000,25840.8500
1622487171539000,0,0.00831031,25848.4100
1622487172500000,0,0.00267000,25848.4100
1622487193271000,0,0.03087000,25853.1800
1622487231843000,0,0.00828702,25853.0800
1622487240873000,0,0.08182244,25839.9100
1622487240873000,0,0.01817756,25843.5600
1622487258717000,0,0.00537000,25876.2000
1622487368798000,0,0.00222000,25879.5800
1622487523105000,0,0.00474684,25859.0700
1622487598144000,0,0.00167000,25875.5300
1622487663585000,1,0.09983764,25850.1800
1622487663585000,1,0.03400000,25850.1700
1622487663585000,1,0.02921489,25847.4300
1622487826535000,0,0.00433000,25899.0200
1622487874851000,1,0.03400000,25844.7900
1622487875939000,1,0.11254256,25844.7900
1622487876583000,1,0.00153246,25844.7900
1622487876715000,1,0.00355195,25844.7900
1622487877304000,1,0.01190966,25844.7900
1622487877729000,1,0.00891018,25844.7900
1622487877832000,1,0.00603410,25844.7900
1622487877877000,1,0.02151909,25844.7900
1622488004789000,0,0.00519000,25889.0800
1622488034608000,0,0.00109581,25910.9000
1622488107091000,0,0.02776000,25902.8600
1622488156160000,0,0.00222000,25920.5200
1622488186419000,0,0.00944000,25904.6700
1622488208819000,0,0.00111000,25909.9900
1622488262575000,0,0.01111000,25912.7500
1622488399079000,0,0.00740000,25933.3200
1622488479583000,0,0.00740000,25923.1100
1622488605721000,1,0.00621692,25874.9000
1622488630232000,0,0.01808000,25913.1300
1622488668209000,0,0.00758000,25930.0400
1622488765740000,0,0.00755000,25901.9000
1622488850085000,0,0.00262000,25911.6300
1622489097689000,0,0.00556000,25862.7000
1622489107000000,0,0.00364451,25884.1500
1622489246570000,0,0.05678800,25869.9500
1622489247373000,0,0.00476840,25869.9500
1622489247395000,0,0.02876145,25869.9500
1622489249218000,0,0.01143452,25869.9500
1622489249488000,0,0.03549954,25869.9500
1622489249652000,0,0.08165390,25869.9500
1622489249813000,0,0.04200000,25869.9500
1622489249902000,0,0.02332630,25869.9500
1622489250702000,0,0.01723111,25869.9500
1622489250939000,0,0.08165143,25869.9500
1622489251141000,0,0.04560812,25869.9500
1622489257200000,0,0.08165233,25869.9500
1622489257349000,0,0.68962490,25869.9500
1622489294249000,0,0.00384237,25895.4300
1622489330170000,0,0.00113000,25895.4300
1622489404331000,0,0.01111000,25895.4300
1622489484728000,0,0.00114000,25895.4300
1622489497984000,0,0.00273880,25867.1500
1622489528067000,0,0.00185000,25861.8200
1622489539352000,0,0.01113000,25858.2800
1622489632287000,0,0.00181668,25799.7100
1622489633567000,0,0.00171784,25799.7000
1622489634820000,0,0.00116667,25799.7100
1622489649905000,0,0.00167172,25799.7100
1622489664470000,1,0.00216523,25774.8400
1622489763994000,0,0.00580000,25798.5400
1622489926599000,0,0.00743000,25803.3700
1622489954911000,1,0.00100000,25758.7100
1622490000540000,0,0.00381000,25771.6400
1622490057681000,0,0.00892000,25797.7200
1622490141195000,0,0.00279000,25820.1500
1622490231834000,0,0.00186000,25822.5200
1622490338946000,0,0.00100000,25822.5300
1622490349554000,0,0.08179459,25822.5300
1622490350950000,0,0.01720541,25822.5300
1622490405045000,0,0.02967000,25858.9700
1622490426133000,0,0.01484000,25855.0900
1622490626404000,0,0.00743000,25818.8900
1622490628736000,0,0.00149000,25818.8900
1622490729734000,1,0.00236000,25816.4700
1622490771391000,0,0.00556000,25891.5100
1622490810227000,0,0.00263000,25898.0500
1622490830628000,0,0.00811000,25905.7000
1622490967709000,0,0.00925000,25918.5500
1622490970460000,0,0.00457000,25918.5400
1622491016422000,0,0.00381000,25914.9900
1622491202441000,0,0.00189905,25996.4600
1622491202441000,0,0.00575420,26003.8300
1622491207519000,0,0.08134385,26010.1000
1622491207519000,0,0.08133539,26013.9600
1622491207519000,0,0.08132686,26016.5900
1622491207519000,0,0.08131392,26021.4400
1622491207519000,0,0.03400000,26026.9800
1622491207519000,0,0.02411967,26026.9900
1622491287243000,1,0.03026970,26006.0700
1622491287244000,1,0.00373030,26006.0700
1622491337011000,1,0.01910955,26002.2600
1622491404878000,1,0.05544246,26033.3400
1622491477682000,0,0.00347414,26061.1200
1622491500233000,0,0.01472000,26061.1200
1622491547999000,0,0.08124434,26036.7600
1622491547999000,0,0.07203167,26042.3000
1622491585675000,0,0.02945000,26058.0800
1622491642599000,0,0.01527794,26050.6200
1622491659031000,0,0.00295000,26031.4700
1622491683091000,0,0.00553000,26022.6700
1622491925537000,0,0.01294000,25952.0500
1622491929961000,0,0.01109000,25952.0500
1622492021383000,0,0.01869000,25946.1900
1622492071846000,0,0.00647000,25960.1100
1622492122878000,0,0.00881143,25972.7200
1622492173108000,0,0.00436209,25936.6700
1622492187241000,0,0.00111000,25936.6700
1622492289268000,0,0.07398000,25930.9800
1622492379282000,0,0.00370000,25914.6200
1622492544083000,0,0.01880470,25884.7900
1622492563171000,0,0.00148000,25892.0000
1622492974632000,0,0.00499000,25938.6400
1622493081751000,0,0.00222000,25944.7300
1622493124920000,0,0.00729135,25948.8800
1622493135160000,0,0.01093702,25952.1000
1622493152237000,0,0.00370000,25941.7600
1622493168737000,0,0.01917708,25942.9400
1622493261464000,0,0.00381000,25922.4300
1622493308541000,0,0.00740000,25915.5400
1622493353922000,0,0.00315000,25893.3100
1622493826377000,0,0.02387150,25823.0400
1622493849884000,0,0.01412000,25816.9700
1622494037855000,0,0.01856000,25844.7600
1622494062133000,1,0.33459413,25829.8900
1622494171564000,0,0.00582157,25883.0100
1622494427346000,0,0.00255583,25860.3800
1622494505017000,0,0.08179974,25847.0400
1622494505017000,0,0.08179974,25849.9500
1622494505017000,0,0.08179974,25855.6300
1622494505017000,0,0.08176249,25860.4500
1622494505017000,0,0.03400000,25868.8700
1622494505017000,0,0.08181275,25868.8800
1622494505017000,0,0.43233744,25922.9200
1622494505017000,0,0.65187679,25922.9300
1622494590285000,1,0.04200000,25834.4600
1622494592873000,1,0.03846232,25834.4600
1622494593994000,1,0.00144425,25834.4600
1622494594004000,1,0.00000001,25834.4600
1622494607248000,0,0.00549000,25841.0300
1622494728020000,0,0.01327100,25835.4700
1622494757639000,1,0.12596660,25838.8200
1622494790706000,0,0.00223000,25861.3900
1622494837464000,0,0.08171395,25875.2600
1622494837464000,0,0.02105395,25879.2200
1622494885507000,0,0.03400000,25897.6600
1622494885507000,0,0.04403139,25897.6700
1622494889268000,0,0.00578000,25901.4800
1622494918724000,0,0.06535184,25905.7600
1622494943102000,0,0.01628193,25905.7600
1622494943102000,0,0.02189066,25906.1100
1622494989074000,0,0.00482058,25883.1300
1622495047835000,0,0.00555000,25910.6200
1622495055752000,0,0.00118000,25910.6200
1622495058359000,1,0.00720000,25889.7500
1622495077411000,0,0.00508181,25910.6200
1622495158586000,0,0.05379657,25909.6200
1622495170346000,0,0.00953000,25921.9000
1622495210858000,0,0.00740000,25924.6000
1622495292547000,0,0.01110000,25928.4700
1622495356368000,0,0.00151000,25941.5000
1622495417010000,0,0.00739000,25947.8900
1622495443732000,0,0.00185000,25947.8900
1622495659499000,1,0.00390000,25928.8700
1622495687424000,0,0.00114000,25980.4700
1622495769132000,0,0.00111000,25930.2600
1622495888851000,0,0.00111000,25979.6300
1622495901430000,0,0.01551000,25966.3400
1622495910231000,0,0.00369984,25963.0300
1622496110742000,1,0.02880000,25924.5200
1622496161005000,0,0.00197493,25952.9100
1622496161005000,0,0.00294526,25952.9200
1622496193108000,1,0.00678958,25898.5400
1622496276548000,0,0.00361000,25920.1300
1622496451821000,1,0.00169503,25888.4700
1622496499166000,0,0.01369000,25919.9400
1622496527657000,0,0.00374000,25925.4300
1622496625130000,0,0.00385000,25925.4300
1622496727986000,0,0.01132000,25925.4300
1622496792612000,1,0.02800927,25876.6100
1622496826038000,0,0.00111000,25904.6100
1622497082905000,0,0.00474792,25855.8000
1622497090019000,0,0.00142000,25855.8000
1622497173612000,0,0.00139000,25863.0900
1622497209958000,0,0.00309000,25871.1400
1622497427609000,0,0.00381000,25914.1900
1622497429401000,0,0.04200000,25914.1900
1622497429758000,0,0.03578925,25914.1900
1622497433451000,0,0.01805351,25916.8300
1622497469362000,0,0.00387087,25941.5300
1622497469364000,0,0.07762268,25941.5300
1622497505724000,0,0.00242000,25921.0500
1622497555672000,1,0.01842448,25879.1300
1622497555673000,1,0.00000001,25879.1300
1622497574173000,0,0.01889716,25886.1700
1622497575139000,0,0.01656665,25886.1700
1622497580488000,0,0.03694138,25886.1700
1622497580709000,0,0.01983838,25886.1700
1622497580710000,0,0.00775643,25886.1700
1622497611196000,0,0.00519000,25893.7500
1622497663937000,0,0.03002563,25858.3100
1622497710566000,0,0.00550000,25915.5100
1622497904835000,0,0.00362128,26135.2800
1622497915038000,1,0.00125528,26043.8900
1622498132622000,0,0.00263000,25989.7700
1622498250202000,1,0.00596285,25970.4800
1622498499391000,0,0.00575000,26022.2800
1622498615918000,1,0.04609480,26070.7700
1622498647292000,0,0.00928000,26092.4300
1622498667555000,0,0.00759281,26107.5800
1622498689770000,0,0.00125000,26105.0700
1622498751432000,1,0.00100000,26147.4400
1622498811348000,1,0.00181668,26175.3600
1622498817933000,0,0.00171784,26175.3600
1622498883994000,0,0.00116666,26175.3600
1622498885280000,0,0.00000001,26175.3600
1622499143377000,0,0.02625000,26222.1900
1622499217155000,1,0.00104660,26227.9800
1622499232416000,0,0.00923000,26224.5000
1622499327491000,1,0.00500218,26164.4500
1622499487748000,0,0.00241325,26166.0800
1622499487846000,0,0.00371270,26166.0800
1622499510119000,0,0.04912000,26149.1700
1622499638153000,0,0.00166515,26162.9500
1622499688392000,0,0.07059749,26189.1800
1622499794463000,1,0.00672742,26133.1700
1622499899892000,0,0.00366000,26195.9100
1622499969090000,0,0.00146000,26195.9100
1622500394516000,1,0.00094687,26123.8600
1622500394516000,1,0.00578196,26122.4100
1622500540439000,0,0.00183000,26150.7800
1622500562687000,0,0.00572000,26139.1800
1622500713459000,0,0.00305000,26129.5500
1622500736768000,0,0.00262000,26115.9100
1622500745670000,0,0.04263646,26115.9100
1622500809086000,0,0.00110000,26116.6200
1622501101616000,0,0.00184000,26071.8000
1622501149985000,1,0.00094687,26027.0100
1622501149985000,1,0.00091875,26016.6200
1622501149985000,1,0.01235383,26014.0100
1622501599152000,1,0.07577876,26011.4100
1622501949727000,1,0.00100000,26008.7100
1622501949792000,1,0.00009424,26008.7100
1622502020812000,0,0.00188282,26011.0300
1622502053413000,1,0.00600000,25950.2300
1622502053415000,1,0.00064982,25950.2300
1622502603219000,0,0.00700000,26071.8000
1622502623130000,0,0.01143315,26071.8000
1622502637184000,0,0.00920744,26071.8000
1622502651846000,0,0.00184000,26071.8000
1622502659085000,0,0.24000000,26071.8000
1622502659175000,0,0.00069434,26071.8000
1622502809597000,0,0.00122000,26108.6800
1622502870831000,0,0.00700035,26103.1100
1622502871072000,0,0.00928000,26103.1000
1622502983209000,0,0.00548732,26103.1000
1622502993311000,0,0.00424570,26103.1100
1622503012372000,0,0.00361635,26103.1000
1622503053799000,1,0.00094687,26074.4700
1622503053799000,1,0.00911790,26062.5700
1622503053799000,1,0.00089062,26062.5600
1622503053799000,1,0.07139851,26061.4700
1622503288959000,1,0.00189761,26155.6400
1622503328304000,0,0.00366000,26204.7600
1622503422790000,0,0.00181347,26227.2500
1622503422790000,0,0.00050653,26227.2500
1622503479372000,0,0.00120828,26227.2500
1622503479372000,0,0.00225610,26227.2500
1622503482807000,0,0.00007070,26227.2500
1622503482807000,0,0.00093750,26268.9200
1622503482807000,0,0.00099375,26274.4600
1622503482807000,0,0.00090000,26285.4600
1622503482807000,0,0.02193805,26380.7000
1622503602869000,1,0.00092812,26192.3000
1622503602869000,1,0.00003683,26187.0200
1622503613210000,0,0.01075995,26244.0100
1622503690002000,0,0.00182000,26332.4100
1622503909626000,0,0.00368000,26311.2800
1622503951482000,1,0.00090000,26276.6400
1622503953443000,0,0.00089151,26276.5100
1622503954140000,0,0.00001819,26276.5100
1622503956361000,0,0.00093750,26276.5100
1622503956531000,0,0.00077398,26276.5100
1622504063780000,1,0.00762600,26268.1900
1622504324545000,0,0.00095625,26343.2700
1622504324545000,0,0.00013375,26348.6600
1622504354838000,1,0.00096562,26322.8300
1622504354838000,1,0.00007802,26317.0500
1622504372870000,1,0.00095625,26350.4100
1622504372870000,1,0.00085028,26337.2500
1622504377618000,1,0.00092812,26363.5900
1622504377618000,1,0.00078012,26350.4200
1622504382314000,1,0.00096562,26363.5900
1622504382314000,1,0.00135808,26350.4200
1622504434346000,1,0.10222579,26349.3300
1622504550856000,0,0.00094687,26348.8100
1622504550856000,0,0.00178313,26354.0500
1622504813953000,0,0.00090000,26322.1800
1622504813953000,0,0.00019000,26324.7000
1622505069957000,0,0.00219000,26323.4100
1622505098971000,1,0.08067049,26251.1400
1622505098978000,1,0.08066823,26251.1400
1622505098986000,1,0.08070906,26251.1400
1622505098986000,1,0.03921314,26251.1400
1622505098986000,1,0.03400000,26251.1300
1622505098986000,1,0.00171923,26251.1200
1622505098986000,1,0.00575630,26251.0800
1622505098989000,1,0.08069874,26251.0800
1622505210923000,0,0.00365000,26267.2400
1622505285602000,0,0.00179222,26255.0300
