timestamp ms,type,amount,price
1623542552082000,1,34.15500000,9.3600
1623542553243000,1,72.56241079,9.3600
1623542555819000,1,34.15500000,9.3500
1623542556187000,1,221.45706143,9.3500
1623542556700000,1,221.51142502,9.3500
1623542557201000,1,177.83729038,9.3500
1623543901010000,1,223.28905808,9.2700
1623543902124000,1,223.33351008,9.2700
1623543902745000,1,223.29645463,9.2700
1623543903350000,1,107.97741733,9.2700
1623551014191000,0,34.15500000,9.3700
1623551058246000,0,8.83508780,9.3900
1623551058343000,1,8.83508780,9.3900
1623551058376000,1,16.48482440,9.3900
1623551799380000,0,34.15500000,9.4100
1623552398402000,1,33.13035000,9.3900
1623556005076000,1,34.15500000,9.2300
1623559084554000,0,9.07079917,9.1500
1623559084554000,0,25.08420083,9.1500
1623561389688000,1,3.00000000,9.1300
1623562083374000,0,9.08112473,9.1400
1623563247420000,0,9.12910760,9.1000
1623563247569000,1,25.02589240,9.1000
1623565204428000,0,9.10854067,9.1100
1623565204428000,0,1.71563515,9.1200
1623567807237000,1,34.15500000,9.1500
1623570320071000,1,226.17708574,9.1700
1623570320705000,1,23.56991535,9.1700
1623571687489000,1,34.15500000,9.1800
1623572359132000,0,9.10431779,9.1100
1623572359241000,1,9.10431779,9.1100
1623573178435000,0,225.04990226,9.2000
1623573178969000,0,24.69709883,9.2000
1623574208766000,0,8.98607777,9.2300
1623574208892000,1,8.98607777,9.2300
1623574208980000,1,16.18284446,9.2300
1623574818545000,1,34.15500000,9.2200
1623575548632000,0,8.99141931,9.2300
1623575548731000,1,8.99141931,9.2300
1623576052291000,1,34.15500000,9.2200
1623576533936000,0,9.06699149,9.1500
1623576534037000,1,9.06699149,9.1500
1623576549189000,1,226.86681403,9.1400
1623576549208000,1,9.07467257,9.1400
1623576549720000,1,15.44472784,9.1400
1623577634856000,1,34.15500000,9.1600
1623579478963000,0,9.02687096,9.1900
1623579479056000,1,9.02687096,9.1900
1623579516447000,0,5.56134636,9.2100
1623579537635000,1,34.15500000,9.1800
1623582534808000,0,222.58960532,9.3000
1623582539025000,0,28.79660912,9.3000
1623583333559000,0,8.93689420,9.2900
1623583333690000,1,8.93689420,9.2900
1623583334129000,1,16.28121160,9.2900
1623583899126000,1,11.00000000,9.1900
1623584870347000,0,9.08235250,9.1400
1623584870568000,1,25.07264750,9.1400
1623586374763000,1,34.15500000,9.1500
1623587004159000,0,9.02414350,9.1900
1623587004267000,1,9.02414350,9.1900
1623587887506000,1,34.15500000,9.1900
1623589675813000,0,9.01054641,9.2000
1623589675813000,0,33.81345000,9.2100
1623589675813000,0,27.03163923,9.2100
1623589675813000,0,11.00000000,9.2100
1623589675813000,0,136.30941381,9.2100
1623590942339000,1,34.15500000,9.2000
1623592031376000,1,34.15500000,9.1700
1623592049920000,0,2.17627856,9.1900
1623592082729000,0,9.02526107,9.1900
1623592082888000,1,9.02526107,9.1900
1623594061100000,1,34.15500000,9.2300
1623594061526000,1,219.13752437,9.2300
1623594266499000,0,4.55184668,9.1100
1623594266581000,1,29.60315332,9.1100
1623594481352000,0,4.55557784,9.0900
1623594715554000,1,34.15500000,9.1500
1623594823402000,0,4.56085795,9.0900
1623595158192000,0,34.15500000,9.0600
1623595245938000,0,34.15500000,9.1500
1623596141075000,0,9.08289316,9.1300
1623596141164000,1,25.07210684,9.1300
1623596333868000,1,34.15500000,9.0600
1623596430733000,0,9.16730264,9.0500
1623596430979000,1,24.98769736,9.0500
1623596441628000,0,34.15500000,9.0700
1623596555661000,1,34.15500000,9.1400
1623596576790000,0,9.05549072,9.1600
1623598902331000,0,4.54488815,9.1200
1623598902453000,1,4.54488815,9.1200
1623598902623000,1,25.06522370,9.1200
1623600257493000,1,34.15500000,9.1100
1623601387366000,0,223.69153715,9.2400
1623601388444000,0,29.60098722,9.2400
1623602343578000,0,34.15500000,9.2800
1623603567103000,1,5.00000000,9.3100
1623604657144000,1,34.15500000,9.3300
1623605182968000,1,34.15500000,9.3700
1623605207142000,0,4.00000000,9.4200
1623605236124000,0,54.12490371,9.4500
1623605272366000,0,218.57412930,9.4500
1623605272754000,0,34.15500000,9.4500
1623605272870000,0,82.09418705,9.4500
1623605321704000,0,4.00000000,9.5000
1623606019661000,0,44.02920331,9.4000
1623606019661000,0,4.00000000,9.4000
1623606019661000,0,33.13035000,9.4100
1623606019661000,0,67.73616857,9.4100
1623606019661000,0,68.66640000,9.4100
1623606019661000,0,10.00000000,9.4200
1623606019661000,0,34.83810000,9.4200
1623606019661000,0,126.45422838,9.4500
1623606091315000,0,5.17382198,9.4400
1623606704941000,0,34.15500000,9.4000
1623606722731000,0,2.13000000,9.4400
1623607539773000,1,18.00000000,9.4400
1623607684133000,0,34.15500000,9.5000
1623607684497000,0,25.84500000,9.5000
1623607709228000,0,215.02208923,9.6000
1623607709776000,0,214.99244811,9.6000
1623607710278000,0,214.96004774,9.6000
1623607710820000,0,134.00190722,9.6000
1623607758243000,0,10.00000000,9.6500
1623607772914000,0,2.15500000,9.7000
1623607772914000,0,2.21657894,9.7000
1623608007385000,1,10.00000000,9.5900
1623608094587000,1,21.53316106,9.5500
1623608106993000,0,34.15500000,9.6000
1623608158035000,1,34.15500000,9.4900
1623608262591000,1,34.15500000,9.4500
1623608262770000,1,219.02017747,9.4500
1623608263281000,1,219.36816069,9.4500
1623608263778000,1,219.44465494,9.4500
1623608264288000,1,65.11359420,9.4500
1623608335186000,1,11.24092700,9.4600
1623611358987000,1,34.15500000,9.4700
1623611564117000,1,10.00000000,9.5000
1623612052569000,1,3.00000000,9.4200
1623613616777000,0,216.01780748,9.5500
1623613617281000,0,215.98086502,9.5500
1623613618551000,0,215.97608106,9.5500
1623613619873000,0,143.28183374,9.5500
1623614767058000,0,34.15500000,9.7000
1623614767791000,0,65.84500000,9.7000
1623615103531000,1,34.15500000,9.7400
1623615103583000,1,212.50538715,9.7400
1623615104088000,1,212.44319980,9.7400
1623615104608000,1,212.50085792,9.7400
1623615104647000,1,42.50265230,9.7400
1623615105124000,1,61.71425806,9.7400
1623615422642000,1,13.00000000,9.6500
1623616242341000,0,34.15500000,9.7200
1623617823946000,0,210.72480472,9.7900
1623617824510000,0,210.71459861,9.7900
1623617825205000,0,37.66418362,9.7900
1623617926966000,0,2.63378803,9.8200
1623618083760000,1,211.75632124,9.7600
1623618084325000,1,211.75015716,9.7600
1623618084830000,1,74.29782487,9.7600
1623618116842000,1,212.18944294,9.7400
1623618117362000,1,212.18833410,9.7400
1623618418491000,1,37.19773429,9.7100
1623619054709000,0,210.60583330,9.7900
1623619056368000,0,210.59691622,9.7900
1623619056961000,0,210.59197575,9.7900
1623619057463000,0,146.49855434,9.7900
1623619133735000,0,3.52145046,9.8300
1623619471714000,1,34.15500000,9.7500
1623619471714000,1,0.84500000,9.7500
1623619546925000,0,20.93973442,9.7900
1623620240370000,0,42.11736680,9.8100
1623620240480000,1,33.47190320,9.8100
1623620240508000,0,8.64546360,9.8100
1623620240768000,0,34.15500000,9.8100
1623620240978000,1,8.30382185,9.8100
1623620243030000,0,42.14117564,9.8100
1623620244585000,0,0.00072908,9.8100
1623620244585000,0,25.16827092,9.8100
1623620244985000,0,42.14190472,9.8100
1623620244985000,0,33.47153982,9.8100
1623620251948000,0,42.14117564,9.8100
1623620254298000,0,0.00072908,9.8100
1623620254298000,0,42.14190472,9.8100
1623620254298000,0,34.49584604,9.8100
1623620257543000,0,42.14190472,9.8100
1623620257662000,1,32.78834655,9.8100
1623620261350000,0,9.35355817,9.8100
1623620261350000,0,2.17627856,9.8200
1623620261350000,0,73.21403067,9.8200
1623620261350000,0,6.02191670,9.8200
1623620262130000,0,42.14190472,9.8100
1623620262130000,0,33.47190000,9.8100
1623620262130000,0,6.45202528,9.8200
1623621021388000,0,21.00178253,9.8400
1623621021528000,1,13.15202744,9.8400
1623621400452000,0,27.75535168,9.8100
1623621784173000,1,21.16837680,9.7400
1623621784358000,1,11.62042320,9.7400
1623621784358000,1,66.77753598,9.7400
1623622404278000,1,213.08876947,9.6900
1623622405176000,1,213.09712101,9.6900
1623622405687000,1,213.09184822,9.6900
1623622406379000,1,147.04733869,9.6900
1623622529862000,0,21.18575749,9.6900
1623622531257000,0,34.15500000,9.7300
1623623459389000,0,2.05338809,9.7400
1623623781798000,0,21.24020516,9.7100
1623623997965000,0,21.24020516,9.7300
1623624405268000,0,210.32200022,9.8000
1623624407303000,0,210.31112691,9.8000
1623624407878000,0,210.30215252,9.8000
1623624408402000,0,155.38979774,9.8000
1623624813221000,1,5.12656371,9.7800
1623624823896000,1,36.99558601,9.7800
1623624823896000,1,32.78880000,9.7800
1623624823978000,0,130.53867227,9.7800
1623627480509000,0,5.03578732,9.7900
1623628459262000,0,2.05338809,9.8100
1623629137593000,0,34.15500000,9.7400
1623629495477000,1,213.73985496,9.6700
1623629495987000,1,213.78832807,9.6700
1623629496487000,1,213.80332125,9.6700
1623629497050000,1,155.56404897,9.6700
1623629574785000,0,34.15500000,9.6800
1623629575063000,0,34.00766944,9.6800
1623629719431000,1,34.15500000,9.7300
1623631022580000,1,34.15500000,9.7900
1623632444120000,1,34.15500000,9.8000
1623633353572000,1,34.15500000,9.7000
1623634845426000,0,3.04568527,9.8500
1623635257788000,0,66.20337309,9.7900
1623635646570000,0,64.21565951,9.8300
1623635646570000,0,34.15500000,9.8300
1623636393894000,0,34.15500000,9.7500
1623637101530000,1,34.15500000,9.7500
1623638407216000,1,34.15500000,9.7400
1623638600245000,1,6.00000000,9.7100
1623641280230000,0,21.09789000,9.7100
1623641281978000,1,13.05711000,9.7100
1623641282193000,0,8.04078000,9.7100
1623641288187000,1,21.09789000,9.7100
1623641296386000,1,21.09789000,9.7200
1623641308172000,0,20.47082906,9.7700
1623644147512000,0,34.15500000,9.7300
1623644178375000,0,34.15500000,9.7700
1623644196062000,0,211.23886867,9.7700
1623644196678000,0,211.19482125,9.7700
1623644197180000,0,211.18875366,9.7700
1623644197739000,0,129.11810967,9.7700
1623644547925000,1,26.27820993,9.8300
1623645123779000,1,34.15500000,9.8000
1623645240048000,1,34.15500000,9.8200
1623645241043000,1,101.85752066,9.8000
1623645437063000,0,34.15500000,9.6700
1623646165113000,1,103.21848961,9.6900
1623646243627000,0,34.15500000,9.7000
1623647227822000,1,213.92987726,9.6700
1623647228385000,1,213.92987726,9.6700
1623647234497000,1,213.94188286,9.6700
1623647235070000,1,163.33486727,9.6700
1623647235070000,1,33.81345000,9.6700
1623650328759000,1,4.00000000,9.6300
1623651226515000,1,34.15500000,9.6500
1623651373962000,0,5.17598343,9.6600
1623652168279000,0,6.62784679,9.6400
1623652440144000,0,34.15500000,9.5700
1623654136014000,0,34.83810000,9.6700
1623654136014000,0,22.12053495,9.6700
1623655468716000,0,34.15500000,9.6400
1623658057457000,1,4.19103773,9.5400
1623658212619000,0,34.15500000,9.5600
1623658400673000,1,2.63378803,9.5300
1623658695186000,1,34.15500000,9.4900
1623659002012000,0,30.56131673,9.4800
1623659002012000,0,65.78123325,9.4800
1623659002012000,0,9.13304807,9.4900
1623659232807000,1,43.50920110,9.4800
1623659232807000,1,33.47190000,9.4800
1623659232807000,1,73.16894000,9.4800
1623659232904000,0,43.50920110,9.4800
1623659232983000,0,217.40873549,9.4800
1623659233591000,0,217.39086097,9.4800
1623659234154000,0,176.67766599,9.4800
1623659497982000,0,3.63660338,9.5200
1623660305299000,0,73.03461000,9.4800
1623660305299000,0,4.91931000,9.4800
1623660305299000,0,33.47190000,9.4800
1623660305299000,0,28.34260105,9.4900
1623660601211000,1,33.47190000,9.3600
1623660601211000,1,106.29652105,9.3600
1623661014780000,1,30.26956420,9.3700
1623662289069000,0,66.23839574,9.5700
1623662289069000,0,33.13035000,9.5700
1623662289172000,1,34.15500000,9.5700
1623662289352000,1,3.44072656,9.5700
1623662374737000,1,34.15500000,9.5500
1623662430089000,1,216.19560602,9.5500
1623662508064000,1,216.22902354,9.5500
1623662521945000,1,216.23616549,9.5500
1623662537887000,1,216.23734601,9.5500
1623662538462000,1,216.24576959,9.5500
1623662539315000,1,216.25694451,9.5500
1623662544699000,1,34.37760692,9.5500
1623662548943000,0,34.15500000,9.5600
1623662652860000,1,34.15500000,9.5500
1623662654083000,1,216.35622340,9.5500
1623662654598000,1,216.38517450,9.5500
1623662655614000,1,216.39229103,9.5500
1623662823302000,0,75.28879000,9.5600
1623662823486000,1,47.75095895,9.5600
1623663129475000,1,34.15500000,9.5500
1623663146403000,1,34.15500000,9.5500
1623663160022000,0,10.00000000,9.5600
1623663182756000,1,72.71556000,9.5500
1623663190404000,1,66.74094200,9.5500
1623663190606000,1,126.48892900,9.5500
1623663193372000,1,36.00000000,9.5500
1623663194742000,1,16.38060000,9.5500
1623663199416000,1,62.71064000,9.5500
1623663222024000,1,61.73610000,9.5500
1623663232456000,1,36.00000000,9.5500
1623663276963000,1,36.00000000,9.5500
1623663408041000,1,42.99921572,9.5500
1623663408390000,1,29.67950100,9.5500
1623663409543000,1,59.68272147,9.5500
1623663409829000,1,149.19685700,9.5500
1623663410166000,1,106.21562600,9.5500
1623663410167000,1,238.38917547,9.5500
1623663410181000,1,42.98123094,9.5500
1623663412988000,1,43.00000000,9.5500
1623663431566000,1,12.99999500,9.5500
1623663436824000,1,12.99999500,9.5500
1623663441634000,1,12.99895184,9.5500
1623663446714000,1,12.99999500,9.5500
1623663490559000,1,34.64490786,9.5500
1623663692414000,0,10.00000000,9.5600
1623663692414000,0,24.15500000,9.5600
1623663736014000,1,42.98123161,9.5500
1623663736018000,1,186.82069000,9.5500
1623663736020000,1,41.80104608,9.5500
1623663736155000,1,41.80104600,9.5500
1623663736456000,1,62.66899200,9.5500
1623663737756000,0,34.15500000,9.5600
1623663796798000,1,42.98123157,9.5500
1623663940548000,0,34.15500000,9.5600
1623663950804000,0,34.15500000,9.5600
1623664065349000,0,29.43493687,9.5100
1623664065349000,0,4.72006313,9.5100
1623664654092000,0,2.10748155,9.4900
1623664971547000,0,28.37200300,9.4800
1623664971648000,0,0.00000591,9.4800
1623665132085000,0,10.39029536,9.5100
1623665783272000,1,14.18343400,9.4700
1623666528388000,0,27.19534644,9.4800
1623667323817000,0,27.19045000,9.5000
1623669993394000,0,25.56402730,9.5000
1623669993394000,0,17.80939847,9.5000
1623674870267000,0,10.00000000,9.6300
1623674931486000,1,34.15500000,9.6000
1623675322153000,1,4.85364583,9.6000
1623676105717000,1,10.00000000,9.6800
1623677225909000,1,34.15500000,9.7700
1623677436613000,1,5.84500000,9.7700
1623677436613000,1,10.00000000,9.7700
1623677436758000,0,18.30970380,9.7700
1623677437074000,0,0.00029620,9.7700
1623677563273000,0,34.15500000,9.7800
1623677848257000,0,2.63378803,9.8200
1623678286982000,1,41.49878580,9.9300
1623678286982000,1,1.01936911,9.9300
1623678324179000,0,34.15500000,9.9200
1623678325198000,1,10.00000000,9.9100
1623678325726000,0,10.00000000,9.9100
1623678533206000,1,10.00000000,9.8700
1623678533206000,1,41.72246273,9.8700
1623678533206000,1,34.15500000,9.8700
1623678533206000,1,36.00000000,9.8700
1623678533206000,1,15.08700957,9.8700
1623679128235000,1,20.47082906,9.8600
1623679269473000,1,34.15500000,9.8300
1623680107076000,0,31.42260000,9.9400
1623680212284000,0,3.04568527,9.9700
1623680269138000,0,33.13035000,10.0300
1623680269138000,0,28.87451964,10.0300
1623680269138000,0,64.75883923,10.0300
1623680321089000,0,34.15500000,10.0600
1623680321089000,0,60.63426441,10.0600
1623680337758000,0,26.19689354,10.0500
1623680337758000,0,34.49655000,10.0600
1623680337758000,0,10.42404840,10.0600
1623680521469000,0,41.58428626,9.9500
1623680521469000,0,8.79041247,9.9500
1623680521469000,0,35.17965000,9.9500
1623680521469000,0,25.06949012,9.9500
1623680521469000,0,69.65721000,9.9500
1623680521469000,0,35.17965000,9.9600
1623680521469000,0,0.13797690,9.9600
1623680749080000,0,34.15500000,9.9400
1623681400133000,0,5.53486352,9.9100
1623681739991000,0,34.15500000,9.8900
1623682010436000,0,34.15500000,9.8900
1623683864464000,0,7.96764408,9.8400
1623683965342000,0,34.15500000,9.7700
1623684508335000,1,34.15500000,9.7500
1623684508360000,1,115.84500000,9.7500
1623684597639000,0,16.00912358,9.7100
1623684597772000,1,18.14587642,9.7100
1623684961749000,1,34.15500000,9.7800
1623687273567000,0,35.17965000,9.8000
1623687426349000,0,41.77093904,9.8900
1623687426349000,0,34.15500000,9.9000
1623687426349000,0,100.75843690,9.9000
1623687426349000,0,38.74872771,9.9000
1623687426349000,0,12.02626093,9.9000
1623687583337000,0,34.15500000,9.9000
1623687683761000,0,34.15500000,9.9000
1623687684757000,0,5.84500000,9.9000
1623688152887000,0,34.15500000,9.8600
1623688433556000,1,34.15500000,9.8500
1623688434280000,1,209.65399482,9.8500
1623688434798000,1,209.81459863,9.8500
1623688434885000,1,41.96583688,9.8500
1623688435371000,1,209.89142806,9.8500
1623688435926000,1,69.41254262,9.8500
1623688516891000,0,34.15500000,9.8300
1623689441431000,0,34.15500000,9.7700
1623689537591000,0,16.54581493,9.7700
1623689866948000,0,10.97896567,9.8500
1623691281283000,0,34.15500000,9.8300
1623691539793000,0,3.50712106,9.8900
1623691737691000,0,26.64580941,9.8300
1623691737691000,0,69.12428948,9.8300
1623691738014000,0,35.00000000,9.9400
1623691738014000,0,10.00000000,9.9400
1623691758622000,0,4.88304027,9.9400
1623691763111000,0,34.15500000,9.9500
1623691763929000,0,206.85457706,9.9500
1623691764450000,0,206.68187428,9.9500
1623691764961000,0,206.63787454,9.9500
1623691765571000,0,120.56407513,9.9500
1623691784009000,0,4.73951830,10.0200
1623692016929000,1,69.02511000,10.0400
1623692016929000,1,34.15500000,10.0400
1623692016929000,1,10.00000000,10.0400
1623692017082000,0,68.96538096,10.0400
1623692017178000,0,205.12734287,10.0400
1623692017782000,0,205.12517755,10.0400
1623692018377000,0,205.12517755,10.0400
1623692018499000,0,35.00000000,10.0400
1623692018982000,0,205.12462709,10.0400
1623692019074000,0,10.00000000,10.0400
1623692019489000,0,205.05610268,10.0400
1623692019751000,0,69.02511000,10.0400
1623692019998000,0,204.99629847,10.0400
1623692020509000,0,204.96339300,10.0400
1623692021025000,0,205.00353163,10.0400
1623692021524000,0,34.15500000,10.0400
1623692021532000,0,204.94753748,10.0400
1623692022122000,0,204.93024843,10.0400
1623692022726000,0,204.90950507,10.0400
1623692023231000,0,204.93040762,10.0400
1623692023784000,0,204.92926803,10.0400
1623692024362000,0,204.92021293,10.0400
1623692024602000,0,38.09342196,10.0400
1623692024974000,0,204.94543981,10.0400
1623692025523000,0,204.93082379,10.0400
1623692025597000,0,125.96512819,10.0400
1623692026115000,0,75.79808646,10.0400
1623692090177000,0,34.15500000,10.0700
1623692108098000,0,3.26821988,10.0800
1623692153060000,1,34.15500000,10.0400
1623692252371000,0,34.15500000,10.0800
1623692261943000,0,5.71559596,10.1300
1623692548169000,0,2.52016129,10.2100
1623692548169000,0,31.63483871,10.2100
1623692548228000,0,24.51869250,10.2100
1623692593689000,1,34.15500000,10.2100
1623692698027000,0,40.31805103,10.2600
1623692698027000,0,33.47190000,10.2600
1623692698027000,0,13.85546273,10.2600
1623692698027000,0,5.54282360,10.2600
1623692698027000,0,67.88150000,10.2600
1623692698106000,1,40.31805103,10.2600
1623692698182000,1,201.51342939,10.2600
1623692698692000,1,201.48528614,10.2600
1623692699177000,1,40.30268588,10.2600
1623692699228000,1,106.79131702,10.2600
1623692804573000,1,34.15500000,10.2500
1623692931897000,0,10.35000000,10.2900
1623692967684000,1,34.15500000,10.2900
1623693005604000,1,34.15500000,10.2900
1623693076868000,0,2.50249252,10.3300
1623693076868000,0,31.65250748,10.3300
1623693077735000,0,13.41488357,10.3300
1623693077847000,0,9.16988416,10.3600
1623693084758000,0,198.77189241,10.3600
1623693085260000,0,198.75803926,10.3600
1623693085800000,0,198.67468643,10.3600
1623693086312000,0,146.10600456,10.3600
1623693182905000,0,40.05215490,10.3300
1623693182905000,0,34.49655000,10.3300
1623693182905000,0,5.98445674,10.3300
1623693182905000,0,14.96114186,10.3300
1623693183035000,1,40.05215490,10.3300
1623693183180000,1,200.17345373,10.3300
1623693183736000,1,200.15588687,10.3300
1623693184116000,1,40.03846822,10.3300
1623693184268000,1,177.74884991,10.3300
1623693263749000,1,34.15500000,10.2800
1623693344779000,0,34.15500000,10.3000
1623693418009000,0,34.15500000,10.3300
1623694216640000,1,40.00238061,10.2900
1623694216640000,1,31.49819952,10.2900
1623694324750000,1,33.13035000,10.2700
1623694324750000,1,40.06528527,10.2700
1623694324750000,1,67.47370000,10.2700
1623694324750000,1,97.37934925,10.2700
1623694362469000,0,34.15500000,10.2900
1623694563492000,1,10.00000000,10.1600
1623694563492000,1,40.49331268,10.1600
1623694563492000,1,0.47440321,10.1500
1623695153695000,0,20.25885729,10.1600
1623695343574000,1,34.15500000,10.1700
1623695968829000,1,40.62782110,10.1300
1623695968829000,1,34.83810000,10.1300
1623695968829000,1,35.00000000,10.1300
1623695968829000,1,367.48899000,10.1300
1623695968829000,1,98.74918077,10.1300
1623695968829000,1,10.00000000,10.1300
1623695968958000,0,40.62613427,10.1300
1623695968987000,0,126.33289099,10.1300
1623695968987000,0,33.81345000,10.1500
1623696274192000,1,34.15500000,10.1300
1623697294063000,0,20.35830618,10.1500
1623697475356000,1,10.55182528,10.1300
1623697499958000,1,40.69617246,10.1200
1623697499958000,1,16.26246249,10.1100
1623697627549000,1,2.50000000,10.0500
1623699495087000,0,12.67520373,10.0700
1623699670089000,1,10.06432858,10.0800
1623701325981000,0,34.15500000,10.3000
1623701620558000,0,40.14620420,10.2900
1623701620558000,0,15.85573943,10.2900
1623701911488000,1,40.20884889,10.2400
1623701911488000,1,9.79115111,10.2200
1623702036636000,1,40.21822592,10.2400
1623702036636000,1,97.68446611,10.2300
1623702036636000,1,35.00000000,10.2200
1623702036636000,1,90.08441595,10.2200
1623702075576000,1,201.07213828,10.2700
1623702075638000,1,40.21533818,10.2700
1623702076077000,1,201.08363548,10.2700
1623702076579000,1,201.09179139,10.2700
1623702076750000,1,40.21533818,10.2700
1623702077117000,1,59.71026871,10.2700
1623703098765000,0,9.86193293,10.1400
1623703213917000,1,99.04877801,10.1000
1623703213917000,1,40.81039109,10.0900
1623703213917000,1,32.78880000,10.0900
1623703213917000,1,247.75084157,10.0900
1623703214018000,0,34.15500000,10.0900
1623703214049000,0,40.82091860,10.0900
1623703214092000,0,10.86111030,10.0900
1623703214187000,0,204.10459297,10.0900
1623703214802000,0,33.04807768,10.0900
1623705710953000,1,34.15500000,10.1900
1623707702473000,0,14.85364583,10.0600
1623709333137000,0,2.45338567,10.1900
1623713061712000,1,34.15500000,10.2800
1623713702361000,1,33.81345000,10.2300
1623713702361000,1,40.24307861,10.2300
1623713702361000,1,33.47190000,10.2200
1623713702361000,1,34.83810000,10.2100
