timestamp ms,type,amount,price
1627348774839000,1,3.00000000,7.2900
1627349147148000,1,34.44100462,7.2300
1627349147148000,1,48.54654725,7.2300
1627349148560000,1,9.88268956,7.2300
1627349148560000,1,35.46497020,7.2300
1627349149630000,1,58.42923681,7.2300
1627349149630000,1,24.55737869,7.2300
1627349162802000,1,58.43250608,7.2300
1627349162802000,1,33.04784247,7.2300
1627349491173000,0,40.62399861,7.2400
1627349491320000,0,0.00000001,7.2400
1627349856568000,1,80.00000000,7.2000
1627349857204000,1,9.16295264,7.1800
1627349857204000,1,20.14484542,7.1800
1627352437562000,0,13.78762736,7.1800
1627352474498000,0,15.79756678,7.1800
1627352474498000,0,33.40812656,7.1800
1627352474498000,0,20.43218966,7.1800
1627354010078000,0,60.05573892,7.0700
1627354012992000,0,60.05573892,7.0700
1627354694283000,1,3.93617021,7.0500
1627354890701000,1,14.08215802,7.0100
1627354893914000,1,46.34812741,7.0100
1627357968898000,0,14.05135521,7.1600
1627359997772000,1,3.87692847,7.1300
1627360304387000,1,85.38750000,7.1000
1627360306164000,1,64.61250000,7.1000
1627362627169000,0,13.98601398,7.1500
1627367267702000,0,36.06272917,7.1900
1627367375039000,0,58.99885938,7.2000
1627367375039000,0,35.14114950,7.2000
1627367375039000,0,91.00000000,7.2100
1627367375039000,0,26.00000000,7.2100
1627367375039000,0,31.82885249,7.2100
1627367375039000,0,3.79693614,7.2100
1627378680749000,0,59.03722165,7.2100
1627378680805000,1,9.43434561,7.2100
1627379940146000,0,4.09847434,7.2500
1627385241126000,0,45.58011049,7.2400
1627387477415000,1,3.87692847,7.2900
1627387589482000,1,68.47156726,7.2800
1627389179805000,0,58.08512142,7.3100
1627389179805000,0,26.00000000,7.3200
1627389179805000,0,136.59634650,7.3200
1627389179805000,0,52.55013724,7.3300
1627390881806000,0,57.61161924,7.3600
1627391221298000,1,17.70556309,7.3700
1627391485001000,0,10.00000000,7.3600
1627392385264000,1,45.58011049,7.3300
1627392691117000,0,10.14130434,7.3600
1627393030616000,0,116.47449824,7.3600
1627393096395000,0,68.30789600,7.3700
1627393149260000,0,0.00000529,7.3700
1627393472351000,0,6.77506775,7.3800
1627393832701000,0,61.53283354,7.3800
1627393910044000,0,57.27362610,7.4100
1627393910044000,0,10.20275716,7.4100
1627394748113000,1,35.33236764,7.2700
1627394748113000,1,32.14401562,7.2700
1627397995824000,0,4.06464924,7.2700
1627402946897000,0,140.89880834,7.1000
1627403871254000,0,34.97079444,7.1200
1627403871254000,0,26.00000000,7.1200
1627403871254000,0,79.47864376,7.1200
1627406561395000,0,59.93928459,7.0600
1627406756853000,1,5.31810000,7.0500
1627407304119000,1,33.28436542,7.0400
1627407304119000,1,59.88276677,7.0400
1627407304119000,1,6.83286781,7.0400
1627407308961000,1,19.16713219,7.0400
1627407308961000,1,45.83286781,7.0400
1627407313021000,1,87.00000000,7.0300
1627407313021000,1,13.00000000,7.0300
1627407316943000,1,59.93428503,7.0300
1627407316943000,1,40.06571497,7.0300
1627407322405000,1,60.87869503,7.0300
1627407322405000,1,39.12130497,7.0300
1627407326223000,1,100.00000000,7.0300
1627407329483000,1,33.77242960,7.0300
1627407329483000,1,26.00000000,7.0300
1627407329483000,1,40.22757040,7.0300
1627407335031000,1,19.70671463,7.0300
1627407335031000,1,33.67362640,7.0300
1627407335031000,1,26.00000000,7.0300
1627407335031000,1,20.61965897,7.0200
1627407338022000,1,59.93428503,7.0300
1627407338022000,1,40.06571497,7.0200
1627407340670000,1,59.97051275,7.0300
1627407340670000,1,40.02948725,7.0200
1627407344299000,1,59.97051275,7.0300
1627407344299000,1,40.02948725,7.0200
1627407347642000,1,59.97051275,7.0300
1627407347642000,1,40.02948725,7.0200
1627407353147000,1,59.97051275,7.0300
1627407353147000,1,40.02948725,7.0300
1627407357352000,1,100.00000000,7.0300
1627407360071000,1,42.28110180,7.0300
1627407360071000,1,26.00000000,7.0300
1627407360071000,1,31.71889820,7.0300
1627407362883000,1,28.26265361,7.0300
1627407362883000,1,71.73734639,7.0200
1627407366233000,1,59.98155181,7.0300
1627407366233000,1,40.01844819,7.0300
1627407617516000,0,0.00000001,7.0600
1627407617516000,0,33.17633713,7.0600
1627407617516000,0,59.95543306,7.0600
1627407617516000,0,23.95045295,7.0700
1627408526719000,0,42.61310000,7.0500
1627408682786000,0,17.37376458,7.0500
1627408682888000,1,51.06737017,7.0500
1627409084091000,0,5.33330000,7.0300
1627409096986000,0,5.33330000,7.0300
1627409111341000,0,5.33330000,7.0300
1627409122759000,0,5.33330000,7.0300
1627409134879000,0,85.46910000,7.0200
1627409159922000,1,30.10004708,7.0100
1627409168522000,1,1.99595292,7.0100
1627409179319000,1,7.02247192,7.0000
1627409195952000,1,14.30000000,6.9900
1627409221187000,1,17.70556309,6.9700
1627409300917000,0,75.21460000,6.9800
1627409306851000,1,60.52832960,6.9700
1627409309821000,0,5.37920000,6.9700
1627409316930000,0,2.53360515,6.9700
1627412143598000,1,59.70410226,7.0700
1627412617988000,0,7.06214689,7.0800
1627412645682000,0,3.00000000,7.0800
1627413104569000,1,17.45544554,7.0700
1627413104569000,1,59.74788587,7.0700
1627414299703000,0,59.96312171,7.0700
1627414299703000,0,35.44432915,7.0700
1627416361963000,1,59.58268716,7.0900
1627416362069000,0,25.80481284,7.0900
1627417609087000,0,85.38750000,7.0900
1627417769862000,1,10.00000000,7.0900
1627417870838000,1,10.00000000,7.0700
1627417913905000,0,10.00000000,7.0900
1627418379794000,0,15.09550561,7.1200
1627418874776000,1,59.55745308,7.0900
1627419350164000,0,5.19718310,7.1000
1627421148630000,0,70.22471910,7.1500
1627421148630000,0,35.11235955,7.1500
1627421148630000,0,34.21423251,7.1500
1627421940165000,0,35.11235955,7.1600
1627421940165000,0,33.83034285,7.1700
1627421940165000,0,22.44549426,7.1700
1627422593871000,0,14.30000000,7.1900
1627422593871000,0,44.10194714,7.1900
1627422962882000,1,58.40194714,7.1600
1627424211776000,0,59.22532412,7.1600
1627425452279000,0,3.93617021,7.2200
1627425625111000,0,34.69400923,7.2700
1627425625111000,0,58.37097544,7.2700
1627425625111000,0,26.00000000,7.2700
1627425625111000,0,87.00000000,7.2800
1627425625111000,0,32.34111315,7.2800
1627425625111000,0,137.50862917,7.2800
1627425625111000,0,36.28689127,7.2900
1627425879875000,0,58.12424247,7.3000
1627425879875000,0,26.00000000,7.3100
1627425879875000,0,47.29228702,7.3100
1627426558597000,0,85.38750000,7.3200
1627426618871000,1,54.64480874,7.3000
1627427158637000,0,58.64698083,7.2300
1627427159199000,1,5.19718310,7.2000
1627427567727000,0,10.00000000,7.2300
1627427704889000,1,58.41234224,7.2300
1627427704889000,1,73.00418724,7.2300
1627428528745000,1,58.54744372,7.2300
1627428529802000,1,58.54744372,7.2300
1627428551561000,0,58.54515989,7.2400
1627429342488000,0,85.38750000,7.2100
1627429343295000,0,58.50623770,7.2100
1627429344495000,0,58.51237736,7.2100
1627429345010000,0,13.86962552,7.2100
1627429345566000,0,58.50584243,7.2100
1627429345577000,0,13.86962552,7.2100
1627429345800000,0,38.16290973,7.2100
1627430490546000,0,13.51025992,7.3100
1627431079673000,1,58.56520880,7.2300
1627431080854000,1,58.56520880,7.2300
1627432088049000,1,58.20194153,7.2500
1627432958311000,1,26.00000000,7.2300
1627432958311000,1,24.39684064,7.2300
1627432959272000,1,24.39684064,7.2300
1627436918759000,0,7.02247192,7.3500
1627437601134000,0,57.31336329,7.4000
1627437601134000,0,34.48187569,7.4000
1627437601134000,0,35.42374061,7.4000
1627443687797000,1,26.00000000,7.2900
1627443687797000,1,57.86643310,7.2900
1627454453870000,1,42.69375000,7.2300
1627454591392000,1,26.00000000,7.1400
1627455500986000,0,59.48202273,7.1400
1627455500986000,0,16.59245277,7.1400
1627455500986000,0,26.00000000,7.1500
1627455500986000,0,17.68538308,7.1500
1627455500986000,0,20.20667914,7.1500
1627456349134000,1,26.00000000,7.1400
1627456349134000,1,59.22313869,7.1400
1627456349134000,1,17.72351910,7.1400
1627456349134000,1,14.13556536,7.1300
1627456546354000,1,42.69375000,7.1400
1627457870658000,0,69.98326886,7.1800
1627457870658000,0,17.17358129,7.1800
1627457870658000,0,9.47849436,7.1800
1627457871046000,0,26.65207565,7.1800
1627458123869000,0,69.98326886,7.1900
1627458123869000,0,224.28838369,7.1900
1627458124433000,0,123.86251567,7.1900
1627458130869000,0,17.44156120,7.2000
1627458133469000,0,17.25224600,7.2100
1627458133469000,0,58.87248912,7.2100
1627459290712000,1,13.47783530,7.2600
1627459670517000,0,10.77335164,7.2800
1627459831704000,0,13.73580000,7.2800
1627459842422000,0,10.30219780,7.2800
1627461611788000,0,37.01659751,7.2300
1627462560918000,0,42.69375000,7.2200
1627462895498000,1,69.00000000,7.2500
1627464154729000,1,100.00000000,7.2700
1627464160730000,0,8.49382716,7.2900
1627464189287000,1,12.00530000,7.2800
1627465681367000,0,10.82417582,7.3000
1627467960934000,0,4.04794521,7.2700
1627468321605000,1,42.69375000,7.2600
1627468328570000,1,17.21572879,7.2400
1627468328570000,1,26.00000000,7.2400
1627468328570000,1,58.36764709,7.2400
1627468328570000,1,8.35411724,7.2400
1627468334017000,1,17.40085025,7.2400
1627468334017000,1,58.37002975,7.2400
1627468334017000,1,26.00000000,7.2400
1627468335083000,1,27.50626903,7.2400
1627469448126000,0,292.06099501,7.2500
1627469448719000,0,292.06099501,7.2500
1627469449284000,0,283.38565841,7.2500
1627470345171000,1,17.54451453,7.2500
1627470345171000,1,58.31953868,7.2500
1627470345171000,1,26.00000000,7.2500
1627470348674000,1,58.31953868,7.2500
1627470348674000,1,17.31707304,7.2500
1627470352075000,1,39.64107676,7.2500
1627470463104000,0,136.05922300,7.2600
1627470464010000,0,110.19283746,7.2600
1627470528266000,0,136.46743728,7.2600
1627470528327000,0,21.39376316,7.2600
1627470923222000,1,58.15119050,7.2700
1627471148839000,0,421.35940585,7.2700
1627471149003000,0,0.02579972,7.2700
1627471426041000,0,10.67994000,7.2800
1627471454761000,0,57.94779700,7.2800
1627471460702000,0,590.67032400,7.2800
1627472550231000,0,10.77335164,7.3600
1627472585725000,0,37.01659751,7.4000
1627472585725000,0,16.39974269,7.4000
1627472706952000,0,279.80111147,7.5600
1627472932933000,0,3.00000000,7.6200
1627472999577000,0,26.00000000,7.6800
1627472999701000,1,276.58010534,7.6800
1627473000260000,1,49.59762903,7.6800
1627473016964000,1,3.00000000,7.6400
1627473224321000,0,42.69375000,7.8000
1627473225656000,0,37.30625000,7.8000
1627473288205000,0,54.01280908,7.8800
1627473288205000,0,16.86022274,7.8800
1627473288258000,1,42.69375000,7.8800
1627473288308000,1,229.67306589,7.8800
1627473372225000,1,91.90983000,7.7400
1627473389083000,1,92.50742000,7.6900
1627473658993000,1,14.99307425,7.6900
1627473664934000,0,17.56436802,7.7000
1627474684068000,1,55.93312420,7.5600
1627474684068000,1,146.71900000,7.5600
1627474684068000,1,17.14469423,7.5600
1627474684068000,1,16.77622815,7.5500
1627474684068000,1,26.00000000,7.5500
1627474684068000,1,87.00000000,7.5400
1627474684068000,1,135.84726073,7.5100
1627474895019000,1,55.83378178,7.5700
1627475089066000,1,55.83580856,7.5700
1627475089066000,1,16.80130096,7.5700
1627475092587000,1,55.87263001,7.5700
1627475092587000,1,16.46885228,7.5700
1627475096141000,1,55.87263001,7.5700
1627475102122000,1,55.87263001,7.5700
1627476162316000,0,40.54637389,7.4800
1627476163114000,1,42.69375000,7.4700
1627476348275000,1,16.45070600,7.4600
1627476348275000,1,56.75806832,7.4600
1627476348413000,0,56.75806832,7.4600
1627476348517000,0,283.71220300,7.4600
1627476349014000,0,281.73853644,7.4600
1627478687110000,1,17.46530975,7.4700
1627478687110000,1,56.65948720,7.4700
1627478687110000,1,17.42889928,7.4600
1627478687211000,0,8.44630377,7.4600
1627480890694000,0,13.35422343,7.3400
1627481056846000,1,16.07375563,7.2800
1627481384655000,1,42.69375000,7.2800
1627482997955000,1,42.69375000,7.2800
1627485141994000,0,3.00000000,7.3000
1627486278922000,1,58.04152571,7.2800
1627486278922000,1,16.96566691,7.2800
1627486278922000,1,52.21178698,7.2800
1627486453896000,1,42.69375000,7.3000
1627486695983000,0,57.91290203,7.3200
1627486695983000,0,78.69911982,7.3200
1627487790236000,0,97.07426000,7.3000
1627487790236000,0,26.00000000,7.3100
1627487790236000,0,58.07102386,7.3100
1627487790236000,0,69.29080841,7.3200
1627492176809000,0,97.23394000,7.3100
1627492176823000,0,340.88592431,7.3100
1627492512931000,0,28.90150342,7.3200
1627492694542000,0,56.76021798,7.3400
1627492842769000,0,77.65667574,7.3400
1627493557978000,1,17.53754755,7.2100
1627493557978000,1,11.73568269,7.2100
1627493581686000,1,16.83907241,7.1900
1627493581686000,1,26.00000000,7.1900
1627493581686000,1,58.72182540,7.1900
1627493581686000,1,32.85599591,7.1900
1627493852737000,0,18.90681364,7.1900
1627494080398000,1,42.69375000,7.1600
1627494080890000,1,37.30625000,7.1600
1627494114292000,1,3.00000000,7.1500
1627494697992000,1,79.99999860,7.1000
1627494733373000,1,0.00000140,7.1000
1627495076993000,0,42.69375000,7.0800
1627496214155000,0,16.22088725,7.2400
1627496214155000,0,91.00000000,7.2400
1627496214155000,0,26.00000000,7.2400
1627496214155000,0,58.69303241,7.2400
1627496214155000,0,99.78322000,7.2400
1627496214155000,0,109.25797084,7.2400
1627497272788000,0,200.47755525,7.2700
1627497295672000,0,200.47755525,7.2800
1627497559331000,1,10.02145294,7.2700
1627497769091000,0,7.47282608,7.3600
1627498048717000,0,286.50058345,7.3700
1627498049295000,0,259.25681556,7.3700
1627498269723000,0,287.03454059,7.3600
1627498270228000,0,287.01543989,7.3600
1627498736184000,0,114.73405100,7.3700
1627498736190000,0,231.99049700,7.3700
1627498736291000,0,123.56421384,7.3700
1627498736523000,0,106.75650644,7.3700
1627498736575000,0,13.56852103,7.3700
1627498737148000,0,13.56852103,7.3700
1627498832058000,1,130.95481118,7.3800
1627498832058000,1,16.40506014,7.3700
1627498832058000,1,57.22574692,7.3700
1627499167393000,1,49.33065422,7.3300
1627499170811000,1,8.18597821,7.3300
1627499170811000,1,16.45843771,7.3300
1627499471712000,0,288.79726668,7.3100
1627499472363000,0,288.77313231,7.3100
1627499472886000,0,288.77759590,7.3100
1627499473416000,0,19.47434903,7.3100
1627499682814000,1,17.67983688,7.2700
1627499682814000,1,57.97781310,7.2700
1627499688171000,1,57.97781310,7.2700
1627499688171000,1,17.10579242,7.2700
1627499688171000,1,26.38546217,7.2700
1627499691713000,0,289.97429237,7.2800
1627499692342000,0,289.97784423,7.2800
1627499692910000,0,213.60351691,7.2800
1627499839717000,0,220.74846824,7.2600
1627499842713000,0,220.74846824,7.2600
1627500254727000,0,290.98939385,7.2500
1627500255298000,0,100.35134438,7.2500
1627500291830000,0,20.32087500,7.2700
1627500574976000,0,20.26925600,7.2600
1627501374209000,1,26.00000000,7.3400
1627501374209000,1,17.48801984,7.3400
1627501386312000,0,286.96722017,7.3500
1627501386956000,0,177.77508890,7.3500
1627501491541000,0,287.96530085,7.3200
1627501491798000,0,57.59107841,7.3200
1627501492089000,0,246.09492831,7.3200
1627502416736000,0,288.22322830,7.3200
1627502504379000,1,57.83469387,7.2800
1627502901067000,0,137.01750292,7.2400
1627502901270000,1,4.66744458,7.2400
1627502901333000,0,133.62736862,7.2400
1627502903587000,1,137.33314665,7.2400
1627502903711000,0,0.98263337,7.2400
1627502905814000,0,4.66722674,7.2400
1627502906667000,0,27.04250000,7.2400
1627502909303000,0,291.36321709,7.2400
1627502909890000,0,54.17122568,7.2400
1627502909890000,0,138.31293227,7.2400
1627502918119000,0,138.28279608,7.2400
1627503012308000,0,26.00000000,7.2100
1627511285685000,1,58.40376628,7.2200
1627511294694000,1,58.40376628,7.2200
1627511297070000,1,58.40376628,7.2200
1627511302572000,1,58.40376628,7.2200
1627511308054000,1,56.52836066,7.2200
1627511426031000,0,17.26134109,7.2400
1627511426031000,0,32.73865891,7.2400
