timestamp ms,type,amount,price
1622599309111000,0,809.65707000,1.4149
1622603172484000,0,197.67256000,1.4155
1622603989920000,1,81.80095000,1.4147
1622603990474000,1,51.35726000,1.4147
1622608023664000,1,1059.80479000,1.4146
1622608025552000,1,767.78468000,1.4146
1622610750042000,1,352.94999000,1.4134
1622610750191000,1,370.19751000,1.4134
1622610750326000,1,1059.92457000,1.4134
1622614533845000,0,1827.59000000,1.4144
1622614533903000,0,0.00822000,1.4144
1622614533903000,0,1060.18178000,1.4144
1622614534038000,0,0.02376000,1.4144
1622614534038000,0,1059.87624000,1.4148
1622617225930000,1,1060.60660000,1.4134
1622617227528000,1,768.31177000,1.4134
1622619947298000,0,130.24104000,1.4137
1622621619707000,0,895.55319000,1.4134
1622622055519000,1,54.98872000,1.4127
1622622055860000,1,54.98872000,1.4127
1622622852355000,0,176.61791000,1.4134
1622623020553000,1,165.17538000,1.4123
1622623022531000,1,901.82950000,1.4123
1622624110299000,1,55.16430000,1.4117
1622624110713000,1,55.16430000,1.4117
1622625152223000,0,489.96849000,1.4131
1622625152226000,0,571.29095000,1.4131
1622625152226000,0,0.55508000,1.4131
1622625158385000,0,571.29095000,1.4131
1622626446389000,1,1061.16184000,1.4121
1622626446389000,1,1061.25944000,1.4119
1622626446507000,0,1061.16184000,1.4115
1622626446514000,0,844.96377000,1.4115
1622626446626000,0,4004.58311000,1.4115
1622627069208000,0,861.95791000,1.4131
1622627094558000,0,39.54045000,1.4131
1622627184654000,0,938.72000000,1.4139
1622627184769000,0,0.00366000,1.4139
1622627184769000,0,615.94634000,1.4139
1622627184773000,0,444.63776000,1.4139
1622627184773000,0,616.24224000,1.4141
1622627184823000,0,444.64191000,1.4141
1622627184823000,0,616.10809000,1.4143
1622627221951000,1,1060.58000000,1.4139
1622627464561000,0,1060.80162000,1.4136
1622627464561000,0,200.41383000,1.4138
1622627843990000,0,581.63825000,1.4138
1622628796095000,0,176.68353000,1.4143
1622629156040000,0,176.61282000,1.4143
1622629276029000,0,176.83090000,1.4138
1622629661860000,1,1061.26319000,1.4132
1622629663525000,1,774.26552000,1.4132
1622630236717000,0,130.42893000,1.4133
1622630540911000,0,295.82893000,1.4133
1622631493261000,0,1061.42000000,1.4126
1622631493588000,0,988.01296000,1.4126
1622631493588000,0,0.12484000,1.4126
1622631493588000,0,73.14220000,1.4127
1622631493873000,0,988.27869000,1.4127
1622631493873000,0,73.00131000,1.4129
1622631493874000,0,988.28441000,1.4129
1622631493874000,0,841.64559000,1.4132
1622632728537000,1,848.78517000,1.4112
1622632728537000,1,26.10891000,1.4112
1622634192456000,0,849.65132000,1.4120
1622634519581000,0,723.04937000,1.4131
1622635122389000,1,1057.03999000,1.4128
1622635122433000,1,3.86291000,1.4128
1622635122433000,1,1057.03999000,1.4126
1622635122827000,1,941.87999000,1.4127
1622635128640000,1,214.25364000,1.4129
1622635128675000,1,810.83709000,1.4129
1622635128676000,1,35.75965000,1.4129
1622635128676000,1,83.26326000,1.4128
1622635135485000,1,938.48000000,1.4129
1622635189936000,0,941.89224000,1.4132
1622635189936000,0,118.80436000,1.4132
1622635191540000,0,874.52966000,1.4132
1622635639876000,1,177.27443000,1.4134
1622636840042000,0,0.02965000,1.4148
1622636840042000,0,176.65671000,1.4149
1622637200215000,0,176.51544000,1.4163
1622639721833000,1,986.01369000,1.4156
1622639721833000,1,73.37942000,1.4156
1622639723559000,1,1059.39311000,1.4156
1622639725531000,1,700.40364000,1.4156
1622640299485000,1,1059.16122000,1.4147
1622640417068000,0,65.16988000,1.4153
1622640447837000,0,29.90358000,1.4153
1622640634902000,1,1059.16122000,1.4147
1622641013472000,0,826.40727000,1.4156
1622641486847000,0,185.75589000,1.4160
1622641895183000,0,1058.89750000,1.4160
1622641913598000,0,294.71729000,1.4160
1622641918783000,0,289.01991000,1.4160
1622644653353000,0,42.79941000,1.4174
1622644653791000,0,42.82826000,1.4174
1622645263499000,1,324.98219000,1.4166
1622645812481000,1,329.09117000,1.4164
1622645814500000,1,1058.89205000,1.4164
1622645816535000,1,95.10551000,1.4165
1622645816535000,1,116.79573000,1.4164
1622653311059000,0,986.03672000,1.4167
1622653311059000,0,71.94416000,1.4167
1622653312533000,0,1057.98088000,1.4167
1622653314549000,0,698.71688000,1.4167
1622653515353000,1,1058.10402000,1.4166
1622653515353000,1,1057.98088000,1.4164
1622653515353000,1,1057.98088000,1.4161
1622653515353000,1,1825.93422000,1.4156
1622654379221000,1,1058.29812000,1.4162
1622654379221000,1,1057.98088000,1.4161
1622654379221000,1,1058.09656000,1.4160
1622654379221000,1,2.23791000,1.4156
1622654379221000,1,1763.84264000,1.4153
1622654379221000,1,107.00000000,1.4147
1622654379221000,1,1764.61454000,1.4147
1622654379221000,1,327.00000000,1.4140
1622654379221000,1,3527.23733000,1.4140
1622654379221000,1,478.45675000,1.4128
1622654379221000,1,3528.32007000,1.4128
1622654379221000,1,1089.00000000,1.4100
1622654379221000,1,9237.91520000,1.4100
1622657612880000,1,1058.26079000,1.4161
1622657613005000,1,1058.26079000,1.4161
1622657613005000,1,0.30993000,1.4159
1622657613032000,1,282.41848000,1.4159
1622658248818000,1,151.13999000,1.4163
1622658359987000,1,1057.91373000,1.4165
1622658359987000,1,705.69250000,1.4163
1622658360087000,1,201.25287000,1.4163
1622658360090000,1,1057.91373000,1.4163
1622658360090000,1,706.70081000,1.4153
1622658360097000,0,258.33636000,1.4163
1622658360241000,1,165.12802000,1.4165
1622659780015000,1,1058.93317000,1.4152
1622659780015000,1,941.06683000,1.4150
1622662089058000,1,1058.44001000,1.4158
1622662089058000,1,941.55999000,1.4156
1622667557870000,0,1828.17474000,1.4167
1622667557870000,0,1058.64917000,1.4168
1622667557974000,1,1058.64917000,1.4168
1622667559526000,1,1058.48855000,1.4168
1622667561537000,1,1058.48855000,1.4168
1622667563526000,1,1058.48855000,1.4168
1622667565526000,1,1058.48855000,1.4168
1622667567526000,1,1058.48855000,1.4168
1622667569526000,1,1058.48855000,1.4168
1622667571525000,1,1058.48855000,1.4168
1622667573529000,1,1058.48855000,1.4168
1622667575545000,1,1058.48855000,1.4168
1622667577530000,1,1058.48855000,1.4168
1622667579525000,1,1058.48855000,1.4168
1622667581540000,1,1058.48855000,1.4168
1622667583529000,1,1058.48855000,1.4168
1622667585537000,1,1058.48855000,1.4168
1622667587525000,1,1058.48855000,1.4168
