timestamp ms,type,amount,price
1625795806799000,0,63.76410000,1.3777
1625796673766000,0,35.28098000,1.3774
1625796706050000,1,0.00002000,1.3763
1625796706050000,1,399.99998000,1.3763
1625796737980000,0,30.40702000,1.3774
1625796779610000,0,145.83108000,1.3774
1625796779954000,0,350.69022000,1.3774
1625797382993000,0,217.35268000,1.3774
1625797383016000,0,85.93447000,1.3774
1625797542534000,0,45.93828000,1.3775
1625797583355000,0,34.49413000,1.3773
1625797597551000,0,25.87127000,1.3773
1625797649205000,0,43.34759000,1.3775
1625797649766000,0,97.16544000,1.3775
1625797649942000,0,164.44462000,1.3775
1625797650376000,0,34.34970000,1.3775
1625798363683000,1,158.06929000,1.3767
1625798501514000,1,153.66997000,1.3767
1625798502514000,1,153.70992000,1.3767
1625798504135000,1,130.98717000,1.3767
1625799309002000,0,25.92854000,1.3779
1625799357595000,0,293.25548000,1.3779
1625799358369000,0,322.80842000,1.3779
1625800569574000,0,62.29326000,1.3780
1625801484302000,1,293.44802000,1.3769
1625801484327000,1,154.32911000,1.3769
1625801485085000,1,219.16472000,1.3769
1625801488505000,1,379.67578000,1.3769
1625801495318000,1,42.26812000,1.3769
1625801495318000,1,399.54677000,1.3767
1625801495935000,1,108.03937000,1.3769
1625801498262000,1,253.12052000,1.3769
1625803643576000,0,77.08565000,1.3783
1625803669690000,0,38.32553000,1.3783
1625803800491000,0,22.75373000,1.3785
1625803813094000,0,75.61757000,1.3785
1625803819093000,0,24.66438000,1.3785
1625803825423000,0,83.20047000,1.3785
1625803825481000,0,29.06980000,1.3785
1625803873718000,0,75.64441000,1.3785
1625804106452000,0,60.54791000,1.3785
1625804128996000,0,45.42042000,1.3785
1625804140560000,0,22.74420000,1.3785
1625804737297000,0,32.51226000,1.3782
1625804768545000,0,24.36796000,1.3782
1625804774523000,0,57.45513000,1.3782
1625805259233000,0,36.41590000,1.3782
1625805264274000,0,95.24593000,1.3782
1625805266068000,0,53.84631000,1.3782
1625805266154000,0,106.86740000,1.3782
1625806871249000,0,60.75288000,1.3784
1625806884999000,0,45.60492000,1.3784
1625806922663000,0,38.01306000,1.3784
1625806930652000,0,30.43601000,1.3784
1625806984152000,0,64.64362000,1.3784
1625807035535000,0,29.03383000,1.3784
1625807517679000,0,75.55190000,1.3784
1625807761964000,0,40.58943000,1.3787
1625807879577000,0,150.65557000,1.3787
1625807879614000,0,165.53122000,1.3787
1625807886132000,0,39.14006000,1.3787
1625807887761000,0,74.72449000,1.3787
1625807914559000,0,72.36919000,1.3787
1625808000170000,1,398.15173000,1.3770
1625808053172000,0,30.54622000,1.3785
1625808139371000,0,37.16143000,1.3788
1625808139736000,0,37.16143000,1.3788
1625810905937000,0,370.41738000,1.3774
1625810905937000,0,1089.48286000,1.3775
1625810905937000,0,1089.35231000,1.3776
1625810905937000,0,102.00000000,1.3780
1625810905937000,0,72.07344000,1.3780
1625811933750000,1,1088.91737000,1.3764
1625811933750000,1,239.29263000,1.3763
1625816745801000,1,1089.08340000,1.3768
1625816745801000,1,783.90547000,1.3765
1625816745801000,1,1088.84623000,1.3765
1625816745801000,1,1089.00828000,1.3763
1625816745801000,1,1815.34988000,1.3757
1625816745801000,1,1815.13899000,1.3750
1625816745801000,1,3629.17128000,1.3741
1625816745801000,1,2673.21789000,1.3737
1625816745801000,1,102.00000000,1.3737
1625816745801000,1,1142.84201000,1.3737
1625816745801000,1,303.00000000,1.3736
1625816745801000,1,3630.34387000,1.3736
1625816745801000,1,85.94771000,1.3718
1625816745801000,1,1018.00000000,1.3718
1625816745801000,1,7500.00000000,1.3715
1625816745801000,1,9923.00000000,1.3710
1625816745801000,1,30.00000000,1.3710
1625816745801000,1,87568.00000000,1.3710
1625816745801000,1,25000.00000000,1.3700
1625816745801000,1,60.00000000,1.3690
1625816745801000,1,80000.00000000,1.3688
1625816745801000,1,7500.00000000,1.3687
1625816745801000,1,90.00000000,1.3670
1625816745801000,1,7500.00000000,1.3665
1625816745801000,1,4563.14499000,1.3652
1625816747047000,0,1023.12209000,1.3764
1625816747047000,0,65.96131000,1.3765
1625816747049000,0,1089.08340000,1.3765
1625816747325000,0,1022.92232000,1.3765
1625816748750000,0,1022.92211000,1.3764
1625816748750000,0,66.16129000,1.3765
1625816748751000,0,1089.08340000,1.3765
1625816749377000,0,76.12288000,1.3765
1625816749709000,0,146.53500000,1.3765
1625816749953000,0,72.80518000,1.3765
1625816750752000,0,1089.08340000,1.3765
1625816750760000,0,1089.08340000,1.3765
1625816752749000,0,1089.08340000,1.3765
1625816752750000,0,604.07502000,1.3765
1625816783718000,1,1089.08340000,1.3762
1625816796512000,1,1018.00000000,1.3762
1625816800057000,1,71.08340000,1.3762
1625816800190000,0,946.91660000,1.3762
1625816804342000,1,142.16680000,1.3762
1625816804467000,0,875.83320000,1.3762
1625816808261000,1,213.25020000,1.3762
1625816808360000,0,804.74980000,1.3762
1625816813651000,1,284.33360000,1.3762
1625816813768000,0,733.66640000,1.3762
1625816820045000,1,355.41700000,1.3762
1625816821746000,0,662.58300000,1.3762
1625816824046000,1,1018.00000000,1.3763
1625816892555000,0,181.85483000,1.3775
1625816895250000,1,457.24236000,1.3775
1625818412609000,0,1087.84730000,1.3782
1625818413747000,0,1087.84730000,1.3782
1625818415746000,0,1087.84730000,1.3782
1625818417747000,0,1087.84730000,1.3782
1625818419753000,0,1087.84730000,1.3782
1625818421746000,0,1087.84730000,1.3782
1625818423745000,0,972.91620000,1.3782
1625822674120000,1,1088.22612000,1.3778
1625822893778000,1,1022.01554000,1.3776
1625822893778000,1,66.32112000,1.3776
1625822893791000,1,486.14584000,1.3776
1625822893840000,1,535.94078000,1.3776
1625822893840000,1,486.43099000,1.3773
1625822893919000,1,338.15098000,1.3773
1625822893954000,1,263.55732000,1.3773
1625822893954000,1,824.96099000,1.3771
1625823009690000,1,1088.40774000,1.3776
1625823009805000,0,102.87883000,1.3776
1625823025284000,1,985.52891000,1.3776
1625823100326000,1,563.08399000,1.3776
1625823610991000,1,497.87302000,1.3776
1625825005357000,1,27.45073000,1.3776
1625825005357000,1,1087.94593000,1.3776
1625825005357000,1,709.60334000,1.3775
1625825562240000,0,837.12092000,1.3803
1625825619002000,0,184.99687000,1.3803
1625825619002000,0,102.00000000,1.3803
1625825619002000,0,303.00000000,1.3803
1625825619002000,0,665.65806000,1.3804
1625825639669000,0,102.00000000,1.3803
1625825639669000,0,421.47572000,1.3804
1625825639669000,0,303.00000000,1.3805
1625825639669000,0,429.08295000,1.3805
1625829435327000,0,57.38120000,1.3815
1625829449962000,0,1085.25786000,1.3815
1625829461903000,0,1085.27357000,1.3815
1625829463957000,0,1085.27357000,1.3815
1625829465956000,0,1085.27357000,1.3815
1625829467960000,0,1085.27357000,1.3815
1625829469957000,0,1085.27357000,1.3815
1625829471959000,0,930.99309000,1.3815
1625832658359000,0,72.28109000,1.3827
1625834647530000,0,102.00000000,1.3832
1625834647530000,0,13.68531000,1.3833
1625834680449000,0,62.12643000,1.3832
1625834684940000,0,40.90408000,1.3832
1625834685257000,0,34.13631000,1.3832
1625834710953000,0,34.23716000,1.3832
1625834924377000,0,1083.89335000,1.3833
1625834925962000,0,1083.89335000,1.3833
1625834927959000,0,1083.89335000,1.3833
1625834929959000,0,1083.89335000,1.3833
1625834931962000,0,1083.89335000,1.3833
1625834933967000,0,1083.89335000,1.3833
1625834935959000,0,982.95459000,1.3833
1625835066027000,0,60.76115000,1.3843
1625835851518000,0,37.15042000,1.3844
1625835854905000,0,29.15393000,1.3844
1625835863440000,0,27.86763000,1.3844
1625835869450000,0,438.92449000,1.3844
1625835896743000,0,35.86244000,1.3844
1625835906289000,0,440.58228000,1.3844
1625835907793000,0,74.40307000,1.3844
1625835907793000,0,18.58519000,1.3845
1625836055758000,0,90.52274000,1.3845
1625836066945000,0,102.00000000,1.3845
1625836066945000,0,191.28708000,1.3845
1625836067005000,0,163.79898000,1.3845
1625836071922000,0,102.00000000,1.3845
1625836071922000,0,339.01116000,1.3845
1625836256409000,1,172.54285000,1.3833
1625836261951000,1,128.22090000,1.3833
1625836266416000,1,129.40714000,1.3833
1625836287579000,0,75.24461000,1.3845
1625836293123000,0,102.00000000,1.3845
1625836293123000,0,62.42413000,1.3845
1625836344285000,1,64.70357000,1.3833
1625836347411000,1,49.29796000,1.3833
1625836362407000,0,102.00000000,1.3845
1625836362407000,0,62.47609000,1.3845
1625836362909000,1,36.97347000,1.3833
1625836369072000,1,36.97347000,1.3833
1625836587073000,0,298.10735000,1.3844
1625836912927000,1,98.14981000,1.3832
1625836914981000,1,103.19237000,1.3832
1625837000079000,0,45.93884000,1.3844
1625837112389000,0,90.41224000,1.3845
1625837117812000,0,67.80841000,1.3845
1625837118952000,0,34.19159000,1.3845
1625837118952000,0,16.66082000,1.3845
1625837122670000,0,38.13945000,1.3845
1625837126933000,0,102.00000000,1.3845
1625837126933000,0,16.85153000,1.3845
1625837142605000,0,22.64606000,1.3845
1625837159419000,0,92.83449000,1.3845
1625837169659000,0,46.35165000,1.3845
1625837318889000,0,23.05851000,1.3850
1625837357014000,0,38.28496000,1.3850
1625837373817000,0,23.87727000,1.3850
1625837376646000,0,23.86962000,1.3850
1625837451901000,0,24.24927000,1.3850
1625837464750000,0,66.72488000,1.3850
1625837481603000,0,289.09063000,1.3850
1625837481603000,0,146.11491000,1.3850
1625837491094000,0,32.07712000,1.3850
1625837522731000,0,33.85406000,1.3852
1625837536601000,0,41.66209000,1.3852
1625837537812000,0,207.16686000,1.3852
1625837539802000,0,167.64007000,1.3852
1625837553228000,0,371.31244000,1.3852
1625837554029000,0,262.12470000,1.3852
1625837554029000,0,16.44842000,1.3856
1625837578864000,0,150.99941000,1.3852
1625837590362000,0,91.61911000,1.3852
1625837657207000,0,128.44429000,1.3852
1625837659374000,0,102.00000000,1.3852
1625837659374000,0,23.74608000,1.3852
1625837662072000,0,59.92708000,1.3852
1625837668161000,0,44.51254000,1.3852
1625837668287000,0,44.51962000,1.3852
1625838100964000,0,76.63724000,1.3855
1625839196298000,0,167.07068000,1.3858
1625839222914000,0,215.23410000,1.3858
1625839601969000,0,51.01384000,1.3856
1625839616177000,0,45.21014000,1.3856
1625840111703000,1,34.73479000,1.3845
1625840113061000,1,32.94711000,1.3845
1625840338530000,0,586.23928000,1.3845
1625840405115000,1,1082.65337000,1.3848
1625840405148000,0,381.15999000,1.3848
1625840422943000,1,434.13219000,1.3849
1625840429096000,1,155.30136000,1.3849
1625840430693000,1,62.90803000,1.3849
1625840432148000,1,74.07172000,1.3849
1625840433378000,1,97.85035000,1.3849
1625840440035000,0,26.09197000,1.3860
1625840447346000,0,81.10874000,1.3860
1625840457078000,0,62.09880000,1.3859
1625840457319000,0,61.78532000,1.3859
1625840471803000,0,54.52517000,1.3859
1625840472302000,0,27.38096000,1.3859
1625840473618000,0,54.28230000,1.3859
1625840492012000,0,46.86550000,1.3860
1625840497229000,0,47.26449000,1.3859
1625840499271000,0,35.41491000,1.3860
1625841796440000,1,74.42312000,1.3862
1625842013536000,0,53.67283000,1.3876
1625842027546000,0,31.17168000,1.3876
1625842032116000,0,31.17522000,1.3876
1625842036448000,0,31.20251000,1.3876
1625842036460000,0,24.29120000,1.3876
1625842044673000,1,62.95351000,1.3864
1625842049626000,1,562.75554000,1.3864
1625842129132000,1,181.35973000,1.3864
1625842265760000,1,25.12338000,1.3861
1625842567215000,1,243.68235000,1.3853
1625842722336000,1,22.53750000,1.3824
1625844313829000,1,38.29000000,1.3829
1625848236135000,1,65.00598000,1.3839
1625849749333000,0,36.94154000,1.3851
1625849993877000,0,79.56844000,1.3863
1625850143376000,1,100.00000000,1.3852
1625851656360000,1,34.70483000,1.3860
1625851709802000,1,76.17085000,1.3860
1625851711096000,1,39.34878000,1.3860
1625851711660000,1,26.25582000,1.3860
1625851729202000,1,29.54155000,1.3860
1625851803017000,1,31.21936000,1.3860
1625851808067000,1,23.43949000,1.3860
1625851808410000,1,22.84027000,1.3860
1625851980542000,1,30.30056000,1.3860
1625852148467000,1,84.70973000,1.3860
1625852162961000,1,49.40569000,1.3860
1625852164451000,1,48.34707000,1.3860
1625852164738000,1,192.38957000,1.3860
1625852165926000,1,31.20938000,1.3860
1625852166031000,1,24.96750000,1.3860
1625852166415000,1,192.44949000,1.3860
1625852345217000,1,17.29748000,1.3862
1625852345336000,1,22.82030000,1.3862
1625852372121000,1,61.11045000,1.3862
1625852372438000,1,61.10047000,1.3862
1625852373716000,1,60.43134000,1.3862
1625852485872000,1,31.75866000,1.3862
1625852487429000,1,31.75866000,1.3862
1625852521845000,1,26.31575000,1.3864
1625853091368000,1,24.85762000,1.3870
1625853236539000,1,269.95940000,1.3870
1625853248551000,1,91.09143000,1.3870
1625853253054000,1,151.19319000,1.3870
1625853260362000,1,91.25122000,1.3870
1625853293619000,1,68.41095000,1.3870
1625853467995000,1,74.08357000,1.3870
1625853476020000,1,55.53771000,1.3870
1625853622788000,1,69.16996000,1.3873
1625853623936000,1,170.13853000,1.3873
1625853626627000,1,22.96308000,1.3873
1625853626627000,1,247.60472000,1.3873
1625853635700000,1,51.84252000,1.3873
1625854473368000,1,21.71174000,1.3870
1625857530538000,0,1079.80089000,1.3882
1625857531963000,0,1019.16514000,1.3882
1625857531963000,0,60.63575000,1.3882
1625857533959000,0,1079.80089000,1.3882
1625857535960000,0,1079.80089000,1.3882
1625857537958000,0,1079.80089000,1.3882
1625857539960000,0,1079.80089000,1.3882
1625857541959000,0,1079.80089000,1.3882
1625857543960000,0,960.55891000,1.3882
1625857801299000,1,23.87892000,1.3883
1625857835718000,1,51.35315000,1.3883
1625858188134000,1,18.80552000,1.3883
1625858323210000,0,385.06433000,1.3894
1625858586584000,1,48.25718000,1.3883
1625858686705000,0,369.50412000,1.3895
1625859053421000,0,114.83221000,1.3897
1625859054422000,0,120.48848000,1.3897
1625859089663000,0,34.00148000,1.3897
1625866074366000,1,1000.00000000,1.3894
1625866582256000,0,180.67872000,1.3904
1625866583732000,0,153.84482000,1.3904
1625866584107000,0,154.72426000,1.3904
1625866584325000,0,138.86474000,1.3904
1625866584921000,0,267.20140000,1.3904
1625866585201000,0,434.71582000,1.3904
1625866587401000,0,433.53242000,1.3904
1625866587907000,0,130.96729000,1.3904
1625866589808000,0,111.36255000,1.3904
1625866590417000,0,434.65042000,1.3904
1625866592052000,0,94.76857000,1.3904
1625866593761000,1,79.01309000,1.3894
1625866594904000,0,434.17359000,1.3904
1625866673368000,1,1079.01309000,1.3894
1625866706482000,1,61.70967000,1.3894
1625866750853000,1,1017.30342000,1.3894
1625866762825000,1,1070.41878000,1.3894
1625866798751000,0,31.01466000,1.3904
1625866829841000,0,71.71788000,1.3904
1625866943818000,0,180.88188000,1.3904
1625866969614000,0,147.51599000,1.3904
1625866978750000,0,147.54675000,1.3904
1625867019779000,0,23.30822000,1.3904
1625867041084000,0,105.41719000,1.3904
1625867055169000,0,139.56410000,1.3904
1625867055913000,0,295.20991000,1.3904
1625867273268000,0,16.72890000,1.3904
1625868250590000,0,208.68014000,1.3902
1625868250590000,0,52.68842000,1.3902
1625869041945000,1,42.15513000,1.3890
1625869153597000,1,30.94971000,1.3890
1625869503370000,0,40.29109000,1.3902
1625869503370000,0,391.49644000,1.3902
1625869623979000,0,76.50120000,1.3902
1625869683118000,0,31.07611000,1.3902
1625869683118000,0,120.76405000,1.3902
1625869752298000,0,146.57712000,1.3902
1625869805750000,0,212.59969000,1.3902
1625869823988000,0,39.21996000,1.3902
1625869824604000,0,39.43884000,1.3902
1625869824604000,0,131.68883000,1.3904
1625869880390000,0,433.15897000,1.3902
1625869882244000,0,93.42675000,1.3902
1625869884298000,0,93.88704000,1.3902
1625869995561000,0,102.00000000,1.3902
1625869995561000,0,63.99402000,1.3902
1625870012517000,0,166.21794000,1.3902
1625870027582000,0,166.30639000,1.3902
1625870037090000,0,62.29461000,1.3902
1625870037090000,0,104.04466000,1.3904
1625870079648000,0,124.87015000,1.3902
1625870099286000,0,81.50267000,1.3902
1625870110499000,0,75.77155000,1.3902
1625870115818000,0,75.76437000,1.3902
1625870127282000,0,75.75718000,1.3902
1625870293355000,0,166.74407000,1.3902
1625870877599000,1,95.38584000,1.3890
1625870880637000,1,110.67593000,1.3890
1625871069460000,1,64.47607000,1.3890
1625871084041000,1,36.26280000,1.3890
1625871355698000,0,253.79523000,1.3902
1625871522216000,0,61.41706000,1.3902
1625871537361000,0,84.92128000,1.3902
1625871565145000,0,167.41775000,1.3902
1625872588845000,1,46.61932000,1.3890
1625874488335000,1,29.13208000,1.3892
1625874557922000,1,30.98966000,1.3892
1625875139330000,1,202.34661000,1.3890
1625875228431000,1,358.39348000,1.3890
1625875229301000,1,216.19858000,1.3890
1625875235757000,1,56.56637000,1.3890
1625875352934000,1,35.50378000,1.3890
1625875364300000,1,26.62534000,1.3890
1625875364744000,1,26.62534000,1.3890
1625875575157000,0,56.67935000,1.3902
1625875967549000,0,135.05412000,1.3902
1625875971133000,0,162.44708000,1.3902
1625875971832000,0,216.63057000,1.3902
1625875973262000,1,35.68026000,1.3891
1625876086887000,0,102.21117000,1.3902
1625876094577000,0,44.82027000,1.3902
1625876110086000,0,162.66622000,1.3902
1625876162620000,0,73.11789000,1.3902
1625876189787000,0,36.57692000,1.3902
1625876217601000,0,36.59410000,1.3902
1625876226468000,0,109.11134000,1.3902
1625876226468000,0,15.84146000,1.3904
1625876229345000,0,106.19878000,1.3902
1625876232499000,0,90.25528000,1.3902
1625876253545000,0,25.63736000,1.3902
1625876258579000,0,64.95374000,1.3902
1625876258579000,0,75.01220000,1.3902
1625876306988000,0,21.96927000,1.3902
1625876327695000,0,21.98222000,1.3902
1625876539613000,0,166.78056000,1.3902
1625876541319000,0,124.93412000,1.3902
1625876584150000,0,166.81036000,1.3902
1625876885648000,0,27.41115000,1.3902
1625876955422000,0,252.23838000,1.3902
1625876955422000,0,6.78957000,1.3904
1625876966092000,0,125.09278000,1.3902
1625876968613000,0,125.17622000,1.3902
1625876970535000,0,82.14517000,1.3902
1625876972135000,0,61.37204000,1.3902
1625876972285000,0,59.69302000,1.3902
1625876975930000,0,63.68549000,1.3902
1625876988001000,0,44.66189000,1.3902
1625876989282000,0,69.72331000,1.3902
1625877011335000,0,54.12342000,1.3902
1625877011844000,0,42.57621000,1.3902
1625877065992000,0,42.58407000,1.3902
1625877140847000,0,109.94985000,1.3902
1625878862130000,1,31.32922000,1.3892
1625878871252000,1,45.37094000,1.3892
1625878874354000,1,33.04698000,1.3892
1625878878585000,1,31.31923000,1.3892
1625879212975000,1,99.40061000,1.3892
1625879214422000,1,99.40061000,1.3892
1625879222405000,1,125.51662000,1.3892
1625879223447000,1,101.88737000,1.3892
1625879564419000,1,216.68794000,1.3893
1625879566469000,1,48.88637000,1.3893
1625879566540000,1,35.55372000,1.3893
1625879578408000,1,148.99605000,1.3892
1625879589242000,1,26.66529000,1.3892
1625879619158000,1,85.62854000,1.3892
1625879888468000,1,45.78041000,1.3892
1625879888707000,1,166.66306000,1.3892
1625879949089000,1,37.96059000,1.3892
1625879951606000,1,28.03351000,1.3892
1625880259188000,1,0.16118000,1.3892
1625880259188000,1,22.64913000,1.3892
1625880772629000,1,46.70920000,1.3892
1625881398264000,1,179.88999000,1.3894
1625881814190000,1,46.16990000,1.3894
1625881815110000,1,46.16990000,1.3894
1625881815698000,1,57.71487000,1.3894
1625881816179000,1,45.07133000,1.3894
1625881816273000,1,69.25985000,1.3894
1625881816475000,1,46.13994000,1.3894
1625881817309000,1,29.18200000,1.3894
1625881817672000,1,46.36168000,1.3894
1625881873934000,1,45.24111000,1.3894
1625881874718000,1,55.87727000,1.3894
1625881880828000,1,23.28968000,1.3894
1625881882247000,1,31.74867000,1.3894
1625881910341000,1,31.03960000,1.3894
1625881974618000,1,96.94381000,1.3894
1625881975064000,1,71.45699000,1.3894
1625881975470000,1,124.16837000,1.3894
1625881988602000,1,31.02961000,1.3894
1625881995515000,1,2.23097000,1.3894
1625881995515000,1,141.15239000,1.3892
1625882000702000,1,176.74993000,1.3894
1625882003347000,1,293.13842000,1.3894
1625882155892000,1,279.23652000,1.3892
1625882370928000,1,75.85127000,1.3892
1625882379533000,1,80.54516000,1.3892
1625882389269000,1,30.97967000,1.3892
1625882398562000,1,34.12558000,1.3892
1625882400186000,1,34.09562000,1.3892
1625882401367000,1,24.78773000,1.3892
1625882665927000,1,30.31055000,1.3890
1625882666727000,1,32.88719000,1.3890
1625882734859000,1,8.45804000,1.3890
1625882734859000,1,19.18598000,1.3886
1625882994328000,1,77.17954000,1.3890
1625882995538000,1,75.69147000,1.3890
1625883008518000,1,35.19419000,1.3890
1625883008591000,1,35.19419000,1.3890
1625883685925000,1,75.69147000,1.3890
1625883686757000,1,80.94464000,1.3890
1625883687901000,1,41.80558000,1.3890
1625883688552000,1,32.29796000,1.3890
1625883698671000,1,49.16600000,1.3890
1625883702223000,1,30.93973000,1.3890
1625883702285000,1,35.24412000,1.3890
1625883729138000,1,55.05833000,1.3890
1625883731923000,1,30.91975000,1.3890
1625883734191000,1,23.19980000,1.3890
1625883734911000,1,52.90114000,1.3890
1625883737435000,1,293.17837000,1.3890
1625883738613000,1,293.86747000,1.3890
1625883751478000,1,158.20313000,1.3890
1625883751478000,1,2.97706000,1.3886
1625883897585000,1,174.42296000,1.3892
1625884018281000,1,102.99593000,1.3892
1625884033882000,1,61.72965000,1.3892
1625884190150000,1,57.14405000,1.3892
1625884234412000,1,40.89676000,1.3892
1625884235493000,1,30.85983000,1.3892
1625884237076000,1,30.66009000,1.3892
1625884237078000,1,40.12777000,1.3892
1625884256743000,1,59.80216000,1.3892
1625884260034000,1,65.53246000,1.3892
1625884379472000,1,29.27190000,1.3892
1625885594400000,1,24.04870000,1.3890
1625885726557000,1,70.57813000,1.3890
1625885737102000,1,69.50952000,1.3890
1625885775470000,1,55.24808000,1.3890
1625885805748000,1,44.82166000,1.3890
1625885812373000,1,33.66618000,1.3890
1625885812762000,1,30.12079000,1.3890
1625885822005000,1,24.47814000,1.3890
1625885836062000,1,22.60058000,1.3890
1625885954956000,1,50.84382000,1.3890
1625885968762000,1,22.59059000,1.3890
1625885969239000,1,28.54285000,1.3890
1625885984213000,1,22.59059000,1.3890
1625885985039000,1,27.48422000,1.3890
1625886922832000,1,56.99581000,1.3890
1625886924186000,1,88.87431000,1.3890
1625886935096000,1,67.72185000,1.3890
1625886948975000,1,56.96585000,1.3890
1625888302503000,1,291.72027000,1.3890
1625888318477000,1,43.28366000,1.3890
1625888321915000,1,32.68745000,1.3890
1625888325884000,1,291.66035000,1.3890
1625889215510000,1,293.06852000,1.3888
1625889286144000,1,175.03216000,1.3888
1625889302552000,1,291.68032000,1.3888
1625889655420000,1,207.53775000,1.3888
1625889655420000,1,65.66662000,1.3888
1625889655763000,1,253.93824000,1.3888
1625889655763000,1,20.38468000,1.3886
1625891488342000,0,107.78624000,1.3901
1625894456838000,1,107.10059000,1.3886
1625894457628000,1,95.87520000,1.3888
1625899961636000,0,161.38965000,1.3896
1625900032851000,0,126.51004000,1.3896
1625900035766000,0,292.68764000,1.3896
1625900035906000,0,119.00725000,1.3896
1625900036656000,0,56.93754000,1.3896
1625900036763000,0,154.51601000,1.3896
1625900036763000,0,279.29059000,1.3896
1625900037116000,0,126.48759000,1.3896
1625900039798000,0,101.05820000,1.3896
1625900056560000,0,433.70955000,1.3896
1625900056606000,0,139.04785000,1.3896
1625900056606000,0,153.68921000,1.3898
1625900059212000,0,185.02434000,1.3896
1625900060478000,0,185.15309000,1.3896
1625900061308000,0,433.87716000,1.3896
1625900062248000,0,94.92394000,1.3896
1625900062555000,0,161.92616000,1.3896
1625900063328000,0,18.68909000,1.3896
1625900063328000,0,414.88643000,1.3898
1625900064054000,0,433.67846000,1.3896
1625900064137000,0,126.30309000,1.3896
1625900065457000,0,330.20592000,1.3896
1625900065660000,0,189.40631000,1.3896
1625900065660000,0,244.21913000,1.3898
1625900066709000,0,433.31552000,1.3896
1625900069032000,0,129.82609000,1.3896
1625900069518000,0,201.68205000,1.3896
1625900082632000,0,80.37270000,1.3896
1625900086447000,0,234.39742000,1.3896
1625900086447000,0,58.81050000,1.3898
1625900092642000,0,23.25412000,1.3896
1625900092967000,0,91.33361000,1.3896
1625900111444000,0,89.97422000,1.3896
1625900116683000,1,60.70723000,1.3884
1625900388447000,0,111.64873000,1.3896
1625900490089000,1,51.27326000,1.3886
1625900686020000,1,37.91065000,1.3886
1625900686063000,1,26.96490000,1.3886
1625900950383000,1,32.42779000,1.3884
1625901011891000,1,24.31835000,1.3884
1625901157087000,1,25.24714000,1.3884
1625901315574000,1,37.37135000,1.3884
1625901327823000,1,22.42082000,1.3884
1625901329273000,1,23.90888000,1.3884
1625901460446000,1,137.27131000,1.3884
1625901462877000,1,103.31552000,1.3884
1625901463048000,1,103.26558000,1.3884
1625901468086000,1,30.49031000,1.3884
1625901468308000,1,37.11168000,1.3884
1625901469403000,1,36.59237000,1.3884
1625901477754000,1,30.49031000,1.3884
1625901486386000,1,31.38914000,1.3884
1625901511873000,1,30.49031000,1.3884
1625901548041000,1,40.99504000,1.3884
1625901676891000,1,45.73047000,1.3884
1625901677379000,1,30.49031000,1.3884
1625901684113000,1,30.41042000,1.3884
1625901929343000,1,60.90073000,1.3884
1625901936988000,1,45.68054000,1.3884
1625901938574000,1,53.29063000,1.3884
1625901952561000,1,68.80833000,1.3884
1625901952561000,1,22.53277000,1.3883
1625901954645000,1,97.43317000,1.3884
1625901974286000,1,175.07211000,1.3884
1625901985703000,1,175.06212000,1.3884
1625902014111000,1,32.56761000,1.3884
1625902070458000,1,30.13078000,1.3884
1625902071967000,1,30.58019000,1.3884
1625902261054000,1,214.62063000,1.3884
1625903122603000,1,26.15595000,1.3884
1625903139809000,1,17.74690000,1.3884
1625903666561000,1,68.98702000,1.3884
1625904578601000,1,91.60076000,1.3884
1625904587210000,1,38.11039000,1.3884
1625904588113000,1,38.11039000,1.3884
1625904893509000,0,22.50891000,1.3894
1625904976675000,0,107.09920000,1.3894
1625904978424000,0,107.18332000,1.3894
1625904987626000,0,61.23177000,1.3894
1625905245977000,0,143.07628000,1.3894
1625905256792000,0,42.49468000,1.3894
1625905256792000,0,100.61042000,1.3894
1625905263993000,0,143.20116000,1.3894
1625905298991000,0,149.77512000,1.3894
1625905370405000,0,231.82482000,1.3894
1625905381862000,0,62.24064000,1.3894
1625905605167000,1,32.05008000,1.3884
1625906605961000,0,67.69996000,1.3896
1625906642474000,0,22.72178000,1.3896
1625906643066000,0,30.09287000,1.3896
1625906663057000,0,45.14462000,1.3896
1625906692701000,0,30.10890000,1.3896
1625906727993000,1,31.50899000,1.3884
1625906728469000,1,31.62883000,1.3884
1625906997637000,1,107.44945000,1.3885
1625907007970000,0,123.00884000,1.3896
1625907008305000,0,110.54057000,1.3896
1625907009244000,0,66.83190000,1.3896
1625907163421000,1,92.12009000,1.3885
1625907183713000,1,142.78414000,1.3885
1625907188548000,1,107.21045000,1.3885
1625907193677000,1,61.22031000,1.3885
1625907243813000,1,76.75009000,1.3885
1625907267506000,1,59.19295000,1.3885
1625907273631000,1,32.88719000,1.3885
1625907334408000,1,29.15205000,1.3885
1625907335516000,1,29.88110000,1.3885
1625907344793000,1,36.63232000,1.3885
1625907612697000,1,304.28163000,1.3885
1625907612697000,1,10.78825000,1.3884
1625907702174000,1,108.67853000,1.3885
1625907710690000,1,82.97200000,1.3885
1625907711144000,1,22.99007000,1.3885
1625907714718000,1,56.47649000,1.3885
1625907776160000,1,41.31622000,1.3885
1625907779590000,1,42.35487000,1.3885
1625907780942000,1,30.60017000,1.3885
1625908005791000,1,214.24112000,1.3885
1625908511218000,1,87.06667000,1.3885
1625908515882000,1,122.45061000,1.3885
1625908515961000,1,88.32503000,1.3885
1625908565800000,1,45.91024000,1.3885
1625908598586000,1,30.60017000,1.3885
1625908608683000,1,30.60017000,1.3885
1625908638537000,1,76.50042000,1.3885
1625908705801000,1,45.90025000,1.3885
1625908725359000,1,25.53378000,1.3885
1625908725359000,1,24.12158000,1.3884
1625908747298000,1,49.65536000,1.3885
1625908760637000,1,40.37744000,1.3885
1625908761157000,1,38.25021000,1.3885
1625908762600000,1,39.42868000,1.3885
1625908763963000,1,39.54852000,1.3885
1625908763996000,1,60.88075000,1.3885
1625910075714000,0,78.51738000,1.3898
1625910534328000,1,124.17836000,1.3887
1625910548537000,1,46.83903000,1.3887
1625910551418000,1,46.25978000,1.3887
1625910551778000,1,46.25978000,1.3887
1625910563050000,1,33.08693000,1.3887
1625910564271000,1,133.91568000,1.3887
1625910564753000,1,124.16837000,1.3887
1625910741078000,1,72.32585000,1.3887
1625910745538000,1,20.17374000,1.3887
1625910760045000,1,31.07954000,1.3887
1625910988951000,1,31.63882000,1.3887
1625911008170000,1,25.38695000,1.3887
1625911030314000,1,42.28496000,1.3887
1625911130810000,1,65.22510000,1.3887
1625911133562000,1,65.14520000,1.3887
1625911137535000,1,20.11983000,1.3887
1625911175282000,1,35.42718000,1.3887
1625911294530000,1,28.98139000,1.3887
1625911675754000,1,30.48032000,1.3887
1625911675786000,1,42.67445000,1.3887
1625911679710000,1,24.80771000,1.3887
1625911818131000,1,60.97064000,1.3887
1625911819488000,1,1.22660000,1.3887
1625911819488000,1,46.72099000,1.3885
1625911819717000,1,118.89524000,1.3885
1625911821755000,1,27.21458000,1.3887
1625911952458000,1,154.81847000,1.3885
1625912385794000,1,30.32053000,1.3885
1625912512202000,1,29.99096000,1.3885
1625912513298000,1,43.78301000,1.3885
1625916511542000,0,112.00207000,1.3898
1625916512122000,0,112.01272000,1.3898
1625916560941000,0,134.63316000,1.3898
1625916560941000,0,95.85758000,1.3898
1625916560941000,0,42.45784000,1.3901
1625916562290000,0,288.39101000,1.3898
1625916567761000,0,212.34229000,1.3898
1625916568460000,0,121.39984000,1.3898
1625916643778000,0,260.61659000,1.3898
1625916665868000,0,113.52028000,1.3898
1625916666365000,0,83.20556000,1.3898
1625916666365000,0,37.24062000,1.3901
1625916668766000,0,91.21050000,1.3898
1625917247528000,1,565.94853000,1.3885
1625917247633000,1,34.76342000,1.3884
1625917247633000,1,10.40453000,1.3883
1625917247633000,1,408.26351000,1.3880
1625917247960000,0,611.81361000,1.3880
1625917248102000,0,14.37265000,1.3880
1625917622551000,1,1019.38999000,1.3885
1625917937213000,1,60.17178000,1.3885
1625917937213000,1,213.94141000,1.3884
1625917938737000,1,169.80896000,1.3885
1625918307072000,1,32.56761000,1.3885
1625918321903000,1,55.55768000,1.3885
1625918403805000,1,44.92153000,1.3885
1625918420644000,1,30.58019000,1.3885
1625918421006000,1,22.93015000,1.3885
1625918431011000,1,302.70597000,1.3885
1625918623957000,1,53.28064000,1.3885
1625918845179000,1,42.11518000,1.3885
1625919208790000,1,103.90475000,1.3885
1625919212025000,1,81.12440000,1.3885
1625919216973000,1,81.53387000,1.3885
1625921562208000,1,58.53084000,1.3885
1625921562208000,1,72.16998000,1.3884
1625922502561000,1,60.89074000,1.3885
1625922502563000,1,28.48292000,1.3885
1625922504104000,1,51.74265000,1.3885
1625922514349000,1,27.75387000,1.3885
1625924736149000,1,23.91887000,1.3885
1625925261794000,1,101.36805000,1.3885
1625929333798000,0,228.57569000,1.3896
1625930870635000,0,289.81555000,1.3894
1625930977231000,0,179.95798000,1.3894
1625931120883000,0,290.41267000,1.3894
1625931126934000,0,428.19646000,1.3894
1625932173534000,1,60.92070000,1.3884
1625934134192000,0,90.01552000,1.3894
1625934165577000,0,176.28090000,1.3894
1625934362554000,0,95.46228000,1.3894
1625934362554000,0,327.54183000,1.3896
1625937504083000,1,257.05539000,1.3882
1625937534310000,1,428.92882000,1.3882
1625937552920000,1,174.46290000,1.3882
1625937561000000,1,66.65949000,1.3882
1625937667173000,0,191.77007000,1.3894
1625937880772000,0,179.95194000,1.3891
1625938000564000,0,179.95065000,1.3891
1625940957644000,1,1080.15637000,1.3878
1625940957752000,1,419.43362000,1.3878
1625940958693000,1,660.72275000,1.3878
1625940958693000,1,80.16725000,1.3876
1625941121440000,0,96.24796000,1.3891
1625941121440000,0,83.45268000,1.3891
1625941121747000,1,179.70064000,1.3879
1625941238556000,0,54.14721000,1.3891
1625941241733000,1,141.66935000,1.3879
1625941244152000,0,41.66277000,1.3891
1625941244542000,0,38.10933000,1.3891
1625941244938000,0,41.66277000,1.3891
1625941246321000,0,38.29539000,1.3891
1625941361982000,1,218.07866000,1.3879
1625941482177000,1,179.75074000,1.3879
1625941602089000,1,179.92169000,1.3879
1625941722075000,1,179.98371000,1.3879
1625942082122000,1,180.92185000,1.3879
1625942082210000,0,50.11893000,1.3879
1625942206094000,0,258.99604000,1.3891
1625942382358000,1,179.74541000,1.3879
1625942622171000,0,179.39979000,1.3888
1625943222521000,0,179.99783000,1.3888
1625943342673000,0,179.96500000,1.3888
1625943462767000,0,179.99783000,1.3888
1625943582755000,0,179.99783000,1.3888
1625943702836000,0,179.99783000,1.3888
1625943942973000,0,149.20394000,1.3888
1625943955730000,0,31.59291000,1.3888
1625943955730000,0,259.78180000,1.3891
1625943987986000,0,433.28974000,1.3888
1625943999553000,0,433.30002000,1.3888
1625944183049000,0,179.99783000,1.3888
1625945491641000,1,56.64626000,1.3878
1625945595113000,1,108.51874000,1.3878
1625945612987000,1,40.16771000,1.3878
1625945618216000,1,83.98068000,1.3878
1625945620714000,1,28.93234000,1.3878
1625945620786000,1,30.45036000,1.3878
1625945628250000,1,57.82473000,1.3878
1625945628254000,1,57.82473000,1.3878
1625945628906000,1,57.82473000,1.3878
1625948140732000,0,81.33454000,1.3888
1625948321271000,0,290.61229000,1.3888
1625948486046000,0,112.38036000,1.3887
1625948523542000,0,180.94922000,1.3888
1625948525494000,0,369.10578000,1.3888
1625948530442000,0,127.24371000,1.3888
1625948532466000,0,30.99487000,1.3888
1625948532466000,0,64.14322000,1.3889
1625948539511000,0,179.77557000,1.3888
1625948550870000,0,90.48973000,1.3888
1625948558503000,0,237.37495000,1.3888
1625948558782000,0,237.38920000,1.3888
1625948562966000,0,139.57412000,1.3888
1625948578504000,0,195.63684000,1.3888
1625948578504000,0,50.07314000,1.3889
1625948585860000,0,184.43533000,1.3888
1625948595043000,0,124.93590000,1.3888
1625948601436000,0,125.37567000,1.3888
1625948743249000,1,34.77473000,1.3876
1625948747061000,1,39.14904000,1.3876
1625948758414000,1,29.70134000,1.3876
1625948762978000,1,36.37265000,1.3876
1625949632986000,1,195.77516000,1.3875
1625950890041000,0,61.06648000,1.3888
1625950936015000,0,45.02991000,1.3888
1625952185861000,0,500.00000000,1.3888
1625952284076000,0,39.39712000,1.3888
1625952284289000,1,960.60288000,1.3888
1625952540507000,0,965.91342000,1.3889
1625952540607000,1,34.08658000,1.3889
1625952586679000,0,1000.00000000,1.3889
1625952813804000,0,46.04320000,1.3889
1625952813887000,1,953.95680000,1.3889
