timestamp ms,type,amount,price
1622769320833000,1,65.03581000,12.9160
1622769384486000,1,2.00000000,12.8520
1622769395969000,0,19.13700000,12.8329
1622769434713000,0,19.20900000,12.7383
1622769444842000,1,1.57500000,12.7000
1622769466062000,0,19.30900000,12.6907
1622769525764000,1,117.36646866,12.7539
1622769525764000,1,280.03352492,12.7461
1622769525764000,1,195.53715013,12.7395
1622769525764000,1,195.70341039,12.7359
1622769525764000,1,195.87798400,12.7242
1622769525892000,0,207.31100000,12.6907
1622769525899000,0,66.04697000,12.6907
1622769525904000,0,543.12349190,12.6907
1622769526157000,0,47.21700000,12.8022
1622769867782000,1,742.82601456,12.6907
1622769867782000,1,6.20973866,12.6907
1622769914703000,0,19.41300000,12.5825
1622769914761000,1,119.36201516,12.5354
1622769914761000,1,17.99295664,12.5283
1622769914761000,1,45.10447427,12.5262
1622769914761000,1,37.54055393,12.5262
1622769946875000,0,19.45600000,12.6529
1622769961601000,0,65.70456000,12.6511
1622770106361000,1,117.70361991,12.7254
1622770106361000,1,483.00146577,12.7201
1622770228506000,0,35.48944976,12.7730
1622770948497000,1,19.58225565,12.7029
1622771068765000,1,19.66801956,12.7102
1622771309056000,1,19.66108897,12.6862
1622771429209000,1,19.72813057,12.6541
1622771549219000,1,19.75645818,12.6576
1622771669369000,1,19.72534430,12.6481
1622771789609000,1,19.74352412,12.6354
1622771909763000,1,19.77075415,12.6545
1622772029843000,1,19.77075415,12.6548
1622772270108000,1,19.76953467,12.6347
1622772510337000,1,19.78682466,12.6161
1622772630478000,1,17.50607309,12.5950
1622772630478000,1,2.33111910,12.5950
1622772750532000,1,19.91420958,12.4601
1622772750786000,1,11.86447917,12.4601
1622772765743000,1,9.83951973,12.4065
1622772765743000,1,9.83554823,12.3998
1622772765743000,1,24.59879933,12.3939
1622772765743000,1,120.76619655,12.3939
1622772766207000,1,65.93595465,12.3890
1622772766207000,1,9.83554823,12.3822
1622773068497000,1,539.30977602,12.5735
1622773145911000,0,536.33398348,12.6433
1622773182967000,1,119.19704171,12.5628
1622773182967000,1,119.24296530,12.5577
1622773182967000,1,12.98129002,12.5503
1622773182967000,1,238.29367636,12.5503
1622773182967000,1,46.61901009,12.5446
1622774738026000,1,118.68136000,12.6201
1622774738031000,1,0.00000001,12.6201
1622776096656000,0,46.85013252,12.6471
1622776702979000,0,100.00000000,12.6759
1622777570286000,1,117.12485649,12.7948
1622777570286000,1,7.04000289,12.7817
1622777570286000,1,45.74607619,12.7817
1622777570286000,1,7.03655936,12.7817
1622777570286000,1,108.57669703,12.7803
1622777570289000,1,86.53660002,12.7803
1622777570289000,1,195.28206420,12.7770
1622777578737000,1,14.95072351,12.7678
1622777578834000,1,90.42714351,12.7678
1622777579076000,1,176.44079081,12.7678
1622777579618000,1,246.52769127,12.7770
1622777853354000,0,30.31153256,12.6993
1622777893783000,0,7.54807938,12.6943
1622777900574000,0,1.89356789,12.6941
1622778126086000,1,3.09850340,12.6868
1622778240095000,1,110.14328300,12.6527
1622778916712000,0,20.00000000,12.5917
1622779594005000,1,19.85434849,12.6004
1622779714262000,1,19.85434849,12.6124
1622779834376000,1,19.82174699,12.6390
1622779954453000,1,19.77996763,12.6291
1622780434971000,1,19.81642067,12.5917
1622780555035000,1,19.93459716,12.5002
1622780675388000,1,19.91774766,12.5516
1622780806397000,0,19.91774635,12.6149
1622780915658000,1,11.44296398,12.6111
1622781035801000,1,19.82374313,12.6324
1622783304352000,1,207.55200000,12.5002
1622783305713000,1,772.51340284,12.5002
1622783361987000,1,207.55200000,12.4609
1622783374076000,1,792.44800000,12.4609
1622783413331000,0,392.05927701,12.4862
1622783682421000,0,48.84296249,12.3295
1622783682589000,1,19.03724165,12.3216
1622783716872000,0,19.91700000,12.3750
1622784963111000,1,1.62700000,12.3000
1622784966130000,1,10.00000000,12.2899
1622785029539000,1,11.47737490,12.1881
1622785029539000,1,13.05878510,12.1881
1622785029610000,1,15.63870022,12.1881
1622785030154000,1,11.48209159,12.1583
1622785030660000,1,2.00000000,12.1537
1622785073967000,1,53.06801855,12.1913
1622785500980000,0,20.19500000,12.1805
1622785845479000,1,88.34549352,12.1979
1622786040395000,0,1.70000000,12.1680
1622786105309000,0,3.20000000,12.1700
1622786198278000,1,31.64720727,12.1329
1622786303096000,1,173.91627000,12.1650
1622786312227000,1,100.14209415,12.1650
1622786450078000,0,67.47940000,12.1458
1622786450105000,0,0.00005538,12.1458
1622787913730000,0,274.05836415,12.2600
1622789277912000,0,35.96883670,12.0500
1622789291287000,1,30.65275140,12.0151
1622789293224000,1,34.09433798,12.0000
1622789293448000,1,84.52922172,12.0000
1622789293448000,1,219.79679230,12.0000
1622789293448000,1,400.00000000,12.0000
1622789407204000,0,58.24634189,12.0015
1622789432253000,1,116.36197630,12.0478
1622789959692000,1,13.47285646,12.0504
1622790208046000,1,1.68100000,11.9000
1622790208046000,1,400.00000000,11.9000
1622790307750000,1,20.65293295,11.8597
1622790354512000,1,190.87165822,11.8195
1622790376017000,0,28.09593397,11.8791
1622791732621000,1,505.86691646,11.9884
1622793479851000,0,42.40848273,11.9939
1622793479851000,0,505.86691646,11.9939
1622793769459000,0,41.15476489,11.8771
1622793770423000,0,41.14689377,11.8848
1622793784638000,0,12.34400000,11.9216
1622794397261000,0,41.19258698,12.0672
1622795174414000,0,37.00615624,12.0551
1622795183161000,0,166.40456180,12.0671
1622796875198000,0,249.77414905,12.0933
1622796875374000,0,0.00000509,12.0933
1622796875374000,0,124.18627291,12.0933
1622796944899000,1,20.71755672,12.0358
1622797064827000,1,12.15494510,12.0618
1622797172880000,0,95.69797507,12.0730
1622797172880000,0,10.16029482,12.0730
1622797178630000,0,112.44715338,12.0680
1622797178630000,0,124.47459159,12.0680
1622797305006000,1,20.79297762,11.9758
1622797334707000,1,120.22698400,11.9894
1622797334828000,1,4.77067486,11.9894
1622797334828000,1,120.21324398,11.9838
1622797334841000,1,4.77067486,11.9838
1622797334841000,1,7.94322268,11.9778
1622797334841000,1,36.66820946,11.9778
1622797334982000,1,124.99765886,11.9894
1622797334982000,1,38.44328914,11.9778
1622797335127000,1,60.11348900,11.9778
1622797715618000,0,59.73814554,11.9534
1622797717607000,0,0.00000001,11.9534
1622798282703000,0,140.85390000,12.0709
1622798283781000,0,0.00003774,12.0709
1622798285432000,0,0.00001052,12.0933
1622798285432000,0,16.00000000,12.0955
1622799427795000,0,123.02462359,12.2100
1622799427795000,0,46.68295257,12.2141
1622799430463000,0,46.49372005,12.2100
1622799430463000,0,80.77312517,12.2100
1622800999187000,1,40.92826163,12.2177
1622802044623000,0,122.79313672,12.2316
1622802044623000,0,61.59363781,12.2422
1622804627234000,1,20.72817240,12.0284
1622805654091000,1,558.46115183,12.0568
1622806472677000,1,30.00000000,12.0000
1622807081087000,0,5.20600000,11.8979
1622807088077000,1,21.01204073,11.8880
1622807328333000,1,20.97839896,11.9364
1622807448490000,1,20.94433832,11.9306
1622807571003000,0,14.95916000,11.9643
1622807796773000,1,12.00000000,11.9300
1622808147551000,1,293.60568635,11.8514
1622808147551000,1,126.34286800,11.8506
1622808147551000,1,27.29918628,11.8445
1622808147551000,1,111.21341120,11.8423
1622808294204000,0,34.00000000,11.8253
1622808312938000,1,49.22932002,11.7689
1622808318996000,0,20.86300000,11.7696
1622808351757000,0,5.23200000,11.7703
1622808384005000,0,20.93300000,11.7989
1622808447221000,1,84.98327248,11.7033
1622808447221000,1,31.51744817,11.7033
1622808483440000,1,30.53975200,11.6815
1622808554386000,1,26.22943855,11.6929
1622808554386000,1,65.05279331,11.6929
1622808621762000,0,128.01032801,11.7371
1622808621762000,0,127.95616474,11.7422
1622808621762000,0,303.51800424,11.7426
1622808621762000,0,4.10046513,11.7486
1622808631133000,1,17.67619976,11.6834
1622808634612000,1,70.37497679,11.6834
1622808634612000,1,28.14290458,11.6834
1622808634612000,1,70.38531434,11.6834
1622808634612000,1,28.14798910,11.6834
1622808806979000,1,28.10639197,11.6849
1622808808582000,1,27.17495991,11.6800
1622808832683000,1,62.20988222,11.6802
1622808843350000,0,5.25700000,11.7209
1622808889226000,1,21.34161957,11.6980
1622809023586000,1,26.81739933,11.6784
1622809023586000,1,67.06154933,11.6727
1622809023586000,1,128.19567055,11.6726
1622809023586000,1,341.51034291,11.6694
1622809284385000,1,31.73280508,11.7313
1622809354896000,0,142.88950000,11.7530
1622809355069000,0,0.00005688,11.7530
1622809462092000,1,4.00000000,11.7208
1622809689641000,1,11.56750125,11.6412
1622809776559000,1,15.90379776,11.6331
1622810765726000,0,70.00000000,12.1119
1622810765861000,0,41.63872195,12.1072
1622810901483000,1,4.00000000,12.1300
1622812117202000,1,8.00000000,12.1612
1622813774228000,0,52.00444524,12.2378
1622815914761000,1,12.28900537,12.0531
1622816134466000,1,270.44315352,12.0500
1622816845369000,1,69.96385000,12.0062
1622816845369000,1,14.07643285,12.0062
1622816845369000,1,100.34649168,12.0062
1622817319717000,1,18.27370073,12.0679
1622817319717000,1,124.09437158,12.0679
1622817319717000,1,257.63192769,12.0619
1622817471583000,1,100.00000000,12.0471
1622819906414000,1,3.93556999,12.1682
1622821604143000,1,122.76725143,12.2077
1622821604274000,0,122.76725143,12.2077
1622821604307000,0,24.90865066,12.2077
1622831071834000,0,120.65266381,12.4459
1622831071834000,0,96.07959057,12.4503
1622835042026000,1,121.69945136,12.3150
1622835042026000,1,278.30054864,12.3125
1622835779821000,1,10.38895502,12.2184
1622839190287000,1,207.55200000,12.2600
1622839190465000,1,65.47654812,12.2600
1622841640142000,0,242.01397670,12.4131
1622841829434000,1,20.14007827,12.4186
1622841949681000,1,20.11578646,12.4330
1622842069699000,1,20.10774534,12.4274
1622842310093000,1,20.11687097,12.4062
1622842430234000,1,20.11687097,12.3800
1622842547621000,0,121.19533622,12.3872
1622842670375000,1,20.18204201,12.3415
1622842790578000,1,20.25684053,12.3166
1622843030602000,1,20.28234648,12.3275
1622843150661000,1,20.23750738,12.3533
1622844111596000,1,19.99698915,12.4054
1622844543797000,1,33.05392657,12.3503
1622848426796000,1,206.50000000,12.0059
1622848683841000,0,49.02529359,12.0382
1622853065113000,0,1.68100000,12.6000
1622854467123000,0,118.33483874,12.6960
1622854556469000,1,19.74698582,12.6750
1622854796729000,1,19.72383475,12.6533
1622855036773000,1,19.73041933,12.6642
1622858213561000,0,8.22473311,12.6501
1622861266966000,0,37.84972146,12.5496
1622869733826000,0,16.00000000,12.7076
1622869733826000,0,118.93978745,12.7076
1622869733826000,0,47.55029435,12.7076
1622869733826000,0,54.00000000,12.7167
1622869733826000,0,60.17484314,12.7167
1622869733831000,0,58.74920728,12.7167
1622869857838000,1,19.82400000,12.7840
1622870078326000,1,117.11678286,12.7973
1622870078326000,1,24.41663409,12.7909
1622870078326000,1,117.11678286,12.7909
1622870078326000,1,14.37834831,12.7878
1622870331428000,1,14.36900000,12.8392
1622870366633000,1,5.09000000,12.8163
1622873718105000,1,29.10100000,12.7601
1622874345487000,0,77.97593194,12.8245
1622876826468000,1,19.65100000,12.8942
1622876857237000,1,19.66000000,12.9019
1622876892246000,1,5.07800000,12.8988
1622878257274000,0,41.03662209,12.9640
1622878330946000,0,1.62700000,13.0000
1622878330946000,0,116.36197630,13.0000
1622879384443000,0,116.64045982,12.8710
1622879384443000,0,229.16867125,12.8753
1622879384443000,0,116.60750373,12.8753
1622879384443000,0,39.58594900,12.8882
1622879384443000,0,8.85513229,12.8882
1622880275889000,0,5.65392531,12.7823
1622881479887000,1,5.29321722,12.9315
1622881479895000,1,13.23304305,12.9264
1622881480500000,1,90.21514892,12.9264
1622881994227000,0,116.14107600,12.9268
1622882227104000,1,19.37395768,12.8819
1622882347267000,1,4.49702154,12.8862
1622882347267000,1,6.74809502,12.8829
1622882467358000,1,19.40561381,12.8834
1622882587476000,1,19.37697596,12.9122
1622882707592000,1,19.35394967,12.9232
1622885173546000,1,2.10290735,12.8054
1622885173546000,1,4.66580013,12.8054
1622885374890000,1,16.47380449,12.7822
1622886620970000,1,14.49309906,12.4651
1622886622137000,1,9.64867577,12.4651
1622886622137000,1,24.12168941,12.4651
1622886622137000,1,7.86835677,12.4594
1622886629599000,0,15.48091405,12.5283
1622886704588000,1,1.62700000,12.3000
1622886776968000,1,121.39096138,12.3305
1622886957167000,1,121.54624317,12.3132
1622886957167000,1,121.58385650,12.3093
1622886957167000,1,265.40500160,12.3036
1622886957167000,1,2.32261482,12.3036
1622887087006000,0,121.34293093,12.3828
1622887087006000,0,154.37258228,12.3873
1622887087006000,0,32.67047262,12.3892
1622887087006000,0,199.17876181,12.3893
1622887399339000,1,7.75803619,12.3920
1622887419772000,1,2.70024107,12.3478
1622887419772000,1,2.73047927,12.3416
1622887419772000,1,121.18954266,12.3416
1622887419772000,1,121.29873307,12.3342
1622887419772000,1,259.64575157,12.3227
1622887654749000,0,32.06171864,12.3314
1622887986899000,0,31.12433890,12.3248
1622887991613000,0,77.81084725,12.3302
1622889905686000,1,77.97593194,12.2750
1622891298233000,0,294.23511320,12.2925
1622891298233000,0,122.12518177,12.2971
1622891298233000,0,30.05243161,12.3059
1622891298233000,0,62.53381709,12.3114
1622891396834000,1,122.31324775,12.2484
1622891396834000,1,68.60934000,12.2432
1622891396834000,1,19.26200305,12.2432
1622891396834000,1,122.30864069,12.2432
1622891396834000,1,176.45331218,12.2409
1622891438280000,0,277.01149244,12.2733
1622891438280000,0,122.36096304,12.2733
1622891438280000,0,108.30389018,12.2779
1622894603915000,1,13.00111131,11.9206
1622894604378000,1,8.22473311,11.9206
1622894673291000,1,1.68100000,11.9000
1622894673501000,1,21.21191982,11.8720
1622894673501000,1,52.23631345,11.8720
1622894673501000,1,75.03897742,11.8690
1622894674190000,1,20.25831523,11.8690
1622894674190000,1,20.25831523,11.8587
1622894674190000,1,0.08772109,11.8587
1622894703593000,0,5.20500000,11.9395
1622894725388000,1,39.00333393,11.9382
1622894832198000,1,46.70010823,11.9121
1622894833481000,1,121.52237573,11.9072
1622895235786000,0,107.58204343,12.0929
1622895761383000,0,99.53536614,12.0496
1622895854366000,1,10.00000000,12.0330
1622901259832000,1,15.00000000,11.9230
1622901601599000,1,127.65400843,11.8500
1622901603347000,1,7.82221662,11.8256
1622901603347000,1,19.56332406,11.8197
1622901603347000,1,121.10167001,11.8197
1622901648981000,0,20.80900000,11.8297
1622901929053000,1,31.61592506,11.8192
1622905439564000,1,5.26919218,11.8141
1622905440082000,1,13.17966385,11.8113
1622905670663000,1,23.97787308,11.7500
1622920787046000,0,103.95789094,11.8768
1622922412801000,1,15.45873246,11.7506
1622922705993000,0,94.20164944,11.7396
1622922705993000,0,127.91312482,11.7396
1622922706086000,1,51.90311330,11.7400
1622922969351000,0,21.13700000,11.6830
1622923008542000,0,5.25900000,11.6930
1622923046825000,0,5.25900000,11.6867
1622923277324000,0,293.58513895,11.6837
1622925060486000,1,63.73798244,11.7736
1622925264580000,1,21.23082750,11.7840
1622925504668000,1,21.17644467,11.8442
1622925624931000,1,21.10670027,11.8490
1622925744895000,1,21.09891593,11.8414
1622925864984000,1,21.11231498,11.8283
1622926105291000,1,21.13578643,11.7041
1622926225265000,1,21.31839794,11.7405
1622926345309000,1,21.22900663,11.7869
1622926465430000,1,21.22900663,11.8803
1622926585463000,1,21.04332821,11.8609
1622926705715000,1,21.07771183,11.8222
1622926825702000,1,21.14672783,11.8105
1622927365953000,1,21.06104800,11.7055
1622928005035000,0,21.15400000,11.6431
1622928040118000,0,21.18400000,11.6446
1622928187340000,1,129.10120817,11.5976
1622928187340000,1,8.33731133,11.5922
1622928270908000,0,14.08600000,11.5597
1622928306415000,0,5.28200000,11.5649
1622928555766000,1,1.74000000,11.5000
1622928586696000,0,21.42600000,11.4880
1622928745044000,0,21.46100000,11.4600
1622928745442000,0,207.31100000,11.4600
1622928800921000,0,5.30700000,11.4652
1622928829144000,1,45.24588756,11.4340
1622928866016000,0,34.07677777,11.4122
1622928871391000,0,5.31200000,11.4519
1622930007249000,1,28.02899449,11.3765
1622930041646000,0,21.63000000,11.4009
1622930722079000,1,16.48522794,11.5444
1622930722114000,1,5.19187376,11.5444
1622930775091000,1,22.12875889,11.5345
1622930907904000,0,21.60700707,11.5085
1622931733173000,1,22.23482091,11.5447
1622931733173000,1,21.68126676,11.5447
1622932822589000,1,13.28105843,11.5446
