timestamp ms,type,amount,price
1626912111597000,1,400.00000000,8.4108
1626912684845000,0,3.49498884,8.4828
1626912684845000,0,7.31438686,8.4939
1626913818244000,0,18.75000000,8.6190
1626913819296000,0,18.75000000,8.6190
1626913819392000,0,26.47099926,8.6190
1626915688829000,0,7.37892321,8.4471
1626915688829000,0,7.62828469,8.4471
1626915688829000,0,7.63007527,8.4502
1626921816252000,1,7.54413680,8.2807
1626921816252000,1,7.34623636,8.2774
1626921816252000,1,0.92906419,8.2766
1626932474459000,1,7.63345090,8.3231
1626932474459000,1,0.36654910,8.3218
1626932657624000,0,7.61662945,8.3612
1626932969663000,1,5.00000000,8.3105
1626933267451000,1,18.75000000,8.3325
1626933860656000,0,6.95738471,8.3724
1626933860656000,0,8.00419015,8.3749
1626933860656000,0,18.36477936,8.3755
1626934373190000,0,8.00000000,8.4196
1626935457825000,1,5.00000000,8.4000
1626935835284000,1,7.38314189,8.4243
1626935835284000,1,0.61685811,8.4234
1626936886818000,0,7.65277829,8.5141
1626937336219000,0,7.53682439,8.4950
1626937336219000,0,0.46317561,8.4959
1626937623848000,0,5.87185958,8.5152
1626938065251000,0,31.42762710,8.6019
1626938446682000,1,7.70387757,8.5647
1626938446682000,1,0.29612243,8.5604
1626938484528000,0,4.75541350,8.6098
1626939603973000,1,169.00000000,8.7441
1626940206779000,1,42.82310832,8.6681
1626940207186000,1,42.81687291,8.6670
1626940318743000,1,8.00000000,8.6600
1626941780322000,1,106.21079170,8.7777
1626941874298000,0,18.75000000,8.7664
1626941876540000,0,9.75032283,8.7664
1626941994214000,1,7.74836927,8.7829
1626941994214000,1,7.42381251,8.7827
1626941994214000,1,13.33574741,8.7804
1626942017246000,0,7.73361016,8.7975
1626942017246000,0,4.06073625,8.7975
1626942255685000,0,7.49763980,8.8236
1626942255685000,0,7.58910843,8.8255
1626942354525000,1,7.71552762,8.8078
1626942354525000,1,7.64456811,8.8041
1626942354525000,1,4.49625227,8.8034
1626942641953000,0,7.45002065,8.8760
1626942641953000,0,7.42583480,8.8763
1626942739860000,0,7.28110203,8.8598
1626942739860000,0,7.40892400,8.8617
1626942950338000,1,120.96191091,8.8653
1626943050216000,1,32.00000000,8.8432
1626943050216000,1,7.27391386,8.8432
1626943050473000,1,18.75000000,8.8240
1626943416549000,0,15.20738563,8.8181
1626943505067000,1,3.62515566,8.8534
1626945068449000,1,170.28362135,8.7935
1626945068460000,1,7.69775857,8.8011
1626945068607000,1,14.45262747,8.7975
1626945068680000,1,47.51811780,8.7851
1626945068680000,1,32.00000000,8.7851
1626945068680000,1,69.73348052,8.7851
1626945068967000,1,3.37693379,8.7807
1626945101974000,0,4.68363290,8.7640
1626945169525000,1,4.68363290,8.7290
1626945199845000,1,4.68363290,8.7169
1626945334272000,1,200.00000000,8.7771
1626946782823000,1,202.51185560,8.5588
1626947200960000,0,7.00000000,8.5965
1626947714047000,1,7.00000000,8.6031
1626948606587000,1,7.29800073,8.6703
1626948607597000,0,0.70199927,8.6700
1626953123746000,0,7.27536612,8.6263
1626953123746000,0,0.72463388,8.6263
1626956380668000,0,6.00000000,8.5990
1626956673391000,1,3.74396374,8.5711
1626956759102000,1,5.02756605,8.4933
1626958021742000,1,207.55200000,8.6296
1626958021835000,1,88.49792564,8.6296
1626958747797000,1,5.00000000,8.6900
1626958826597000,0,51.94012906,8.6774
1626959487040000,1,7.30000000,8.6605
1626959695383000,1,96.96689000,8.6628
1626962086789000,1,46.93271409,8.5440
1626962165625000,1,7.45422250,8.5368
1626962165625000,1,7.32675004,8.5336
1626962165625000,1,14.47942982,8.5325
1626962285749000,1,7.77269818,8.5478
1626962285749000,1,7.56411597,8.5457
1626962285749000,1,4.38148085,8.5435
1626963529735000,1,5.00000000,8.5553
1626963552589000,1,3.00000000,8.5533
1626963751687000,1,14.00000000,8.5487
1626967476161000,1,18.75000000,8.6663
1626967769101000,1,7.70342973,8.7406
1626967769101000,1,19.05198997,8.7362
1626968905704000,0,3.74396374,8.8000
1626968928875000,0,7.42756945,8.8290
1626968928875000,0,7.51034143,8.8325
1626968928875000,0,34.01261654,8.8334
1626968928876000,0,129.05653009,8.8382
1626968930607000,0,7.49544916,8.8685
1626968930607000,0,7.53206710,8.8707
1626968942940000,0,33.87822884,8.8712
1626968942940000,0,33.88320182,8.8742
1626968942941000,0,56.50338688,8.8783
1626968998453000,1,7.57290071,8.8648
1626968998453000,1,7.43223967,8.8611
1626968998453000,1,169.00373500,8.8563
1626968998453000,1,181.05822527,8.8447
1626968998456000,1,100.73740758,8.8447
1626968998456000,1,264.32969307,8.8435
1626968998457000,1,17.59397453,8.8435
1626968998457000,1,231.97113537,8.8383
1626969441228000,1,207.55200000,8.8639
1626969448864000,1,727.60055170,8.8639
1626969546918000,1,18.75000000,8.8517
1626969547336000,1,255.84630558,8.8517
1626970962647000,1,7.54830058,8.7458
1626970962647000,1,7.40875369,8.7458
1626970962647000,1,7.61439845,8.7434
1626970962647000,1,7.26928121,8.7434
1626970962647000,1,384.46848177,8.7414
1626970969650000,1,7.52278108,8.7458
1626970969650000,1,7.22091601,8.7458
1626970969650000,1,7.51548430,8.7431
1626970969650000,1,392.05003431,8.7414
1626970975290000,1,414.30921571,8.7447
1626970978895000,1,171.33922304,8.7447
1626970978895000,1,35.81538481,8.7414
1626970986164000,1,207.15460786,8.7443
1626976766271000,0,7.56536081,8.7695
1626976766337000,1,2.43463919,8.7700
1626982389362000,1,7.27151959,8.6794
1626982389362000,1,33.00000000,8.6778
1626982389362000,1,13.11835653,8.6772
1626982737713000,0,5.71416163,8.7502
1626982890202000,0,2.85236067,8.7647
1626982914099000,0,2.85062713,8.7700
1626984900712000,0,3.00000000,8.6271
1626985123374000,1,3.00000000,8.6404
1626985490130000,0,7.14937287,8.6000
1626985997546000,0,6.36119807,8.6462
1626987022005000,1,3.82472431,8.6150
1626988010911000,0,5.00000000,8.5658
1626989222672000,0,5.00000000,8.5100
1626989260136000,0,17.62239630,8.5272
1626989260136000,0,0.20822370,8.5316
1626989960798000,0,7.57957180,8.5280
1626989960798000,0,10.02902020,8.5288
1626992616892000,1,18.75000000,8.4277
1626995528576000,0,208.02061493,8.4754
1626997603690000,1,31.88355366,8.5178
1626997604430000,1,251.67716907,8.5178
1626998206489000,0,7.33275172,8.5291
1626998206489000,0,1.34076013,8.5304
1626998967586000,1,7.66353503,8.4937
1626998967586000,1,4.65553497,8.4931
1627005863901000,0,3.82472431,8.7629
1627005869121000,0,3.37693379,8.7709
1627005998014000,1,33.00000000,8.7666
1627008186876000,1,7.78513461,8.6750
1627008186876000,1,172.52678726,8.6729
1627008187289000,1,7.39810686,8.6746
1627008187289000,1,0.22441289,8.6729
1627008187289000,1,7.51091549,8.6724
1627008187289000,1,172.72541011,8.6699
1627008187289000,1,162.59380402,8.6696
1627008320527000,1,7.43691941,8.6849
1627008320527000,1,172.53663417,8.6836
1627017242502000,1,7.25608744,8.9315
1627017242502000,1,113.70582347,8.9303
1627017366850000,1,18.75000000,8.9000
1627017367619000,1,104.16123596,8.9000
1627018152110000,0,7.36721211,8.9094
1627018152110000,0,7.54636743,8.9095
1627018155522000,0,7.43313506,8.9105
1627018205774000,0,7.45940922,8.9513
1627018205774000,0,7.44521673,8.9538
1627020691922000,0,5.00000000,8.7169
1627020692115000,1,7.76666453,8.7007
1627020692115000,1,313.55546636,8.6964
1627020692115000,1,7.33513450,8.6964
1627020692115000,1,7.49585020,8.6964
1627020692115000,1,14.29953378,8.6943
1627021010940000,0,7.67278478,8.7482
1627021010940000,0,4.16422489,8.7515
1627021172029000,1,5.00000000,8.7516
1627021900512000,0,7.33288826,8.7786
1627022627640000,1,5.00000000,8.8100
1627023916338000,0,7.47473397,8.7285
1627023916338000,0,6.27257263,8.7295
1627024039346000,1,129.07479861,8.6900
1627024139916000,1,5.00000000,8.6476
1627024213049000,1,53.38987613,8.6477
1627024335526000,1,50.84042089,8.6686
1627024467278000,0,18.30275565,8.6093
1627024830053000,0,7.21461629,8.6322
1627024830053000,0,7.50896094,8.6354
1627024830053000,0,406.70703789,8.6365
1627025994344000,1,7.68400794,8.5660
1627025994344000,1,7.76502309,8.5626
1627025994344000,1,4.42425603,8.5617
1627026268313000,0,7.75418337,8.5794
1627026268313000,0,5.29025741,8.5794
1627027230809000,0,549.87792821,8.6212
1627027306349000,1,7.27100041,8.5954
1627027308353000,1,7.60249187,8.5954
1627027309017000,1,207.55200000,8.5911
1627027309362000,1,7.78020817,8.5934
1627027310558000,1,7.70015956,8.5954
1627027314629000,1,102.68271373,8.5911
1627027397546000,1,3.91471962,8.5600
1627027518653000,0,5.00000000,8.5965
1627028108717000,1,5.87185958,8.5719
1627030285834000,1,7.69893009,8.5296
1627030285834000,1,9.30106991,8.5257
1627030843929000,1,5.00000000,8.4180
1627030844326000,1,150.00000000,8.4180
1627030844357000,1,22.97174547,8.4180
1627030844357000,1,7.73198376,8.4161
1627030844357000,1,19.23523487,8.4139
1627030918122000,1,177.23459142,8.4523
1627030918122000,1,7.40844436,8.4522
1627030918122000,1,7.79555299,8.4505
1627030918122000,1,15.58202616,8.4490
1627031164579000,0,7.55256622,8.5350
1627031798625000,0,7.34901909,8.5222
1627031904191000,0,7.70583209,8.5326
1627031904191000,0,7.28681094,8.5326
1627032064339000,0,7.47212232,8.5494
1627032064339000,0,7.16253882,8.5494
1627032124405000,0,7.34633547,8.5722
1627032124405000,0,7.57121133,8.5722
1627032124405000,0,7.69434237,8.5762
1627032124405000,0,111.17955586,8.5764
1627032126718000,0,66.89997620,8.5764
1627032219448000,0,35.40840407,8.5895
1627032959973000,1,3.00000000,8.5130
1627035823481000,0,22.08134987,8.4258
1627036990292000,0,2.39881897,8.4875
1627037417061000,1,66.23723264,8.4297
1627039058658000,0,18.75000000,8.5749
1627039058687000,0,202.72928659,8.5749
1627040367872000,0,7.28729147,8.5369
1627040367872000,0,3.76912848,8.5391
1627041857708000,0,7.35033553,8.4513
1627041857708000,0,7.72589232,8.4544
1627041857708000,0,7.29151801,8.4545
1627041857708000,0,155.42646528,8.4556
1627042307897000,1,16.94120703,8.3789
1627042307937000,1,83.31085297,8.3789
1627042307937000,1,116.62811114,8.3607
1627042307966000,1,92.03485765,8.3727
1627042613980000,1,7.23593843,8.2992
1627042613980000,1,7.58236778,8.2992
1627042613980000,1,7.33239070,8.2992
1627042613980000,1,7.59733181,8.2992
1627042613980000,1,10.85085128,8.2951
1627042614290000,1,18.75000000,8.3024
1627042614290000,1,7.24304877,8.2992
1627042614290000,1,149.35266184,8.2951
1627042719016000,1,7.37514690,8.3154
1627042719016000,1,22.76225415,8.3144
1627042839225000,1,29.98349708,8.3445
1627042959259000,1,29.90516474,8.3588
1627043079579000,0,29.88489533,8.3670
1627043083577000,0,7.69379136,8.3844
1627043083577000,0,7.23954148,8.3844
1627043083577000,0,7.17950706,8.3873
1627045197464000,0,5.00000000,8.3912
1627046341554000,0,5.00000000,8.3990
1627046458818000,0,7.47845491,8.4217
1627046458818000,0,7.64210478,8.4224
1627046458818000,0,1.29414350,8.4259
1627047403685000,0,70.47623499,8.5259
1627047403685000,0,70.48334632,8.5290
1627047403685000,0,117.47629550,8.5335
1627047403685000,0,122.43598855,8.5401
1627047403818000,0,14.74909146,8.5401
1627048251324000,1,7.37503197,8.4969
1627048928791000,0,4.96849348,8.5046
1627050410009000,0,7.44248655,8.5201
1627050410009000,0,7.30275900,8.5223
1627050410009000,0,191.56066125,8.5224
1627051932580000,1,6.76826077,8.4459
1627051998151000,1,32.00000000,8.4439
1627051998151000,1,7.22023495,8.4438
1627051998151000,1,177.49215104,8.4419
1627051998151000,1,167.09626480,8.4391
1627051998168000,1,383.80865079,8.4440
1627051998251000,1,34.23858827,8.4440
1627051998251000,1,51.35788240,8.4440
1627052424387000,0,52.34963453,8.4358
1627055373039000,0,11.30544685,8.3608
1627055511887000,0,7.78281442,8.3576
1627055511887000,0,6.78243300,8.3595
1627056030086000,0,18.75000000,8.3163
1627056030546000,0,1.25000000,8.3163
1627056302950000,0,7.66799096,8.2560
1627056302950000,0,7.07393043,8.2583
1627056340931000,0,18.75000000,8.2514
1627056424984000,1,7.35456345,8.2270
1627056425047000,0,18.75000000,8.2270
1627056431601000,0,7.49507108,8.2270
1627056444897000,1,3.00000000,8.2000
1627056444897000,1,7.70782346,8.1930
1627056444897000,1,7.74020539,8.1913
1627056444897000,1,7.64736076,8.1892
1627056444897000,1,7.51629653,8.1873
1627056444897000,1,146.02331386,8.1833
1627056568276000,1,171.18329288,8.1830
1627057586762000,1,183.78603982,8.1512
1627057586762000,1,22.51986698,8.1483
1627057851182000,1,184.12246349,8.1360
1627057851182000,1,168.11024547,8.1332
1627058013935000,1,88.05817724,8.1237
1627058725817000,0,7.49977191,8.1616
1627059017994000,1,18.75000000,8.1446
1627059018100000,1,28.20267684,8.1446
1627060119008000,0,7.50514614,8.1378
1627060119977000,0,7.37090972,8.1378
1627061212566000,0,36.12110000,8.1378
1627061212574000,0,0.00005795,8.1378
1627061643715000,0,7.44123054,8.1128
1627061751313000,0,7.69725835,8.1034
1627061915454000,0,7.35140600,8.1549
1627061915454000,0,7.35012410,8.1550
1627062814370000,0,6.20709391,8.1645
1627063487437000,1,7.48763775,8.1715
1627063487437000,1,7.54230492,8.1709
1627063487437000,1,44.54349287,8.1675
1627063487437000,1,7.25796284,8.1675
1627063487437000,1,74.57704174,8.1668
1627063892508000,0,5.00000000,8.1878
1627065011622000,0,5.00000000,8.2400
1627068446258000,0,238.23017987,8.2575
1627069080052000,0,7.54091459,8.2590
1627069080052000,0,7.75385172,8.2609
1627069080052000,0,41.19985846,8.2616
1627070190245000,0,17.52791168,8.2725
1627072492833000,0,40.37298170,8.3412
1627073260279000,0,466.73021580,8.3670
1627074161105000,0,200.84275198,8.3726
1627074376910000,0,18.75000000,8.3573
1627074377042000,0,32.08096204,8.3573
1627075100907000,0,7.52292014,8.3849
1627075100907000,0,7.74567585,8.3849
1627075100907000,0,7.28631783,8.3878
1627076290658000,0,142.79575217,8.4173
1627076290718000,1,142.79575217,8.4173
1627076290756000,1,260.00290524,8.4173
1627076712750000,1,50.39061295,8.4303
1627080527550000,1,6.00000000,8.5788
1627080535211000,0,7.49272716,8.5942
1627080535211000,0,7.42304381,8.5956
1627080535211000,0,496.04791406,8.5970
1627080535211000,0,70.63681309,8.5970
1627080578445000,0,116.26460428,8.6011
1627080604930000,0,174.31118031,8.6053
1627081012269000,0,29.51175305,8.7036
1627081391278000,0,4.96832176,8.6391
1627083519654000,1,7.40485308,8.6875
1627083519730000,0,18.75000000,8.6870
1627083519733000,0,7.79341036,8.6870
1627083520761000,0,18.75000000,8.6870
