timestamp ms,type,amount,price
1628035352801000,0,185.80288026,3.0200
1628035441104000,1,16.22260517,3.0000
1628035441104000,1,39.78081800,3.0000
1628035462342000,1,15.11032453,3.0000
1628035473760000,1,14.76216507,3.0000
1628035473760000,1,36.90541267,3.0000
1628035473760000,1,95.95407294,3.0000
1628035571874000,1,13.27740154,2.9900
1628035680052000,1,13.16290951,2.9900
1628035680052000,1,31.79799097,2.9900
1628035680052000,1,82.65721558,2.9900
1628035740885000,1,11.43001438,2.9900
1628035740885000,1,74.29509345,2.9900
1628035740885000,1,28.57503594,2.9900
1628035797007000,1,10.15381796,2.9800
1628035797007000,1,25.38454490,2.9800
1628035797007000,1,65.93807063,2.9800
1628035799588000,1,9.03852423,2.9800
1628037406979000,1,13.40684128,3.0000
1628038844077000,1,42.71705636,3.0100
1628038965679000,1,105.64837966,3.0000
1628038965679000,1,42.29954339,3.0000
1628039033744000,1,90.29979946,3.0000
1628039498802000,1,8.17318937,3.0100
1628039501598000,1,215.92323416,3.0100
1628039507538000,1,199.55179693,3.0100
1628039508752000,1,28.45150828,3.0100
1628039508752000,1,71.12877070,3.0100
1628039509738000,1,177.64436159,3.0100
1628039510740000,1,63.32309395,3.0100
1628039510740000,1,25.32923758,3.0100
1628039515338000,1,158.15219534,3.0100
1628039516741000,1,22.54555944,3.0100
1628039516741000,1,56.36389860,3.0100
1628039575875000,1,21.65994948,3.0100
1628039575875000,1,54.14987369,3.0100
1628040586945000,1,17.37076588,3.0200
1628040586945000,1,43.42691470,3.0200
1628040949624000,0,185.63934553,3.0300
1628040965146000,1,410.39227398,3.0300
1628040965146000,1,63.13727292,3.0300
1628040965146000,1,157.84318230,3.0300
1628041099769000,1,68.50941684,3.0200
1628041099769000,1,171.27525886,3.0200
1628041099769000,1,445.31120944,3.0200
1628041876494000,1,55.31317636,3.0100
1628042178140000,1,2.14910497,3.0100
1628042195595000,1,51.62699937,3.0100
1628042198140000,1,127.59961548,3.0100
1628042237836000,1,49.60845761,3.0100
1628043103968000,0,62.10983905,3.0000
1628044865059000,1,81.88186390,3.0000
1628044880373000,1,80.96293191,3.0000
1628045326645000,1,79.38819905,2.9900
1628045327737000,1,198.50098822,2.9900
1628045402857000,1,76.28429657,2.9900
1628045419820000,1,75.42209753,2.9900
1628045439096000,1,74.57300933,2.9900
1628045479981000,1,73.72360859,2.9900
1628045484297000,1,72.89210708,2.9900
1628045499435000,1,72.06627344,2.9900
1628045499435000,1,180.16568359,2.9900
1628047176134000,1,66.68407524,2.9800
1628049992854000,1,75.41061219,2.9600
1628049992854000,1,30.16424487,2.9600
1628050254107000,1,15.54385969,2.9600
1628051463225000,1,22.91491332,2.9500
1628051463225000,1,141.97245264,2.9500
1628057200148000,0,148.10393467,2.9600
1628057200148000,0,412.01818390,2.9600
1628057392932000,1,132.84310496,2.9600
1628057471506000,1,34.25730549,2.9600
1628059486815000,1,17.29456691,2.9700
1628060116958000,0,144.01687822,2.9600
1628060954319000,0,35.16525157,2.9500
1628061625538000,1,13.79854320,2.9300
1628061625538000,1,34.49635801,2.9300
1628061625538000,1,89.69053083,2.9300
1628063563068000,0,134.08757698,2.9300
1628065775043000,0,199.90205690,2.9300
1628065838265000,0,95.80795973,2.9300
1628067143281000,0,48.82374092,2.9300
1628067143281000,0,468.24475652,2.9300
1628067144783000,0,133.50322726,2.9300
1628067720537000,1,0.61582323,2.9300
1628068767805000,1,81.19646427,2.9300
1628068770732000,1,201.35637876,2.9300
1628068822735000,1,195.67574718,2.9300
1628070003074000,1,74.10744858,2.9400
1628070003074000,1,185.26877909,2.9400
1628070023132000,1,462.58298496,2.9400
1628070226277000,1,68.49708179,2.9400
1628070286077000,1,67.73551019,2.9400
1628072169068000,1,358.91671672,2.9300
1628072974731000,0,335.34018762,2.9400
1628073416968000,1,88.85020623,2.9500
1628073450932000,1,219.61038304,2.9500
1628073788508000,1,211.01018036,2.9500
1628073950732000,1,82.05214316,2.9500
1628075362521000,1,78.31505903,2.9700
1628076183052000,1,77.43264836,2.9700
1628077398954000,1,76.27275353,2.9800
1628078540140000,1,73.30452591,2.9900
1628078717098000,1,72.43641649,2.9900
1628079955547000,1,68.16637322,3.0100
1628082378765000,1,68.56111541,3.0400
1628083625872000,1,64.42651800,3.0700
1628083658665000,1,0.02366013,3.0600
1628084717275000,1,90.99944241,3.0700
1628084819721000,1,88.97617200,3.0700
1628085874883000,1,84.81208536,3.0700
1628087371276000,1,70.34841827,3.0800
1628087395548000,1,69.54304340,3.0800
1628088830933000,1,65.51781468,3.0900
1628088836748000,1,68.99349786,3.0900
1628088861486000,1,33.49128118,3.0900
1628089860311000,1,61.94657630,3.1100
1628090317518000,1,89.06771497,3.1000
1628090342238000,1,77.78678775,3.1000
1628091153736000,1,66.52621481,3.1100
1628091181029000,1,75.00552934,3.1100
1628091625504000,1,70.29456664,3.1100
1628093158337000,1,65.97343579,3.1000
1628093364980000,0,186.63427000,3.1100
1628093364980000,0,115.77550071,3.1100
1628093364980000,0,17.47615804,3.1200
1628094096970000,1,66.11424330,3.1200
1628094096970000,1,165.07840265,3.1200
1628094436764000,1,66.38978458,3.1200
1628094445804000,1,65.64145955,3.1200
1628094466218000,1,64.88273180,3.1200
1628094470017000,1,63.44109315,3.1200
1628095839722000,1,65.28634600,3.1300
1628095853033000,1,64.35679015,3.1300
1628096294964000,1,74.13695744,3.1400
1628096303331000,1,73.30332303,3.1400
1628096382032000,1,72.47551725,3.1400
1628096497157000,1,179.02663478,3.1300
1628096497157000,1,71.66229210,3.1300
1628110960399000,1,60.06646585,3.1200
1628111492733000,1,59.41440014,3.1200
1628111719585000,1,58.74254871,3.1200
1628117590656000,0,200.41728237,3.1000
1628117906060000,0,195.97613735,3.1000
1628117906060000,0,488.39911601,3.1000
1628117935306000,0,176.50327071,3.1000
1628118193894000,0,172.51984553,3.0900
1628118752705000,0,171.36338335,3.1100
1628118752705000,0,427.49826918,3.1100
1628118813604000,0,157.94658089,3.1100
1628118813604000,0,393.67241591,3.1100
1628118825385000,0,133.11228434,3.1100
1628118825385000,0,332.78071085,3.1100
1628119082475000,0,337.58408593,3.1100
1628119096399000,0,318.58169261,3.1100
1628122202825000,0,127.11691460,3.1400
1628123110318000,0,98.46599783,3.1200
1628126695154000,0,112.88590660,3.0800
1628126710643000,0,110.34316358,3.0800
1628126722583000,0,263.47181008,3.0800
1628126724175000,0,99.45013481,3.0800
1628126728808000,0,243.02543127,3.0800
1628127062701000,0,75.77865658,3.0800
1628127077181000,0,74.38700272,3.0800
1628127223009000,0,74.21481722,3.0800
1628127272201000,0,72.51093376,3.0800
1628127367350000,0,69.23253329,3.0800
1628127551104000,0,66.14506630,3.0800
1628127859363000,0,63.13019835,3.0800
1628128259313000,0,54.31082817,3.0800
1628128548858000,0,40.72562003,3.1000
1628128548858000,0,101.81405008,3.1000
1628129258923000,1,34.76526993,3.1400
1628130547133000,0,8.17592536,3.1200
1628131237906000,0,7.78347127,3.1100
1628135209040000,1,74.26621451,3.1300
1628135209040000,1,185.65373125,3.1300
1628143346870000,1,66.93709871,3.1400
1628145995525000,0,95.64414868,3.1000
1628148311561000,0,166.96113253,3.1000
1628148312349000,0,66.78301892,3.1000
1628150538425000,0,49.89261816,3.1200
1628150560707000,0,48.76922850,3.1200
1628150562177000,0,121.94403392,3.1200
1628154003827000,1,54.83519657,3.0900
1628154262153000,1,49.29094531,3.1000
1628154262153000,1,18.83166005,3.0900
1628155866588000,0,55.09207261,3.0800
1628156572659000,0,65.65032862,3.0600
1628156572659000,0,164.26769782,3.0600
1628156650400000,0,44.47659699,3.0600
1628157106956000,0,36.86538921,3.0500
1628157326277000,0,35.50452973,3.0500
1628157778147000,0,33.13653111,3.0600
1628158424079000,1,30.13494902,3.0700
1628159785540000,1,69.62202329,3.0400
1628160433287000,1,94.12498711,3.0500
1628160762945000,1,93.03464187,3.0500
1628160762945000,1,232.60224343,3.0500
1628161253315000,1,88.37672161,3.0500
1628161261293000,1,87.37738492,3.0500
1628161266336000,1,86.41798213,3.0500
1628161603417000,0,61.27172467,3.0500
1628161603417000,0,153.17931167,3.0500
1628161957890000,1,101.79660209,3.0800
1628162018735000,1,100.64975347,3.0800
1628163819453000,1,76.85159364,3.0600
1628165813296000,1,76.00379692,3.0500
1628165858140000,1,75.39630650,3.0500
1628167501149000,1,77.80190443,3.0100
1628167510801000,1,78.01666666,3.0000
1628167510801000,1,193.75444000,3.0000
1628167521604000,0,190.54863000,3.0000
1628167664547000,1,194.40245000,2.9900
1628168064354000,0,88.83121538,3.0100
1628168218542000,1,67.61123253,3.0100
1628168261942000,1,69.55008826,3.0300
1628168422465000,1,73.02058060,3.0400
1628168774206000,1,53.00937245,3.0500
1628168952585000,0,105.13049355,3.0400
1628170951702000,1,71.67013570,3.0400
1628170951702000,1,179.18060931,3.0400
1628172571888000,1,64.91708517,3.1300
1628174890001000,0,108.25084825,3.1600
1628177077258000,1,185.39486411,3.1800
1628177077258000,1,74.15794564,3.1800
1628177077258000,1,482.01980121,3.1800
1628177296732000,1,65.85652726,3.1800
1628177306563000,1,65.10906661,3.1800
1628177307337000,1,162.70919434,3.1800
1628177307337000,1,423.04390527,3.1800
1628177309135000,1,57.75173484,3.1800
1628177309135000,1,144.37933710,3.1800
1628177309135000,1,375.38627647,3.1800
1628177311154000,1,51.25039344,3.1800
1628177393118000,1,50.12974399,3.1800
1628178098565000,1,68.24217182,3.1900
1628178100631000,1,170.60301374,3.1900
1628178105554000,1,65.57741341,3.1900
1628178375296000,1,65.88489123,3.1800
1628178381932000,1,65.12255784,3.1800
1628178381932000,1,162.80639460,3.1800
1628178382993000,1,423.27856979,3.1800
1628178395602000,1,55.21135308,3.1800
1628178495525000,1,57.17087255,3.1800
1628178529592000,1,52.82112642,3.1700
1628178532180000,1,52.82697567,3.1700
1628178775963000,1,51.60506490,3.1500
1628178825652000,1,123.22334141,3.1400
1628178825652000,1,49.28933657,3.1400
1628178865856000,1,119.37160123,3.1500
1628178865856000,1,47.74864049,3.1500
1628179632037000,1,56.91852204,3.1700
1628179632037000,1,142.29630509,3.1700
1628185253342000,1,59.33352431,3.1900
1628185647202000,1,49.26773844,3.1800
1628186749801000,0,266.85217104,3.1800
1628188068944000,1,56.80527324,3.1800
1628188373552000,1,59.17584905,3.1800
1628188559359000,1,58.50788352,3.1800
1628188559359000,1,146.24676063,3.1800
1628188562736000,1,56.20327793,3.1800
1628188569737000,1,55.56216383,3.1800
1628188658975000,1,54.94536238,3.1800
1628188692735000,1,54.32132539,3.1800
1628191749225000,1,62.40748771,3.1900
1628191749225000,1,155.99867631,3.1900
1628191749225000,1,405.04609010,3.1900
1628191749225000,1,112.40536846,3.1900
1628191749225000,1,30.00000000,3.1800
1628191749225000,1,302.00000000,3.1800
1628191749225000,1,152.00000000,3.1800
1628191749225000,1,337.22499566,3.1800
1628191749225000,1,682.28895330,3.1800
1628191897212000,0,30.00000000,3.1900
1628191905411000,1,30.00000000,3.1900
1628192096555000,0,30.00000000,3.1800
1628192100553000,0,30.00000000,3.1800
1628194179893000,1,65.07948651,3.1700
1628194214554000,1,30.00000000,3.1700
1628195796021000,0,30.00000000,3.1800
1628197260040000,0,267.08226134,3.1800
1628201086316000,0,147.69687500,3.2000
1628206760266000,0,30.00000000,3.2100
1628206845198000,0,263.74467975,3.2200
1628206883851000,0,263.76573505,3.2200
