timestamp ms,type,amount,price
1628467380877000,0,244.94105653,3.4600
1628468726584000,0,656.00000000,3.4300
1628470077331000,0,608.71155063,3.3700
1628471304866000,0,109.33600000,3.3500
1628488988704000,0,104.33893083,3.4600
1628488988704000,0,145.66106917,3.4600
1628489288707000,0,247.73099210,3.4300
1628495032531000,1,13.74342161,3.4600
1628496320422000,0,13.74342161,3.5000
1628497740303000,0,896.00000000,3.5500
1628498381506000,0,237.61611138,3.5700
1628498381714000,0,0.00095814,3.5700
1628498381714000,0,104.03917220,3.5700
1628498381943000,0,238.00710664,3.5700
1628498382241000,0,238.39573223,3.5700
1628499266544000,0,10.00824904,3.6100
1628500713944000,1,13.14194056,3.6600
1628501658926000,1,5.61994601,3.6100
1628501658926000,1,0.38005399,3.6100
1628502757137000,1,32.20647333,3.6600
1628502757137000,1,12.88258933,3.6600
1628502947916000,1,12.27104526,3.6500
1628503216340000,1,8.88193919,3.6600
1628503474341000,1,11.14339172,3.6800
1628503514581000,1,10.89667980,3.6800
1628503713601000,1,9.66076591,3.6600
1628503717865000,1,9.55191730,3.6600
1628505494162000,1,17.13854865,3.6400
1628505641582000,1,16.91380658,3.6500
1628505745738000,1,16.36092563,3.6700
1628505750543000,1,16.17461211,3.6700
1628505750543000,1,40.43653028,3.6700
1628506049045000,0,33.08554225,3.6500
1628506049132000,1,116.91445775,3.6500
1628506286187000,1,6.00000000,3.6500
1628506329529000,1,11.23050084,3.6500
1628506360472000,1,11.10873969,3.6500
1628506457513000,1,10.95327892,3.6600
1628506658162000,1,10.82383734,3.6600
1628506658162000,1,27.05959336,3.6600
1628506658162000,1,70.36480278,3.6600
1628506725344000,1,6.32606649,3.6600
1628506725344000,1,15.81516621,3.6600
1628506725344000,1,41.11943215,3.6600
1628506781529000,1,6.24277778,3.6600
1628506781529000,1,16.22535042,3.6600
1628510572141000,1,14.88550804,3.6500
1628510619483000,1,9.62707071,3.6500
1628510619483000,1,25.03038385,3.6500
1628515737122000,0,13.14194056,3.6500
1628518506496000,1,28.50580237,3.6500
1628519182974000,1,25.97103474,3.6600
1628519927541000,1,13.21217603,3.6300
1628520104984000,1,24.58223074,3.6300
1628520104984000,1,61.48355350,3.6300
1628520114058000,1,23.62711169,3.6300
1628522333829000,1,24.05163089,3.6700
1628522442062000,1,21.16373103,3.6600
1628522442062000,1,52.92433441,3.6600
1628522610769000,0,45.69499763,3.6900
1628522612004000,0,254.30500237,3.6900
1628523035336000,1,18.43293572,3.7100
1628523109868000,1,18.27451020,3.7000
1628523311946000,1,16.39662634,3.7000
1628523561507000,1,15.92685178,3.6900
1628523597230000,1,15.57655688,3.6900
1628523674843000,1,14.71516007,3.6900
1628523682710000,1,14.55209198,3.6900
1628523685736000,1,35.96330815,3.6900
1628523689374000,1,13.97708362,3.6900
1628523822570000,1,13.82519974,3.6900
1628523910975000,1,29.00000000,3.6800
1628523910975000,1,13.67000812,3.6800
1628523915256000,1,13.54585654,3.6800
1628523915256000,1,33.86510084,3.6800
1628524807533000,1,10.63465818,3.7000
1628524855081000,1,10.51546010,3.7000
1628524855081000,1,26.28865025,3.7000
1628524859735000,1,10.09929760,3.7000
1628524874141000,1,9.98867710,3.7000
1628524874141000,1,24.97197111,3.7000
1628524933764000,1,9.48874315,3.7000
1628524945728000,1,24.03313111,3.6900
1628524945728000,1,9.48874315,3.6900
1628524974333000,1,8.92954326,3.6900
1628525005918000,1,29.00000000,3.6800
1628525005918000,1,22.57703932,3.6800
1628525005918000,1,8.92954326,3.6800
1628525079823000,1,7.62945939,3.6900
1628525131940000,1,7.37405486,3.6900
1628525158427000,1,7.29116317,3.6900
1628525165148000,1,6.02268944,3.6900
1628525166159000,1,15.05572593,3.6900
1628525179282000,1,14.66092459,3.6900
1628525184339000,1,12.51407378,3.6900
1628525246557000,1,13.03191868,3.6900
1628525247065000,1,33.87727502,3.6900
1628525249351000,1,11.70918360,3.6900
1628525249351000,1,30.44387736,3.6900
1628525330610000,1,10.49448908,3.7000
1628525406816000,1,10.21956265,3.6900
1628525469230000,1,6.33348535,3.6800
1628525469230000,1,16.46706190,3.6800
1628525480529000,1,13.92567542,3.6700
1628525485503000,1,10.86690412,3.6700
1628525490960000,1,10.07514345,3.6700
1628525503858000,1,10.37940232,3.6600
1628525802801000,0,13.21217603,3.6700
1628525827092000,1,8.89760935,3.6700
1628527850401000,1,6.61514180,3.6600
1628527984048000,1,6.24832880,3.6600
1628528716064000,1,17.78160319,3.6500
1628528982385000,1,20.23414330,3.6400
1628540428801000,1,10.23453932,3.6400
1628541316905000,1,36.00000000,3.5700
1628541490915000,1,21.72289509,3.5900
1628542420866000,1,100.94879910,3.5700
1628542420866000,1,22.58637236,3.5700
1628542420866000,1,56.45082791,3.5700
1628542420866000,1,70.01400063,3.5700
1628546192672000,1,600.00000000,3.5700
1628550581338000,1,45.58864232,3.6200
1628550585739000,1,45.07141813,3.6200
1628550587331000,1,111.40295520,3.6200
1628551358083000,1,39.10928687,3.6300
1628551719395000,1,38.76726291,3.6200
1628551719395000,1,95.79859447,3.6200
1628552170602000,1,36.59415459,3.6000
1628552170602000,1,237.86200484,3.6000
1628552170602000,1,91.48538648,3.6000
1628552171929000,1,32.48419887,3.6000
1628552171929000,1,81.21049718,3.6000
1628552173233000,1,28.35972011,3.6000
1628552173233000,1,70.89930028,3.6000
1628552176215000,1,175.97385593,3.6000
1628552178333000,1,23.98123409,3.6000
1628552178333000,1,59.95308523,3.6000
1628552183365000,1,27.16463741,3.6000
1628552745742000,1,24.17326319,3.5900
1628552842256000,1,59.72809616,3.5900
1628552842256000,1,23.89123846,3.5900
1628552842256000,1,155.29398192,3.5900
1628552845665000,1,18.51222252,3.5900
1628552845665000,1,46.28055630,3.5900
1628553536591000,1,19.61610456,3.6000
1628553597734000,1,19.39912845,3.6000
1628553633162000,1,19.22385202,3.5900
1628553669122000,1,19.23547680,3.5800
1628553806332000,1,17.50824502,3.6000
1628553850436000,1,40.56476226,3.6000
1628553850436000,1,16.22590490,3.6000
1628553888594000,1,13.42504932,3.6000
1628553903026000,1,13.27377596,3.6000
1628553924451000,1,12.97608340,3.6000
1628553924451000,1,32.42625780,3.6000
1628554274186000,1,7.69182534,3.5800
1628554552342000,1,6.04131335,3.5600
1628565818965000,1,26.21878363,3.5900
1628568206315000,1,26.06896395,3.5700
1628570429938000,1,22.23355565,3.6000
1628573852097000,1,24.49518637,3.6200
1628573874294000,1,60.54855774,3.6200
1628576812000000,1,18.38049454,3.5900
1628576812000000,1,45.94199440,3.5900
1628576843131000,1,44.13313104,3.5900
1628576850154000,1,17.16056890,3.5900
1628576866341000,1,42.40967893,3.5900
1628578089698000,1,9.31084488,3.6100
1628579632068000,1,7.97815026,3.5900
1628579632068000,1,20.75833491,3.5900
1628579633592000,1,7.17793265,3.5900
1628579633592000,1,18.66262489,3.5900
1628579637243000,1,6.45071469,3.5900
1628579637243000,1,16.77185819,3.5900
1628579639145000,1,5.79786320,3.5900
1628582998017000,1,13.32075884,3.6400
1628585039728000,0,13.32075884,3.6700
1628585621559000,0,600.00000000,3.6800
1628594473354000,0,44.68837617,3.6600
1628595083127000,1,78.04134430,3.6800
1628595167919000,1,74.29037091,3.6700
1628595175336000,1,67.33929278,3.6700
1628595248874000,1,58.54716172,3.6700
1628595248874000,1,135.33872741,3.6700
1628595248874000,1,372.69545509,3.6700
1628595252432000,1,36.07762088,3.6700
1628595252432000,1,90.19405219,3.6700
1628595252432000,1,234.50453571,3.6700
1628595257338000,1,29.42521432,3.6700
1628595257338000,1,73.56303580,3.6700
1628595257338000,1,191.26389309,3.6700
1628595260352000,1,23.05020724,3.6700
1628595275467000,1,107.65745124,3.6700
1628595275467000,1,27.94329959,3.6700
1628595275467000,1,69.85824898,3.6700
1628595298971000,1,22.99039660,3.6700
1628595298971000,1,57.47599150,3.6700
1628595298971000,1,149.43757789,3.6700
1628595300518000,1,44.54188017,3.6700
1628595300518000,1,17.81675207,3.6700
1628595300518000,1,115.80888845,3.6700
1628595304554000,1,44.54188017,3.6700
1628595304554000,1,115.80888845,3.6700
1628595306534000,1,13.43017329,3.6700
1628595307338000,1,12.12779369,3.6700
1628595313955000,1,72.33266919,3.6700
1628595313955000,1,27.81118722,3.6700
1628595314423000,1,9.76234154,3.6700
1628595314423000,1,24.40585385,3.6700
1628595314423000,1,63.46656289,3.6700
1628595322333000,1,7.29906993,3.6700
1628595443035000,1,9.89528499,3.6600
1628595443035000,1,25.72774097,3.6600
1628595863079000,1,8.70161290,3.6500
1628597924560000,0,228.25776679,3.7000
1628602499537000,1,47.14522543,3.7500
1628602584940000,1,34.37701708,3.7500
1628602612935000,1,30.98295136,3.7500
1628602622377000,1,74.81319947,3.7500
1628602622377000,1,29.92147347,3.7500
1628602628905000,1,28.59259421,3.7500
1628602628905000,1,71.48687470,3.7500
1628602634632000,1,25.59596632,3.7500
1628602637138000,1,22.43022251,3.7500
1628602960143000,1,97.26417046,3.7000
1628602960143000,1,291.76913236,3.6900
1628602960143000,1,29.00000000,3.6900
1628602960143000,1,292.42975558,3.6800
1628602960143000,1,142.00000000,3.6800
1628602960143000,1,295.00000000,3.6700
1628602960143000,1,972.56377453,3.6700
1628602960143000,1,57.00000000,3.6200
1628602960143000,1,29.00000000,3.6200
1628602960143000,1,29.00000000,3.6200
1628602960143000,1,640.13733008,3.6100
1628602994551000,1,29.00000000,3.7000
1628603055148000,0,29.00000000,3.7000
1628603059165000,0,29.00000000,3.7000
1628603062550000,0,29.00000000,3.7000
1628603065147000,0,29.00000000,3.7000
1628603066959000,0,29.00000000,3.7000
1628603067946000,0,29.00000000,3.7000
1628603069950000,0,29.00000000,3.7000
1628603075756000,0,29.00000000,3.7000
1628603364419000,0,29.00000000,3.6800
1628604745922000,0,250.00000000,3.7100
1628608069597000,1,11.06539509,3.6700
1628612506935000,1,3983.34229500,3.6300
1628613621527000,1,21.80569263,3.5900
1628613621527000,1,54.51423159,3.5900
1628613779131000,1,7.22156337,3.5800
1628613883285000,1,7.01776864,3.5800
1628613891384000,1,6.81859793,3.5800
1628613905379000,1,6.62891212,3.5800
1628614321445000,1,4049.11370746,3.5700
1628615651539000,0,79.95376889,3.6200
1628615651539000,0,28.00000000,3.6200
1628615651539000,0,233.80366371,3.6200
1628615651539000,0,162.41245000,3.6200
1628615651539000,0,584.82876727,3.6200
1628615651539000,0,1113.45864668,3.6300
1628615790622000,1,15.61429039,3.6300
1628615860431000,1,13.91969678,3.6300
1628615860431000,1,31.93762975,3.6300
1628615875107000,1,12.26142217,3.6300
1628616194386000,1,5.82097909,3.6200
1628616587537000,1,6.59180717,3.6300
1628616635347000,1,6.40954068,3.6300
1628622463046000,1,18.67332434,3.6800
1628622463046000,1,7.46932974,3.6800
1628622466975000,1,6.72257976,3.6800
1628622466975000,1,16.80644940,3.6800
1628622473826000,1,41.97101850,3.6800
1628622481657000,1,5.98502698,3.6800
1628622488851000,1,13.44740706,3.6800
1628622495050000,1,32.86685152,3.6800
1628625040934000,1,8.59850788,3.7000
1628625047540000,1,8.50162567,3.7000
1628625059621000,1,8.40354929,3.7000
1628625059621000,1,21.00708434,3.7000
1628625059621000,1,54.61509757,3.7000
1628625233109000,1,7.44643990,3.7000
1628625233109000,1,18.61609975,3.7000
1628625233109000,1,48.40185936,3.7000
1628625235934000,1,6.61964779,3.7000
1628625238934000,1,16.35996082,3.7000
1628625291139000,1,6.37498145,3.6900
1628625297005000,1,6.30546581,3.6900
