timestamp ms,type,amount,price
1623456088464000,0,34.41261076,3.3700
1623456217984000,0,32.84407821,3.3500
1623457041764000,0,36.03058255,3.3200
1623457361385000,0,46.07659762,3.3000
1623457401795000,0,45.02245962,3.3000
1623457401795000,0,112.55614905,3.3000
1623461369272000,1,500.00000000,3.2500
1623472397983000,1,67.51720479,3.1500
1623472567436000,1,66.76547701,3.1500
1623473803391000,0,275.73667891,3.1000
1623473831990000,0,274.90688998,3.1100
1623478908827000,1,200.00422577,3.1500
1623479528561000,1,100.00000000,3.1600
1623479988583000,0,11.36279979,3.1500
1623479988583000,0,28.40699946,3.1500
1623479991584000,0,73.84579728,3.1500
1623480893855000,1,111.82945499,3.1700
1623480893855000,1,64.48302199,3.1700
1623480893979000,0,24.52160374,3.1700
1623480895979000,0,8.36747775,3.1700
1623480896498000,0,9.82074906,3.1700
1623481001891000,0,9.40647001,3.1800
1623481008305000,0,23.00042549,3.1800
1623481018005000,0,8.47569080,3.1800
1623481682782000,1,63.40226473,3.2200
1623481682782000,1,158.50566183,3.2200
1623481682782000,1,412.11472075,3.2200
1623509832378000,0,257.61117653,3.3200
1623510674383000,1,62.98017235,3.3400
1623510851548000,1,62.63078252,3.3200
1623511156480000,1,62.28487754,3.3000
1623513738577000,1,61.93711715,3.3300
1623515875479000,1,69.79748645,3.3300
1623515879563000,1,69.06169619,3.3300
1623515888330000,1,68.28453226,3.3300
1623515892967000,1,67.51148056,3.3300
1623515914359000,1,66.75506718,3.3300
1623515917365000,1,65.99074070,3.3300
1623515988753000,1,65.45566254,3.3200
1623516064381000,1,161.72431493,3.3200
1623516064381000,1,64.68972597,3.3200
1623516101325000,1,62.14317451,3.3200
1623516105670000,1,61.45788903,3.3200
1623516368767000,1,63.02654257,3.3100
1623516373368000,1,62.32194436,3.3100
1623516822687000,1,64.18212700,3.3200
1623516823569000,1,156.45576414,3.3200
1623517016761000,1,61.96951236,3.3200
1623517020565000,1,61.27274369,3.3200
1623517023759000,1,60.57944480,3.3200
1623517031926000,1,59.89976299,3.3200
1623517091447000,1,59.22530169,3.3200
1623517107212000,1,58.52912284,3.3200
1623517960154000,1,150.32482250,3.3300
1623517960154000,1,390.77312697,3.3300
1623517962829000,1,54.03463430,3.3300
1623517962829000,1,135.08658575,3.3300
1623517977986000,1,129.76781022,3.3300
1623517982577000,1,50.44281730,3.3300
1623517982577000,1,126.10704325,3.3300
1623517993573000,1,48.45131773,3.3300
1623517994366000,1,121.12925670,3.3300
1623518006307000,1,116.30852613,3.3300
1623518011108000,1,45.23030490,3.3300
1623518011108000,1,113.07576225,3.3300
1623518016044000,1,43.45611903,3.3300
1623518016044000,1,108.62389708,3.3300
1623518061961000,1,41.86159645,3.3300
1623518341006000,1,39.88381516,3.3200
1623518342686000,1,99.98617185,3.3200
1623518422171000,1,37.56303591,3.3200
1623518435364000,1,37.13946788,3.3200
1623518632973000,1,46.47762153,3.3200
1623518661363000,1,45.96463017,3.3200
1623518915732000,1,45.14985483,3.3300
1623518976786000,1,44.87040056,3.3300
1623519570881000,1,31.80604677,3.3800
1623519639467000,1,32.01458330,3.3700
1623520152773000,1,42.83265438,3.3600
1623520157162000,1,42.35415310,3.3600
1623520201652000,1,41.87762054,3.3600
1623520546569000,1,35.00053977,3.3500
1623520548966000,1,85.53447459,3.3500
1623520558177000,1,33.25296622,3.3500
1623520817826000,0,40.59893366,3.3500
1623520830431000,0,554.81397791,3.3500
1623520845717000,0,499.23584219,3.3500
1623521106230000,1,47.87812865,3.3500
1623521106230000,1,113.89687752,3.3500
1623521252569000,1,43.65354379,3.3500
1623521270785000,1,107.88358905,3.3500
1623521531136000,1,40.59122339,3.3700
1623521540963000,1,40.41322279,3.3700
1623521846693000,1,39.26157913,3.3600
1623522123984000,1,39.17998025,3.3600
1623523103175000,1,68.68956099,3.3600
1623523107429000,1,67.91558327,3.3600
1623523193096000,1,66.94607257,3.3700
1623526982322000,1,66.77274805,3.3400
1623527289567000,1,66.03849328,3.3400
1623527339770000,1,65.29700942,3.3400
1623527547894000,1,64.55766626,3.3400
1623527547894000,1,161.27162194,3.3400
1623527547894000,1,419.45827231,3.3400
1623527549714000,1,57.26380638,3.3400
1623527549714000,1,143.15951595,3.3400
1623527575957000,1,74.73586326,3.3400
1623528540580000,1,61.88955435,3.3700
1623528900341000,1,61.38255204,3.3600
1623528980769000,0,42.22484926,3.3600
1623528980769000,0,243.56979359,3.3600
1623529326126000,1,63.19437256,3.3600
1623529348792000,1,62.48234533,3.3600
1623529617984000,1,61.75210680,3.3600
1623529617984000,1,154.36213442,3.3600
1623530020369000,1,61.64565652,3.3600
1623530193178000,1,152.76814236,3.3400
1623530193178000,1,61.14886264,3.3400
1623530366742000,1,59.57391908,3.3200
1623530435217000,1,59.02451945,3.3300
1623530486388000,1,58.90158128,3.3300
1623530530767000,1,58.06318301,3.3400
1623530572195000,1,58.06318301,3.3300
1623530634733000,1,57.21148458,3.3300
1623530639164000,1,56.60046449,3.3300
1623530770391000,1,58.92992658,3.3800
1623530777596000,1,55.72373249,3.3800
1623531001391000,0,253.23101530,3.3800
1623531001391000,0,633.07753824,3.3800
1623531481731000,1,66.05843001,3.3800
1623531516428000,1,65.31424161,3.3800
1623531941258000,0,234.20428824,3.4000
1623532145216000,1,63.10494454,3.4300
1623532355478000,1,61.56498087,3.4400
1623532396068000,1,60.66753998,3.4300
1623532444324000,1,65.47469248,3.4400
1623532444324000,1,163.68673119,3.4400
1623532461166000,1,62.91822066,3.4400
1623532464565000,1,62.19564114,3.4400
1623532482771000,1,61.51047763,3.4400
1623532672767000,1,60.99427754,3.4300
1623536208688000,1,63.71365786,3.3700
1623536365180000,1,63.16337955,3.3600
1623536399831000,1,61.19035012,3.3600
1623536644910000,0,198.08616373,3.3300
1623538165734000,1,61.34365354,3.3300
1623538347753000,1,63.36891840,3.3400
1623538856312000,1,156.13676459,3.3500
1623538856312000,1,62.45470584,3.3500
1623542760965000,0,213.93238667,3.2700
1623544190578000,0,204.85468277,3.2400
1623546023390000,1,63.55862617,3.3000
1623546023390000,1,158.89656542,3.3000
1623547599383000,1,64.19293892,3.3100
1623547748168000,1,156.82788318,3.3200
1623547748168000,1,62.73115327,3.3200
1623550311711000,1,72.02110141,3.3200
1623550690342000,1,71.24067735,3.3200
1623550700458000,1,69.63276294,3.3200
1623550707863000,1,172.10314973,3.3200
1623552377459000,1,67.13996510,3.3100
1623552699063000,1,66.61509181,3.3000
1623554727808000,0,264.49772552,3.2300
1623555458806000,1,423.62457943,3.2400
1623555477179000,0,263.86027599,3.2400
1623557186971000,1,66.59037650,3.2300
1623560651759000,1,66.04438278,3.2200
1623561017374000,1,65.49153631,3.2100
1623580042168000,1,63.63230102,3.2900
1623580237782000,1,62.90220563,3.2900
1623580237782000,1,157.25551406,3.2900
1623581330351000,1,63.16337481,3.3000
1623581609381000,1,62.46251127,3.3000
1623581658937000,1,61.74394172,3.3000
1623581658937000,1,154.36222738,3.3000
1623581892378000,1,68.94106562,3.3200
1623582086454000,1,172.80900200,3.3100
1623582086454000,1,68.94106562,3.3100
1623582093662000,1,157.23068611,3.3100
1623583899724000,1,64.43122646,3.2800
1623583950805000,1,63.72356359,3.2800
1623585120815000,1,63.21321124,3.2700
1623585120815000,1,158.03302810,3.2700
1623585183814000,0,201.07293317,3.2700
1623585705382000,1,62.80501194,3.2800
1623585767476000,0,260.45666165,3.2900
1623586910698000,1,97.12497838,3.2800
1623587199202000,1,96.92136693,3.2600
1623593728920000,1,17.09062499,3.2000
1623597888462000,1,84.10562498,3.1800
1623601125044000,0,192.76067862,3.2800
1623601439360000,1,68.46459543,3.2800
1623601450468000,1,67.69575092,3.2800
1623601455767000,1,66.15495968,3.2800
1623601455767000,1,165.38739921,3.2800
1623601481219000,1,165.38739921,3.2700
1623601481219000,1,64.31779411,3.2700
1623601515373000,1,74.33826692,3.2800
1623601515373000,1,185.84566731,3.2800
1623601525994000,1,71.42529139,3.2800
1623601543805000,1,70.60696096,3.2800
1623601566059000,1,69.82561006,3.2800
1623601579786000,1,69.02596414,3.2800
1623601584171000,1,68.26134630,3.2800
1623601684634000,1,67.48063887,3.2800
1623602050328000,1,72.25875315,3.2900
1623602142370000,1,71.45003114,3.2900
1623602146371000,1,70.64658810,3.2900
1623602258725000,1,69.84306325,3.2900
1623603149608000,1,69.02552707,3.3000
1623603154376000,1,68.24574512,3.3000
1623603432868000,1,67.05514934,3.3200
1623604130169000,1,66.31941320,3.3200
1623605014574000,1,61.94707697,3.3300
1623605234028000,1,64.07335446,3.3300
1623605242138000,1,63.35911248,3.3300
1623605280322000,1,62.65041805,3.3300
1623606203971000,1,67.00446412,3.3400
1623606418444000,1,66.15294212,3.3300
1623606428049000,1,161.98045095,3.3300
1623606432396000,1,63.71171349,3.3300
1623606612416000,1,62.19454777,3.3400
1623606612416000,1,155.45474674,3.3400
1623606646966000,1,12.19496924,3.3400
1623606672450000,1,59.60250590,3.3400
1623606929477000,1,63.20228907,3.3500
1623606933163000,1,62.48735265,3.3500
1623606939558000,1,61.78849297,3.3500
1623606942599000,1,152.70655152,3.3500
1623607241180000,1,55.37235275,3.3600
1623607338181000,1,64.81575726,3.3600
1623607362520000,1,63.80892505,3.3600
1623607362520000,1,159.53681137,3.3600
1623607418701000,1,62.66206643,3.3600
1623607424767000,1,62.01211291,3.3600
1623607428361000,1,61.31525006,3.3600
1623607683700000,1,63.49487076,3.3600
1623607709366000,1,62.78813305,3.3600
1623607716767000,1,62.08206567,3.3600
1623608126734000,1,61.23809081,3.3700
1623608146361000,1,60.54036779,3.3700
1623608509164000,1,62.67987877,3.3700
1623608680213000,1,61.80612025,3.3700
1623608689742000,1,61.11024045,3.3700
1623608689742000,1,152.72290897,3.3700
1623609437153000,1,66.34066652,3.3700
1623610452541000,1,62.64753607,3.3900
1623610564483000,1,61.24598242,3.3900
1623611513891000,1,68.41378036,3.4000
1623611518762000,1,67.64195186,3.4000
1623611681989000,1,171.05652267,3.3900
1623611681989000,1,66.89038278,3.3900
1623611796116000,1,61.74482234,3.3900
1623611796116000,1,154.35739694,3.3900
1623611807711000,1,59.30717919,3.3900
1623611908573000,1,61.43965051,3.3900
1623611911637000,1,60.75342529,3.3900
1623611967941000,0,42.35847721,3.3800
1623613009427000,0,252.32179298,3.4000
1623613301345000,1,53.15951050,3.4000
1623613351983000,1,49.28737482,3.4000
1623613507355000,0,7.31617647,3.4000
1623613758637000,1,60.07719523,3.4000
1623613758637000,1,150.18961420,3.4000
1623613783584000,1,7.34269574,3.4000
1623613784997000,1,144.26686363,3.4000
1623615468564000,1,400.00000000,3.5000
1623615474050000,1,102.68091833,3.4500
1623615474050000,1,165.98777000,3.4500
1623615474050000,1,62.78345190,3.4500
1623615474050000,1,71.40215977,3.4500
1623616667891000,0,29.30487922,3.5000
