timestamp ms,type,amount,price
1623981509557000,1,62.64019998,3.5000
1623981509557000,1,156.60049994,3.5000
1623981510359000,1,407.08292424,3.5000
1623981511687000,1,55.58288136,3.5000
1623981511687000,1,138.95720341,3.5000
1623981839174000,1,51.59154417,3.4800
1623981844027000,1,127.51443363,3.4800
1623981844027000,1,51.00577345,3.4800
1623982051580000,1,50.00000000,3.4700
1623985973571000,0,190.15539881,3.5300
1623999772167000,1,101.28258737,3.5500
1623999772167000,1,40.51303495,3.5500
1624001312818000,0,28.01966292,3.5600
1624002344967000,0,239.93801652,3.5700
1624003591354000,1,28.20335015,3.5600
1624005506362000,1,51.33353825,3.5800
1624005506362000,1,20.53341530,3.5800
1624006331276000,1,11.63545438,3.5900
1624006334583000,1,28.75233362,3.5900
1624006334583000,1,74.75606741,3.5900
1624006336977000,1,10.33767397,3.5900
1624006340969000,1,25.55252081,3.5900
1624006746098000,1,31.63146915,3.5800
1624006746098000,1,12.65258766,3.5800
1624006746098000,1,82.24181980,3.5800
1624007033563000,1,10.66947336,3.5800
1624007039357000,1,10.42998584,3.5800
1624007108366000,1,10.30856437,3.5800
1624007108366000,1,67.00566842,3.5800
1624007108366000,1,25.77141093,3.5800
1624007122177000,1,7.98878592,3.5800
1624007127566000,1,22.42372831,3.5800
1624010425812000,0,241.68032634,3.5400
1624010425812000,0,604.20081584,3.5400
1624012374110000,0,100.44506917,3.5900
1624012374110000,0,7.77220102,3.5900
1624016550762000,1,56.31530461,3.5700
1624016571673000,1,55.69573487,3.5700
1624017088467000,1,36.45571824,3.5800
1624017099769000,1,36.05253683,3.5800
1624017117563000,1,35.23783888,3.5800
1624017124371000,1,34.44373597,3.5800
1624017136497000,1,86.13143787,3.5800
1624017137063000,1,34.44532310,3.5800
1624017137063000,1,86.11330774,3.5800
1624017139290000,1,208.68330887,3.5800
1624017140755000,1,29.75913994,3.5800
1624017140755000,1,74.40347973,3.5800
1624017151989000,1,28.59693772,3.5800
1624017153081000,1,71.50126505,3.5800
1624017978531000,1,45.43611480,3.5700
1624017981580000,1,17.66430316,3.5700
1624018147712000,1,15.48784696,3.5700
1624018205932000,1,36.35191831,3.5700
1624018210969000,1,14.13522950,3.5700
1624018309151000,1,9.58221348,3.5600
1624018383374000,1,8.67053037,3.5600
1624018398095000,1,20.94937073,3.5600
1624018398095000,1,54.46836391,3.5600
1624018401833000,1,7.53222315,3.5600
1624018401833000,1,18.83055788,3.5600
1624018420035000,1,18.08195560,3.5600
1624018420035000,1,47.01308457,3.5600
1624018422576000,1,6.42043284,3.5600
1624018553963000,1,8.78417348,3.5500
1624018560145000,1,22.19235688,3.5500
1624018798178000,1,10.61149543,3.5400
1624019810485000,1,7.92643695,3.5200
1624019822089000,1,7.74962113,3.5200
1624019827959000,1,7.66003543,3.5200
1624019827959000,1,19.15008858,3.5200
1624019831753000,1,47.82091928,3.5200
1624019833758000,1,17.04536573,3.5200
1624019833758000,1,6.81814629,3.5200
1624019845560000,1,12.58724274,3.5200
1624019856157000,1,32.28373014,3.5200
1624019878695000,1,11.50859830,3.5200
1624019878695000,1,29.91975688,3.5200
1624019914762000,1,26.04629124,3.5200
1624019915298000,1,10.01780432,3.5200
1624019916755000,1,8.26948325,3.5200
1624019936360000,1,20.89398052,3.5200
1624020273071000,1,9.92908151,3.5000
1624020286563000,1,9.43470888,3.5000
1624020321534000,1,7.90179638,3.5000
1624020668437000,1,5.76366619,3.5200
1624020823313000,1,5.99815915,3.5200
1624021335291000,1,8.59756350,3.5400
1624021341911000,1,21.25492810,3.5400
1624021614366000,1,7.52507846,3.5500
1624021614366000,1,18.81103142,3.5500
1624022432207000,1,8.19208092,3.5200
1624023313766000,1,6.81996157,3.5200
1624023313766000,1,17.73190008,3.5200
1624023347576000,1,6.63336018,3.5100
1624023347576000,1,17.24673648,3.5100
1624023443464000,1,12.77763742,3.5100
1624023474339000,1,10.97530819,3.5100
1624023479831000,1,9.42954935,3.5100
1624025894271000,1,24.94502574,3.4500
1624025894271000,1,9.97801030,3.4500
1624025894271000,1,59.68333406,3.4500
1624025896589000,1,8.55582039,3.4500
1624025896589000,1,21.38955096,3.4500
1624025917305000,1,13.45115161,3.4500
1624025917827000,1,34.97299418,3.4500
1624025919770000,1,12.08771543,3.4500
1624025919770000,1,31.42806013,3.4500
1624025934361000,1,10.86668306,3.4500
1624026000917000,1,14.51624092,3.4500
1624026000917000,1,37.74222638,3.4500
1624026002760000,1,13.05103070,3.4500
1624026002760000,1,33.93267983,3.4500
1624026029198000,1,6.45789263,3.4500
1624026029198000,1,16.79052083,3.4500
1624026031573000,1,15.09105178,3.4500
1624026081781000,1,13.98735223,3.4500
1624026090155000,1,10.98831991,3.4500
1624026323556000,1,9.16676999,3.4600
1624026324061000,1,7.86777031,3.4600
1624026363909000,1,7.68272694,3.4600
1624026363909000,1,19.20392675,3.4600
1624026389361000,1,6.63423180,3.4600
1624026389361000,1,43.12250669,3.4600
1624026389361000,1,16.58557950,3.4600
1624026392549000,1,5.81086947,3.4600
1624026392549000,1,14.52717367,3.4600
1624026430315000,0,81.18020090,3.4600
1624026431049000,0,23.43212634,3.4600
1624026435474000,1,6.31656998,3.4600
1624026435474000,1,41.05770489,3.4600
1624026477170000,1,9.89831546,3.4600
1624026518861000,1,13.20778683,3.4600
1624026532371000,1,11.68803717,3.4600
1624026545136000,1,6.63747410,3.4600
1624026618236000,1,12.74899236,3.4600
1624027294800000,1,10.84455046,3.4500
1624027778115000,1,11.90909194,3.4500
1624028380205000,0,104.49923796,3.4500
1624028380494000,1,11.67324448,3.4400
1624028380494000,1,30.35043565,3.4400
1624028383755000,1,5.84808314,3.4400
1624028384282000,1,14.62020784,3.4400
1624028384282000,1,38.01254038,3.4400
1624028402117000,1,9.42184379,3.4400
1624028402117000,1,24.49679385,3.4400
1624028403784000,1,20.24022728,3.4400
1624028403784000,1,7.78470280,3.4400
1624028405358000,1,17.76569662,3.4400
1624028405358000,1,6.83296024,3.4400
1624028437010000,1,12.59865130,3.4500
1624028437010000,1,31.49662826,3.4500
1624028437010000,1,81.92054463,3.4500
1624028437558000,1,9.04261713,3.4500
1624028437558000,1,22.60654283,3.4500
1624028437558000,1,58.77888344,3.4500
1624028449497000,1,11.92387422,3.4400
1624028449497000,1,31.00207297,3.4400
1624028472498000,1,10.85198055,3.4300
1624028472498000,1,27.12995138,3.4300
1624028472498000,1,70.53787358,3.4300
1624035814812000,1,26.48162695,3.4200
1624040314391000,1,62.82572478,3.3600
1624040314391000,1,157.01034857,3.3600
1624040349854000,1,60.34367448,3.3600
1624040404127000,1,100.00000000,3.3500
1624040404127000,1,60.34367448,3.3500
1624040404127000,1,149.52058005,3.3500
1624040404127000,1,388.74577970,3.3500
1624040834896000,1,59.26625952,3.3400
1624041019003000,1,76.43737147,3.3100
1624041024867000,1,59.60616328,3.3100
1624041033571000,1,55.01073592,3.3100
1624041039574000,1,64.36637690,3.3100
1624042392802000,1,63.70955468,3.3100
1624042392802000,1,159.23538295,3.3100
1624042393307000,1,414.01199567,3.3100
1624042432077000,1,50.31904380,3.3000
1624042435373000,1,323.44077469,3.3000
1624042444755000,1,39.87474662,3.2900
1624042963476000,0,26.48162695,3.3300
1624047697993000,0,504.07605893,3.3400
1624047732494000,0,4328.38606254,3.3400
1624047732830000,0,1229.36396548,3.3400
1624048171530000,1,108.40676717,3.3400
1624052120170000,1,38.82604005,3.3400
1624053924372000,1,8.58572991,3.3400
1624057080681000,0,120.08404579,3.3500
1624071391811000,0,14.80654761,3.3600
1624092627584000,1,25.87357330,3.4000
1624096821456000,1,25.87357330,3.3600
1624132614836000,1,54.70459518,3.3100
1624132734949000,1,54.70459518,3.3200
