timestamp ms,type,amount,price
1624233851653000,0,106.08231881,3.3300
1624233994897000,0,103.66447620,3.3100
1624234737601000,0,100.55918969,3.2700
1624239192958000,1,50.85249955,3.2500
1624239693376000,1,73.94569904,3.2200
1624239693376000,1,184.82496039,3.2200
1624239868966000,1,173.11602387,3.2100
1624239868966000,1,168.18016413,3.2100
1624239878486000,1,260.68469500,3.2100
1624239884307000,1,62.62200804,3.2100
1624239884307000,1,11.76373514,3.2100
1624239897120000,1,144.79128496,3.2100
1624239897120000,1,407.04189262,3.2100
1624239901791000,1,55.61428322,3.2100
1624239908563000,1,54.99290945,3.2100
1624239913353000,1,54.37542144,3.2100
1624239958958000,1,53.76754272,3.2100
1624240083832000,1,51.18705952,3.2100
1624240083832000,1,127.96764879,3.2100
1624240364766000,1,48.81887167,3.2200
1624240372037000,1,48.26943782,3.2200
1624240806762000,1,47.30973417,3.2000
1624241025149000,0,204.83742292,3.2100
1624241417454000,0,152.29735677,3.2200
1624242007578000,1,48.17207222,3.2000
1624242007578000,1,120.42169364,3.2000
1624242007578000,1,313.07568858,3.2000
1624243931793000,1,43.12232385,3.1600
1624246282176000,1,48.97252257,3.1600
1624246282176000,1,122.45095683,3.1600
1624246394954000,1,110.61192509,3.1400
1624246394954000,1,287.59100522,3.1400
1624246395554000,1,44.24477003,3.1400
1624246395554000,1,110.61192509,3.1400
1624246395554000,1,287.59100522,3.1400
1624246396954000,1,34.77675471,3.1400
1624246396954000,1,86.94188677,3.1400
1624246400769000,1,217.12693394,3.1400
1624246402957000,1,30.95709535,3.1400
1624246402957000,1,77.39273837,3.1400
1624246421095000,1,30.95709535,3.1300
1624246421095000,1,77.39273837,3.1300
1624246430547000,1,28.60112998,3.1300
1624246439969000,1,28.30018049,3.1300
1624246455755000,1,28.29368083,3.1300
1624246455755000,1,69.12512670,3.1300
1624246455755000,1,179.72532941,3.1300
1624246482367000,1,23.13704764,3.1300
1624246487167000,1,22.87906844,3.1300
1624246490360000,1,56.53484861,3.1300
1624246495560000,1,54.94160605,3.1300
1624247087558000,1,24.79432099,3.1300
1624247087558000,1,61.98580247,3.1300
1624248630891000,0,25.79784006,3.0900
1624248847667000,1,23.82189089,3.0900
1624248880596000,0,206.07214259,3.0800
1624248880596000,0,696.57627302,3.0800
1624249055370000,0,279.39790661,3.0700
1624249503565000,0,123.52061104,3.0800
1624249581809000,0,279.76087797,3.0700
1624249858092000,0,267.19974866,3.0600
1624249858092000,0,665.75301639,3.0600
1624250048685000,1,58.08054134,3.0500
1624250111899000,0,1554.98544962,3.0600
1624250129324000,1,95.58840447,3.0600
1624250132157000,1,95.59893001,3.0600
1624250133361000,1,238.97417572,3.0600
1624250184753000,1,86.12554315,3.0500
1624250195988000,1,84.51316547,3.0500
1624250410193000,1,37.67957542,3.0300
1624250410193000,1,94.19893854,3.0300
1624250410193000,1,242.05396737,3.0300
1624250653108000,1,53.47350344,3.0400
1624250653108000,1,133.68375860,3.0400
1624250703273000,0,356.60729837,3.0500
1624250944016000,0,227.72926226,3.0500
1624251071163000,1,23.19443570,3.0500
1624251275780000,1,23.38606469,3.0600
1624252398375000,1,71.34471334,3.0600
1624252694975000,0,66.35212174,3.0600
1624253390323000,0,139.54056012,3.0700
1624253477776000,0,62.74930084,3.0800
1624253477791000,0,37.82173293,3.0800
1624253687775000,0,88.79123665,3.0800
1624253918532000,0,199.88914595,3.0900
1624253918532000,0,519.71177946,3.0900
1624253918532000,0,79.95565838,3.0900
1624254029758000,0,48.00972027,3.1000
1624254029758000,0,120.02299901,3.1000
1624255516740000,0,9.85768377,3.1400
1624255557247000,0,9.80697981,3.1400
1624255595769000,0,8.78495723,3.1500
1624256535880000,1,26.38005611,3.1400
1624256864403000,1,25.64596372,3.1000
1624257064590000,1,10.00000000,3.0000
1624257402060000,1,7.00000000,2.9400
1624257907845000,1,8.00000000,2.9100
1624261397325000,0,80.60017638,2.9200
1624261397325000,0,209.56045860,2.9200
1624262293025000,1,84.39418780,2.9400
1624262329927000,0,23.58783783,2.9600
1624262427562000,1,82.52631412,2.9400
1624263638293000,1,14.41618497,2.9700
1624263691201000,1,76.72464235,2.9800
1624264366283000,1,10.50149318,2.9500
1624266638146000,1,71.00703353,2.9200
1624266694469000,1,56.54516440,2.9100
1624267510870000,0,52.06988537,2.8800
1624267510870000,0,129.70408443,2.8800
1624267821483000,1,827.65862068,2.9000
1624268091030000,1,59.17000788,2.9400
1624268307002000,1,56.15016663,2.9300
1624268337289000,1,51.24521690,2.9300
1624268357172000,1,73.07751494,2.9300
1624268590606000,1,66.58678781,2.9400
1624269425368000,1,70.80977846,2.9400
1624269617200000,1,70.22993793,2.9300
1624269927579000,0,116.82089559,2.9100
1624270074860000,1,77.99634434,2.9100
1624270264688000,0,293.93142805,2.8900
1624270290881000,1,80.85261408,2.9000
1624270400987000,1,413.28999295,2.8900
1624270400987000,1,158.95768959,2.8900
1624270401476000,1,63.58307584,2.8900
1624270670057000,1,57.65706806,2.8800
1624270697304000,1,66.45098564,2.8800
1624270755853000,1,143.46338672,2.8700
1624270755853000,1,373.00480548,2.8700
1624270850216000,1,51.78830864,2.8800
1624271229214000,1,31.43161755,2.8500
1624271313580000,1,74.77705536,2.8500
1624271329007000,1,71.28983390,2.8500
1624271441802000,1,82.19754301,2.8400
1624271441802000,1,205.48687644,2.8400
1624271441802000,1,82.20103383,2.8400
1624271557668000,1,68.15300007,2.8200
1624271574460000,1,65.31771564,2.8100
1624271628959000,1,65.70784818,2.8100
1624271995373000,1,77.67241482,2.8400
1624272037739000,0,137.39559038,2.8300
1624272044176000,0,66.52382239,2.8300
1624272210777000,1,82.76027781,2.8300
1624272213376000,1,82.73329011,2.8300
1624272213376000,1,206.83322527,2.8300
1624272367121000,1,75.01868304,2.8400
1624272372567000,1,74.17987420,2.8400
1624272379969000,1,185.41204031,2.8400
1624272379969000,1,74.16481612,2.8400
1624272532361000,1,77.76315274,2.8200
1624272596075000,1,76.95273614,2.8100
1624272865189000,1,63.43572007,2.8000
1624272908432000,1,78.18816194,2.8000
1624273403238000,1,81.89080613,2.7900
1624273403238000,1,532.12637838,2.7900
1624273425861000,1,204.62199748,2.7800
1624273454990000,0,182.66819051,2.7700
1624273533623000,0,175.20157811,2.7600
1624273538710000,0,118.75041670,2.7600
1624273596281000,1,10.00000000,2.7500
1624273651572000,1,5266.16200735,2.7400
1624273658318000,1,13.19357951,2.7400
1624273659455000,1,13.19357951,2.7400
1624273660220000,1,1751.13331538,2.7400
1624274249626000,1,117.53481773,2.7500
1624274507870000,1,26.00000000,2.7300
1624274507870000,1,30.00000000,2.7300
1624274812445000,1,100.00000000,2.7000
1624275032270000,1,93.14820650,2.7000
1624275040791000,1,93.10673727,2.7000
1624275052954000,1,90.94161789,2.7000
1624275094363000,1,222.07741398,2.7200
1624275243983000,1,75.25221035,2.7500
1624275243983000,1,188.13052586,2.7500
1624275333184000,1,74.03350000,2.7600
1624275483086000,1,59.03787865,2.7800
1624275515966000,1,144.23894575,2.7800
1624275515966000,1,57.69557830,2.7800
1624275618892000,1,51.04918438,2.7800
1624275684793000,1,68.43791656,2.7800
1624275729957000,1,67.87549491,2.7800
1624275816781000,1,73.19360624,2.7800
1624275817368000,1,182.98401561,2.7800
1624275817368000,1,475.75844059,2.7800
1624275861797000,1,64.29983484,2.7800
1624275861797000,1,160.65080570,2.7800
1624276323836000,1,80.22192269,2.8200
1624276584579000,1,69.15099207,2.8200
1624276606046000,1,81.11489789,2.8200
1624276606046000,1,202.82875065,2.8200
1624276647980000,1,78.18906045,2.8300
1624276798764000,1,75.58319433,2.8300
1624277597604000,1,26.70360117,2.8100
1624277597604000,1,430.55942300,2.8100
1624277776186000,1,83.24883743,2.7900
1624277857366000,1,78.82818196,2.7800
1624278388374000,1,83.28993757,2.8000
1624278514763000,1,100.49468878,2.8100
1624278528562000,1,99.40973186,2.8100
1624278805583000,1,88.04994296,2.8100
1624278918360000,1,87.05232738,2.8100
1624278974636000,1,87.06787086,2.8000
1624279286929000,1,88.75018476,2.7800
1624279442096000,1,86.42746096,2.7900
1624279513575000,1,84.77524178,2.7800
1624279513575000,1,211.97503629,2.7800
1624279522359000,1,84.82955981,2.7800
1624279687959000,1,78.64191477,2.7600
1624279780370000,1,77.02621221,2.7600
1624280036189000,1,77.06084581,2.7400
1624280088338000,1,76.19801603,2.7400
1624280455894000,0,8.07608695,2.7600
1624280724606000,0,316.65753320,2.7000
1624280946769000,0,493.51454956,2.7100
1624281376563000,0,25.64596372,2.7100
1624281528198000,1,86.70848887,2.7500
1624281528198000,1,216.77122219,2.7500
1624281633983000,1,82.00136565,2.7600
1624281650886000,1,81.09763828,2.7600
1624281913877000,1,105.18802418,2.7600
1624281928518000,1,259.94462438,2.7600
1624281937162000,1,656.86706900,2.7600
1624281943969000,1,628.47235150,2.7600
1624281947355000,1,216.48829190,2.7600
1624281947355000,1,86.59531676,2.7600
1624281968402000,1,207.93085246,2.7600
1624281968402000,1,528.66175480,2.7600
1624283793959000,0,299.17834332,2.8600
1624283956145000,1,131.40526477,2.8700
1624283959689000,1,129.91892944,2.8700
1624284134291000,1,242.86386073,2.8600
1624284134291000,1,97.14554429,2.8600
1624284134291000,1,631.44603789,2.8600
1624284137463000,1,78.59788579,2.8600
1624284456995000,1,72.28324255,2.8500
1624284489182000,1,175.14960748,2.8500
1624284495063000,1,70.04919011,2.8500
1624284495063000,1,175.07121363,2.8500
1624284495063000,1,455.18515545,2.8500
1624286790764000,0,298.95696274,2.8600
1624288021554000,1,76.15610768,2.8500
1624288471517000,1,75.33160506,2.8400
1624288680264000,0,35.03873239,2.8400
1624289343326000,1,24.50292706,2.8300
1624289343326000,1,102.93988429,2.8300
1624289381984000,1,250.36117070,2.8200
1624289381984000,1,100.14446828,2.8200
1624289381984000,1,130.35459102,2.8200
1624289862779000,1,87.58051184,2.8000
1624289927372000,1,78.65839894,2.7900
1624290053260000,0,233.54175231,2.7900
1624290207824000,1,202.08669242,2.7900
1624290207824000,1,80.83467697,2.7900
1624290249757000,1,77.66402670,2.7900
1624290252356000,1,189.75923767,2.7900
1624290453729000,1,103.27533703,2.7900
1624290539776000,1,101.73695815,2.8000
1624291239523000,1,208.02690924,2.8000
1624291320554000,1,79.85552868,2.8100
1624291501555000,1,161.93875754,2.8400
1624291563833000,1,125.51367711,2.8300
1624291563833000,1,160.54834229,2.8300
1624293388658000,1,14.10017730,2.7200
1624294739396000,0,793.82983138,2.6900
1624294739396000,0,317.53193255,2.6900
1624294832513000,1,35.00000000,2.6800
1624294832513000,1,15.00000000,2.6800
1624295228344000,1,76.25606348,2.7500
1624295377171000,1,139.65443703,2.7200
1624295377171000,1,55.85118107,2.7200
1624295377171000,1,336.91109626,2.7200
1624295418295000,1,45.61085407,2.7200
1624295457070000,1,77.54725546,2.7100
1624295721532000,1,111.96090216,2.7200
1624295733983000,1,109.48467367,2.7200
1624296206421000,0,24.50292706,2.7400
1624297706001000,0,316.32916710,2.7000
1624297706001000,0,790.82291775,2.7000
1624298135579000,1,84.15538441,2.6900
1624298172096000,1,79.92307621,2.6900
1624298435570000,1,114.98207777,2.6900
1624298439363000,1,113.66553944,2.6900
1624298626758000,1,105.71269314,2.7100
1624298649560000,1,96.87958859,2.7100
1624298739588000,1,83.57598010,2.7100
1624299869470000,1,94.40628664,2.7300
1624300538311000,1,93.32831806,2.7300
1624300629304000,1,92.27281483,2.7300
1624300896944000,1,85.11705782,2.7500
1624300906381000,1,84.16884776,2.7500
1624301057269000,1,82.91276870,2.7600
1624301177962000,1,81.97988800,2.7600
1624301184064000,1,81.04069916,2.7600
1624301383582000,1,80.11160600,2.7600
1624301386152000,1,198.02927195,2.7600
1624301386152000,1,70.21924927,2.7600
1624301390355000,1,80.80436907,2.7600
1624301937350000,1,73.88176305,2.7800
1624301937350000,1,184.70440763,2.7800
1624302185100000,1,190.92529544,2.7600
1624302188061000,1,76.36737086,2.7600
1624304066788000,0,213.24635000,2.7000
1624304066788000,0,133.49672296,2.7000
1624304066788000,0,792.15765318,2.7000
1624304066788000,0,2056.66944208,2.7000
1624304066788000,0,317.01282036,2.7000
1624304066880000,1,213.24635000,2.7000
1624304066903000,1,133.45863659,2.7000
1624304066956000,1,778.93424705,2.7000
1624304193651000,1,45.67895663,2.6900
1624304193651000,1,266.22948098,2.6900
1624304193651000,1,106.49179239,2.6900
1624304379290000,1,90.03620642,2.7000
1624304379290000,1,225.01501156,2.7000
1624304624263000,1,86.48149050,2.7000
1624305043961000,1,75.59814023,2.7100
1624305043961000,1,188.99535057,2.7100
1624305044549000,1,153.85447433,2.7100
1624305299965000,1,78.83193768,2.7200
1624305357358000,1,77.94135869,2.7200
1624305369773000,1,77.06353279,2.7200
1624305641956000,1,79.15587602,2.7500
1624305719454000,1,75.47684631,2.7600
1624305719454000,1,154.23126791,2.7600
1624305719454000,1,188.69211578,2.7600
1624306088960000,1,88.97999217,2.7800
1624306088960000,1,222.44998042,2.7800
1624306092837000,1,213.67835592,2.7800
1624306095863000,1,85.47134237,2.7800
1624306095863000,1,213.67653086,2.7800
1624306101508000,1,199.18180587,2.7800
1624306206975000,1,77.74572083,2.7700
1624306273963000,1,76.85003106,2.7700
1624306273963000,1,82.80019894,2.7700
1624306738041000,0,309.42796268,2.7600
1624307080579000,0,310.61004143,2.7500
1624307080579000,0,776.52510356,2.7500
1624307580032000,1,210.30024000,2.7600
1624310055982000,1,100.00000000,2.6700
1624310163316000,1,8.84000000,2.6500
1624310163316000,1,13.00000000,2.6500
1624310163316000,1,13.00000000,2.6500
1624310163316000,1,50.00000000,2.6500
1624310241371000,0,99.92807008,2.6400
1624310347969000,1,89.12990863,2.6500
1624310402661000,1,78.43372538,2.6600
1624310407559000,1,77.54151310,2.6600
1624311745570000,1,88.28208537,2.6400
1624311822148000,1,39.07700000,2.6300
1624311822148000,1,17.20000000,2.6300
1624311822148000,1,30.00000000,2.6300
1624311882299000,1,9.00000000,2.6200
1624311882299000,1,8.00000000,2.6200
1624311962691000,1,150.00000000,2.6000
1624312094565000,1,71.14320797,2.5900
1624312783195000,0,333.41608393,2.5600
1624312783195000,0,833.54020981,2.5600
1624313499156000,1,82.73513522,2.5900
1624313504767000,1,81.80905541,2.5900
1624313508994000,1,80.84216572,2.5900
1624313508994000,1,202.10541430,2.5900
1624313508994000,1,525.47407719,2.5900
1624313751956000,1,177.62396415,2.6200
1624313751956000,1,71.04958566,2.6200
1624313893959000,1,79.23674327,2.6500
1624313893959000,1,198.09185818,2.6500
1624313994797000,0,259.33205150,2.6500
1624314225211000,1,78.66100203,2.6600
1624314256724000,1,76.94509373,2.6600
1624314358781000,1,116.17389304,2.6500
1624314371367000,1,114.87578506,2.6500
1624314706557000,1,59.89683280,2.6200
1624314706557000,1,175.46739626,2.6200
1624314706557000,1,456.21523028,2.6200
1624315471386000,0,118.44923592,2.5600
1624315474799000,0,333.72644915,2.5600
1624315535566000,0,165.27395431,2.5600
1624315681793000,0,75.11389933,2.5600
1624315733770000,1,69.54997247,2.5600
1624315733770000,1,173.87493118,2.5600
1624315802259000,1,69.54404096,2.5400
1624315802259000,1,173.86010240,2.5400
1624315991258000,1,334.02008044,2.5100
1624315991258000,1,52.61271137,2.5100
1624315991258000,1,131.49291032,2.5100
1624315995558000,1,38.37671310,2.5100
1624315995558000,1,95.94178274,2.5100
1624315995558000,1,249.44863512,2.5100
1624316109296000,1,88.22917734,2.5100
1624316122773000,1,44.73000890,2.5100
1624316123955000,1,114.29725446,2.5100
1624316141289000,1,43.74031520,2.5200
1624316259577000,0,568.97580567,2.5000
1624316260754000,0,341.67481152,2.5000
1624316345567000,0,684.33903578,2.4900
1624316351143000,0,342.91995548,2.4900
1624316356171000,0,342.82786991,2.4900
1624316361096000,0,342.90468623,2.4900
1624316414617000,1,92.46712940,2.5000
1624316427764000,1,84.26681287,2.5100
1624316433763000,1,83.30673636,2.5100
1624316548678000,1,26.46844826,2.5300
1624316916645000,1,26.46844826,2.5300
1624317485362000,0,14.15363184,2.5400
1624317691375000,0,834.15900114,2.5600
1624317691375000,0,333.66360045,2.5600
1624317765970000,0,255.31749437,2.5700
1624318224772000,1,25.88221682,2.5800
1624318440105000,1,80.58817713,2.5900
1624318803901000,1,25.88221682,2.5500
1624319845365000,0,14.50598745,2.4800
1624319845548000,1,14.50598745,2.4800
1624320171073000,0,123.10763542,2.4600
1624320173055000,1,123.15277084,2.4600
1624320176365000,0,123.19918699,2.4600
1624320176565000,0,67.96340901,2.4600
1624320183955000,0,43.98957987,2.4600
1624324935636000,0,14.52631123,2.5600
1624324936220000,0,27.70000345,2.5600
1624325553492000,0,42.36106991,2.5500
1624325553571000,1,5.37928184,2.5500
1624326129861000,0,335.22172550,2.5500
1624327210562000,1,76.57109051,2.6000
1624327214765000,1,189.22799202,2.6000
1624327219587000,1,75.67252162,2.6000
1624327219587000,1,189.18130404,2.6000
1624327420576000,1,18.25955481,2.5900
1624327433360000,1,66.34116898,2.5900
1624327742755000,1,33.30517300,2.5700
1624327777377000,1,66.34907768,2.5700
1624327778989000,1,165.82729160,2.5700
1624327828224000,0,116.54864753,2.5600
1624327855584000,1,65.01813402,2.5600
1624327921367000,0,181.69523335,2.5600
1624328132360000,1,168.73607977,2.5800
1624328156865000,1,62.94633672,2.5800
1624328458184000,1,66.09705869,2.5800
1624328796168000,1,66.79867043,2.5600
1624328797759000,1,166.99126172,2.5600
1624329362859000,1,64.65272315,2.5900
1624329362859000,1,161.60148502,2.5900
1624329548068000,1,62.09115731,2.5900
1624329633094000,0,256.84363643,2.5900
1624329633094000,0,639.68855098,2.5900
1624329950160000,1,69.68554289,2.5800
1624329989959000,1,68.73167232,2.5900
1624330221773000,0,188.94150109,2.6000
1624331122579000,1,68.56354786,2.6300
1624331281386000,1,68.03321305,2.6200
1624331281386000,1,170.08303263,2.6200
1624331395466000,1,65.34841392,2.6200
1624331702120000,1,62.65028212,2.6100
1624331835947000,1,155.49570664,2.6000
1624331835947000,1,404.23191009,2.6000
1624331839000000,1,139.69110634,2.6000
1624331839000000,1,55.87644253,2.6000
1624331839000000,1,363.19687647,2.6000
1624332403172000,0,734.36241394,2.6100
1624333521157000,1,54.23406814,2.6600
1624333690560000,1,5.08721958,2.6500
1624333746020000,0,27.15438480,2.6500
1624333746167000,1,43.99619562,2.6500
1624333746167000,1,177.87645104,2.6500
1624333776800000,1,156.02297386,2.6500
1624333989201000,0,665.47469103,2.6500
1624334250320000,1,65.19536699,2.6500
1624334250320000,1,163.00078632,2.6500
1624334474155000,1,26.74737339,2.6500
1624334581583000,1,49.15160447,2.6400
1624334804579000,0,156.09819538,2.6300
1624334957769000,0,324.97184966,2.6300
1624334957769000,0,812.42962414,2.6300
1624334964490000,0,109.81443004,2.6300
1624335435904000,0,261.12239775,2.6200
1624335435904000,0,326.09093881,2.6200
1624335476093000,0,326.04411698,2.6200
1624335810701000,1,82.23410470,2.5900
1624335849757000,1,81.31160963,2.5900
1624335854958000,1,79.47162510,2.5900
1624336013666000,1,79.42225914,2.5900
1624336013666000,1,198.55564786,2.5900
1624336375169000,1,82.42662589,2.6000
1624337075814000,1,73.88164037,2.5900
1624337160866000,1,130.00000000,2.6000
1624337369122000,1,100.71914636,2.6000
1624337369122000,1,251.75947037,2.6000
1624337582361000,1,94.58303997,2.6000
1624337584354000,1,236.42360746,2.6000
1624337590157000,1,90.85418195,2.6000
1624337591363000,1,227.07975805,2.6000
1624337655155000,1,87.27327734,2.6000
1624337659172000,1,215.66529410,2.6000
1624337661265000,1,560.64917278,2.6000
1624337719563000,0,96.19590218,2.6000
1624337719563000,0,821.99047993,2.6000
1624338265518000,1,25.21873391,2.6100
1624338729881000,1,78.74040440,2.5900
1624339019424000,1,113.30528985,2.5700
1624339019424000,1,736.48438405,2.5700
1624339019424000,1,283.26322463,2.5700
1624339236568000,1,100.20036963,2.5800
1624339483550000,1,86.08732836,2.5600
1624339493167000,1,85.13967263,2.5600
1624339662431000,1,84.18342068,2.5600
1624339662431000,1,210.41929736,2.5600
1624339662431000,1,547.04379422,2.5600
1624339665201000,1,74.67592344,2.5600
1624339665201000,1,186.68980861,2.5600
1624339718660000,0,452.78889707,2.5500
1624339890371000,1,80.15330359,2.5400
1624339950766000,1,81.01962919,2.5400
1624339951327000,1,202.51109814,2.5400
1624340062390000,1,89.14460774,2.5200
1624340062390000,1,191.70377926,2.5200
1624340132605000,1,83.46407925,2.5200
1624340136381000,1,82.54176696,2.5200
1624340166554000,1,81.59521953,2.5200
1624340210369000,1,80.87397770,2.5200
1624340235150000,1,200.20695635,2.5200
1624340373410000,1,25.21873391,2.5100
1624340434171000,1,131.69414555,2.5100
1624340434171000,1,511.49585714,2.5100
1624340436766000,1,71.45773744,2.5100
1624340442750000,1,64.19632996,2.5100
1624340442750000,1,160.49082489,2.5100
1624340446168000,1,64.19139915,2.5100
1624340453065000,1,166.38804835,2.5100
1624340473810000,0,331.18174588,2.5100
1624341754535000,1,77.62560860,2.5300
1624341757878000,1,75.86780778,2.5300
1624341757878000,1,189.66145039,2.5300
1624342092189000,0,90.38523171,2.5100
1624343716931000,1,70.35799442,2.5300
1624343797791000,1,154.17262781,2.5300
1624343797791000,1,61.66905112,2.5300
1624344086333000,1,8.07608695,2.5100
1624344255696000,0,850.81658949,2.5100
1624344618216000,1,81.84173777,2.5000
1624345476193000,1,104.61201029,2.5800
1624345490152000,1,103.41783947,2.5800
1624345577078000,1,99.94417874,2.5800
1624345651955000,1,245.08138048,2.5700
1624345651955000,1,98.03255219,2.5700
1624345651955000,1,637.21158926,2.5700
1624345655201000,1,86.98683591,2.5700
1624345655201000,1,217.46708978,2.5700
1624345655201000,1,565.41443342,2.5700
1624345678374000,1,438.72093009,2.5700
1624345680970000,1,67.31303880,2.5700
1624345680970000,1,168.28259699,2.5700
1624345680970000,1,437.53475219,2.5700
1624345704099000,0,64.70806084,2.5700
1624345705357000,1,161.74952084,2.5700
1624346298524000,1,37.40444113,2.5500
1624346298524000,1,93.52703630,2.5500
1624346307821000,1,35.92299971,2.5500
1624346681395000,0,33.10836003,2.5400
1624346984174000,1,30.43023058,2.5800
1624346984174000,1,197.79649876,2.5800
1624346984174000,1,76.07557645,2.5800
1624347427562000,1,11.88177736,2.5900
1624347428282000,1,95.08510167,2.5900
1624348243293000,1,31.77448497,2.5700
1624348243293000,1,79.46115692,2.5700
1624348283159000,1,30.60311838,2.5700
1624348589443000,1,30.45178066,2.5500
1624348589443000,1,76.13815210,2.5500
1624348781776000,1,36.46235061,2.5500
1624348781776000,1,91.15587653,2.5500
1624349072475000,1,87.05556231,2.5200
1624349183005000,1,78.34222031,2.4900
1624349183005000,1,195.80841792,2.4900
1624349259560000,1,73.34342667,2.4800
1624349263886000,1,72.54836637,2.4800
1624349263886000,1,181.37091592,2.4800
1624349267475000,1,471.28853922,2.4800
1624349268947000,1,64.34151204,2.4800
1624349268947000,1,160.85378009,2.4800
1624349279186000,1,59.06240311,2.4900
1624349361707000,1,68.57645715,2.4800
1624349878993000,1,404.47967479,2.4600
1624350189162000,1,96.53005468,2.4500
1624350192231000,1,95.38755412,2.4500
1624350192231000,1,238.46888530,2.4500
1624350205759000,1,91.68038646,2.4500
1624350211966000,1,90.64521063,2.4500
1624350310394000,1,88.96289215,2.4400
1624350323333000,1,88.96289215,2.4300
1624350387803000,1,86.93598003,2.4400
1624350430169000,1,85.98973364,2.4400
1624350587163000,1,84.41083864,2.4300
1624350606176000,1,83.47001764,2.4300
1624350669582000,1,82.48364549,2.4400
1624350706917000,1,81.48921867,2.4500
1624350872752000,1,85.34956340,2.4300
1624350872752000,1,213.37390850,2.4300
1624350910826000,1,78.64804792,2.4300
1624350910826000,1,196.51129920,2.4300
1624351029378000,0,294.58536365,2.4000
1624351065366000,1,115.23707433,2.4000
1624351097471000,1,53.23905414,2.4000
1624351132978000,1,50.40983664,2.4000
1624351726079000,1,59.43017813,2.4000
1624351746093000,1,77.94619902,2.4000
1624351749565000,1,91.87708275,2.4000
1624351762366000,1,98.41566680,2.4000
1624351799959000,1,88.76105865,2.4100
1624352055778000,1,85.94660772,2.4100
1624352059957000,1,85.92174480,2.4100
1624352059957000,1,214.78553354,2.4100
1624352201977000,0,273.74517414,2.4100
1624352490887000,1,90.33001231,2.4300
1624352569163000,0,355.37822702,2.4100
1624352610094000,1,63.00614153,2.4000
1624352615542000,1,67.23593815,2.4000
1624352626156000,1,60.44931780,2.4000
1624352626690000,1,151.11484406,2.4000
1624352737082000,1,474.71920751,2.4000
1624352773164000,1,66.86983751,2.4000
1624353583398000,1,55.75582984,2.4100
1624354126642000,1,41.64925253,2.4000
1624354261555000,1,19.99688656,2.3900
1624354459353000,1,13.11709121,2.3900
1624354550358000,1,23.19676014,2.4000
1624354550961000,1,57.98018163,2.4000
1624354929146000,1,24.52528648,2.3800
1624354962373000,1,29.51352729,2.3900
1624355093534000,1,53.04145362,2.3700
1624355094375000,1,137.88347441,2.3700
1624355225710000,1,9.00000000,2.3600
1624355225710000,1,36.66078955,2.3600
1624355250763000,1,32.51245235,2.3600
1624355250763000,1,81.28113087,2.3600
1624355271283000,1,32.76289682,2.3600
1624355271283000,1,81.90724205,2.3600
1624355308962000,1,43.76199872,2.3700
1624355482599000,1,58.54138574,2.3800
1624355646965000,1,24.04714489,2.3600
1624355781291000,1,63.92934254,2.3600
1624355811187000,1,66.55165688,2.3700
1624355811187000,1,166.37914221,2.3700
1624355899792000,1,90.52491454,2.3800
1624356020966000,0,893.01130051,2.4000
1624356536944000,1,137.85025665,2.3500
1624357047719000,1,460.17945180,2.3300
1624357048360000,1,67.89196282,2.3300
1624357048360000,1,169.72990705,2.3300
1624357098678000,1,48.29991576,2.3200
1624357126909000,1,27.21307256,2.3200
1624357293603000,1,87.10640449,2.3300
1624357385983000,1,65.38058677,2.3100
1624357406246000,1,90.15817788,2.3100
1624357411629000,1,36.02718060,2.3100
1624357886093000,0,27.21307256,2.3800
1624358196565000,1,160.50142645,2.4100
1624358196565000,1,417.36271435,2.4100
1624358339164000,1,40.83302279,2.4100
1624358339164000,1,265.41464816,2.4100
1624358339164000,1,102.08255699,2.4100
1624358504832000,1,18.14141185,2.4300
1624358504832000,1,45.35352963,2.4300
1624358506059000,1,117.90056222,2.4300
1624358518293000,1,13.59715059,2.4400
1624359060982000,0,266.50039831,2.4100
1624359065636000,0,354.65463864,2.4100
1624359428882000,1,100.04024823,2.4100
1624359429011000,0,1590.71720215,2.4100
1624359435251000,0,14.99160760,2.4100
1624359809245000,1,26.90713100,2.4000
1624360079861000,0,359.33594242,2.3800
1624360103172000,0,359.26494155,2.3800
1624360198393000,0,359.09506942,2.3800
1624360585253000,0,269.72360819,2.3700
1624360585253000,0,901.42274116,2.3700
1624360943564000,1,102.07507973,2.3700
1624361043564000,1,101.31597078,2.3600
1624361051368000,1,101.35253181,2.3600
1624361265291000,1,250.99571000,2.3200
1624361336487000,1,99.12343947,2.3300
1624361410068000,0,32.22976747,2.3200
1624362354388000,1,369.41618323,2.3000
1624362506980000,0,26.90713100,2.3200
1624362558274000,1,38.09036568,2.3300
1624362642366000,1,23.42669094,2.3300
1624362701661000,1,20.91239607,2.3200
1624362714665000,1,127.72838218,2.3200
1624362721176000,1,17.43375135,2.3200
1624362721176000,1,113.31938380,2.3200
1624362721176000,1,43.58437838,2.3200
1624362814585000,1,47.58348303,2.3000
1624362815372000,1,18.97449538,2.3000
1624362991007000,1,68.58660782,2.2800
1624363000711000,1,67.42528464,2.2800
1624363000711000,1,168.56321161,2.2800
1624363002601000,1,438.33050741,2.2800
1624363276292000,1,67.18237494,2.2600
1624363276292000,1,167.95593734,2.2600
1624363290757000,1,300.00000000,2.2500
1624363291965000,1,27.67053620,2.2500
1624363322260000,1,50.72655710,2.2400
1624363322260000,1,125.99266969,2.2400
1624363629772000,1,119.39999731,2.2200
1624363712931000,1,295.11365283,2.2100
1624363795941000,1,87.75665455,2.2200
1624363799955000,1,76.02502178,2.2200
1624363802175000,1,190.03655670,2.2200
1624363816804000,1,69.13447668,2.2200
1624363816804000,1,172.83619170,2.2200
1624363851451000,1,54.60390888,2.2200
1624363965955000,1,103.90975013,2.2200
1624364012610000,1,92.76983672,2.2200
1624364020565000,1,91.71881483,2.2200
1624364060177000,1,123.60434616,2.2100
1624364060177000,1,49.44173846,2.2100
1624364105523000,1,30.02232809,2.2000
1624364105523000,1,69.81877787,2.2000
1624364123121000,1,24.52117376,2.2000
1624364123121000,1,61.30293440,2.2000
1624364141254000,1,33.10167053,2.2000
1624364141254000,1,82.76601403,2.2000
1624364199851000,1,82.79715414,2.2300
1624364218947000,1,89.48777681,2.2300
1624364264162000,1,121.59955936,2.2400
1624364264162000,1,48.63982375,2.2400
1624364274574000,1,89.30397856,2.2400
1624364279359000,1,99.25328452,2.2400
1624364299959000,1,100.44578466,2.2500
1624364300468000,1,251.08404916,2.2500
1624364300468000,1,652.81852780,2.2500
1624364474089000,1,22.00000000,2.2400
1624364503579000,1,107.74124419,2.2300
1624364712773000,1,99.18414626,2.1900
1624365011980000,0,296.17272624,2.1600
1624365579550000,0,258.94533604,2.1600
1624365602493000,0,206.15584134,2.1500
1624365709470000,1,10.00000000,2.1300
1624365709470000,1,6.98191298,2.1300
1624365710069000,1,3.01808702,2.1300
1624365718110000,0,237.43856422,2.1300
1624365822620000,1,351.45727374,2.1300
1624365975451000,0,479.45623363,2.1300
1624366070962000,1,113.69139078,2.1600
1624366486317000,1,94.96977549,2.1800
1624366514978000,1,108.28502526,2.1800
1624366572458000,1,82.86240802,2.1700
1624366610209000,1,118.67522621,2.1900
1624366617363000,1,118.64945786,2.1900
1624366678156000,1,105.06389180,2.2100
1624367136602000,1,82.03346267,2.2200
1624367373725000,1,68.99459884,2.2200
1624367407455000,1,308.51490178,2.2100
1624367407455000,1,118.65957761,2.2100
1624367407455000,1,47.46383104,2.2100
1624367412722000,0,16.31262959,2.2100
1624367788403000,0,16.38364226,2.2000
1624368370703000,1,1491.00000000,2.1600
1624368494404000,0,94.55549154,2.1800
1624368807451000,0,42.43826991,2.1800
1624368807451000,0,105.57688564,2.1800
1624368881262000,0,109.07059524,2.1700
1624369103463000,0,107.39423678,2.1600
1624369103999000,0,331.39944112,2.1600
1624369335001000,1,35.44377639,2.1500
1624369394480000,0,38.67721495,2.1400
1624369394482000,1,96.69303737,2.1400
1624369402211000,1,153.53619568,2.1400
1624369987898000,1,10.00000000,2.1000
1624371673972000,0,261.15516712,2.1400
1624371674510000,0,104.46206685,2.1400
1624372033544000,1,123.65214735,2.1800
1624372088745000,1,108.64304171,2.1900
1624372245097000,1,66.56238808,2.2000
1624372285616000,1,64.24092796,2.2000
1624373050305000,1,99.69593120,2.2200
1624373247165000,1,225.20622285,2.2000
1624373328319000,1,96.42627895,2.2200
1624373501974000,1,95.88876484,2.2500
1624373520759000,1,94.82191915,2.2500
1624373532346000,1,94.82191915,2.2400
1624374316789000,0,15.90613590,2.2600
1624375766978000,0,35.11257675,2.3400
1624375766978000,0,87.39901254,2.3400
1624376225973000,1,15.20471113,2.3700
1624376227054000,1,15.20430254,2.3700
1624376233334000,1,15.19866977,2.3700
1624376234477000,1,15.19866977,2.3700
1624376235555000,1,15.21002552,2.3700
1624376236653000,1,15.19871750,2.3700
1624376237884000,1,15.19799368,2.3700
1624376260079000,1,15.23106806,2.3700
1624376261183000,1,15.22860060,2.3700
1624376276821000,1,15.21132884,2.3700
1624376277950000,1,15.21132884,2.3700
1624376279057000,1,15.22185462,2.3700
1624376280128000,1,15.22185462,2.3700
1624376281212000,1,15.22185462,2.3700
1624376282290000,1,15.22185462,2.3700
1624376283420000,1,15.22185462,2.3700
1624376284529000,1,15.22185462,2.3700
1624376285640000,1,1.29581401,2.3700
1624376812596000,1,232.11846495,2.3500
1624376910387000,1,103.93224721,2.3500
1624377449930000,1,119.20507676,2.3800
1624377581373000,1,166.91329001,2.3800
1624377581373000,1,66.76531601,2.3800
1624377961674000,1,91.25857701,2.4400
1624378002980000,1,88.19834315,2.4400
1624380293975000,0,142.33572759,2.3900
1624381051878000,1,84.40099954,2.4600
1624381312463000,1,112.00584893,2.4600
1624381815801000,1,104.43006652,2.4200
1624381844584000,1,106.70412717,2.4200
1624381851312000,1,105.52250976,2.4200
1624381856157000,1,103.09242656,2.4200
1624381882604000,1,103.08600351,2.4200
1624382613087000,1,141.39545546,2.4200
1624382975208000,1,151.84653751,2.4300
1624383202105000,1,58.09088386,2.4500
1624383617897000,1,27.67053620,2.4400
1624383801601000,1,377.15388773,2.4400
1624383803972000,1,292.35789688,2.4400
1624384091028000,1,68.24256799,2.4200
1624384296326000,1,86.99610291,2.4400
1624384340068000,1,93.09149331,2.4400
1624384442358000,1,85.02144545,2.4500
1624384778370000,1,99.22133708,2.4500
1624384785765000,1,98.10135128,2.4500
1624384809965000,1,95.89072172,2.4500
1624384809965000,1,239.72680430,2.4500
1624384848165000,1,90.40676338,2.4400
1624384894685000,1,89.32119371,2.4400
1624384894685000,1,223.24012656,2.4400
1624384936697000,1,84.60740406,2.4400
1624384961566000,1,83.72030132,2.4400
1624384966477000,1,83.71672515,2.4400
1624385085569000,1,74.20796402,2.4300
1624385088357000,1,72.54423981,2.4300
1624385091287000,1,179.23457956,2.4300
1624385091287000,1,466.03542599,2.4300
1624385096179000,1,69.85821399,2.4300
1624385104977000,1,454.36474543,2.4300
1624385104977000,1,69.90226853,2.4300
1624385104977000,1,174.75567132,2.4300
1624385144063000,1,440.56211549,2.4200
1624385144063000,1,176.26267405,2.4200
1624385144063000,1,1145.40747488,2.4200
1624385264106000,1,103.07142856,2.4200
1624385264106000,1,27.81135643,2.4200
1624385288814000,1,93.52544013,2.4200
1624385305546000,1,92.49614855,2.4200
1624385305546000,1,231.04842924,2.4200
1624385359174000,1,86.16632867,2.4200
1624385368810000,1,212.97727461,2.4200
1624385540384000,1,84.81736548,2.4400
1624385680498000,1,147.33953558,2.4300
1624385680610000,0,147.33953558,2.4300
1624385680773000,0,435.14492522,2.4300
1624386073769000,0,66.85635090,2.4300
1624386073769000,0,879.51637768,2.4300
1624386100955000,1,221.44331688,2.4400
1624386100955000,1,88.57732675,2.4400
1624386234017000,1,84.86544546,2.4200
1624386595130000,1,86.46102177,2.4400
1624386786013000,1,85.72424884,2.4600
1624386817423000,1,84.39489535,2.4700
1624387227119000,1,102.98629643,2.4700
1624387227119000,1,257.42971559,2.4700
1624387520262000,1,85.49766599,2.4700
1624387834983000,0,264.84848712,2.4600
1624387962314000,1,84.29276708,2.4600
1624388141114000,1,80.83353687,2.4600
1624388321333000,0,868.54377399,2.4600
1624388326177000,0,74.09331475,2.4600
1624388326177000,0,820.15732201,2.4600
1624388369689000,1,87.91774182,2.4700
1624388830765000,1,77.76789694,2.4500
1624388832168000,1,194.27693042,2.4500
1624388832797000,1,504.96058825,2.4500
1624388837061000,1,201.84897511,2.4500
1624388977084000,1,97.66616247,2.4500
1624389142991000,1,92.00385437,2.4400
1624389143997000,1,229.89279223,2.4400
1624389317275000,1,86.50221046,2.4600
1624389317275000,1,216.25552615,2.4600
1624389323165000,1,216.30269488,2.4600
1624389382984000,0,43.77595340,2.4600
1624389465372000,1,97.59424164,2.4600
1624389495876000,1,95.38640979,2.4600
1624389501963000,1,91.65767958,2.4600
1624389726070000,1,87.93570331,2.4600
1624389740784000,0,85.44019083,2.4500
1624389964676000,1,115.79576607,2.4300
1624390045369000,1,101.63097163,2.4300
1624390251361000,1,98.48899377,2.4400
1624390295211000,1,85.10393396,2.4500
1624390295971000,1,212.27781811,2.4500
1624390377575000,1,113.99137756,2.4500
1624390871704000,1,119.10044474,2.4600
1624390871704000,1,297.83196900,2.4600
1624391322968000,0,348.82399634,2.4500
1624391793568000,1,91.68876033,2.4200
1624391800148000,1,94.52607354,2.4200
1624391879685000,1,89.95469460,2.4100
1624391883753000,1,89.28957352,2.4100
1624391903762000,1,88.27786503,2.4100
1624391906173000,1,88.29150511,2.4100
1624391989157000,1,86.66729217,2.4000
1624392014170000,1,77.51941953,2.4000
1624392070961000,1,88.43699337,2.4100
1624392079964000,1,218.61002326,2.4100
1624392079964000,1,87.44400930,2.4100
1624392079964000,1,568.51041508,2.4100
1624392328846000,1,87.97062138,2.4400
1624392644960000,1,87.75314287,2.4300
1624392646765000,1,219.33230983,2.4300
1624392717151000,1,84.29569935,2.4300
1624392932611000,1,87.97427894,2.4400
1624393706974000,0,279.81834186,2.4600
1624393708968000,0,868.59327627,2.4600
1624393903650000,1,136.26511275,2.4500
1624393903650000,1,340.96269973,2.4500
1624393903650000,1,929.95114622,2.4500
1624394474006000,1,155.56552417,2.4700
1624395136727000,0,345.66092818,2.4800
1624395492611000,1,112.53946984,2.5000
1624395505957000,1,111.27549790,2.5000
1624395802552000,1,89.19201129,2.4900
1624395814703000,1,87.19575312,2.4900
1624395957001000,1,84.42561006,2.4800
1624395962932000,1,83.80342598,2.4800
1624395971752000,1,82.85320570,2.4800
1624396298580000,0,27.81135643,2.4600
1624396691220000,1,102.51170453,2.4600
1624396695562000,1,101.35176149,2.4600
1624396702785000,1,100.22035075,2.4600
1624396709556000,1,99.09049022,2.4600
1624396721374000,1,97.97420328,2.4600
1624396729157000,1,96.86554314,2.4600
1624396759512000,1,95.74993280,2.4600
1624396848374000,1,95.05831844,2.4500
1624396855610000,1,93.99327175,2.4500
1624396855610000,1,234.96887012,2.4500
1624398102532000,1,104.29997227,2.4100
1624398102532000,1,260.74993067,2.4100
1624398205829000,1,28.42868988,2.4000
1624398882662000,1,85.09989167,2.3800
1624398882662000,1,34.03995667,2.3800
1624398882662000,1,221.25971835,2.3800
1624399121878000,1,24.78368313,2.3900
1624399128817000,1,24.22247678,2.3900
1624399128817000,1,60.55515074,2.3900
1624399135539000,1,22.31740875,2.3900
1624399136341000,1,55.78632661,2.3900
1624399249314000,1,24.68394198,2.4000
1624399249314000,1,3.74474790,2.4000
1624399322562000,1,113.58586454,2.4100
1624399399953000,1,37.36769397,2.4200
1624399465496000,1,34.91181203,2.4200
1624399580188000,1,36.50738917,2.4200
1624399580188000,1,91.26847292,2.4200
1624399919744000,1,57.62932915,2.4400
1624399925753000,1,142.42656223,2.4400
1624399927759000,1,359.85345539,2.4400
1624399929967000,1,51.31430592,2.4400
1624399934739000,1,118.90901545,2.4400
1624399934739000,1,46.12078875,2.4400
1624400746352000,1,99.57935360,2.4200
1624400746352000,1,39.83174144,2.4200
1624400901848000,1,109.44631854,2.4000
1624400901848000,1,43.77852741,2.4000
1624400978307000,1,41.57401861,2.3900
1624401023762000,1,50.47913198,2.4000
1624401051836000,1,45.69994257,2.4000
1624401363244000,1,28.34991707,2.4000
1624401394185000,0,894.12561982,2.3900
1624401652965000,0,359.04343549,2.3800
1624401652965000,0,897.60858872,2.3800
1624401915881000,0,564.35532551,2.3800
1624402089234000,1,70.04143916,2.3800
1624402346994000,0,360.28248995,2.3800
1624402357021000,0,299.57861452,2.3800
1624402489955000,1,56.84374224,2.3700
1624402531507000,1,55.56313340,2.3700
1624402531507000,1,138.89464549,2.3700
1624402688707000,0,358.70202884,2.3900
1624402762506000,0,285.71604042,2.4000
1624402782070000,0,28.34991707,2.4100
1624402976672000,1,90.99764817,2.4100
1624402980563000,1,215.97813661,2.4100
1624402985748000,1,86.35799284,2.4100
1624403420482000,1,28.50600553,2.3900
1624403543561000,0,274.47379065,2.3900
1624404240971000,0,155.92422823,2.3700
1624404343813000,1,66.15488420,2.3700
1624404343813000,1,165.38721049,2.3700
1624404353206000,1,64.37610459,2.3700
1624404353206000,1,160.94026149,2.3700
1624404426201000,1,74.58385057,2.3700
1624404456381000,1,171.38346744,2.3700
1624404835044000,1,76.11692252,2.3500
1624404975811000,1,242.27309358,2.3500
1624405165937000,1,28.50600553,2.3400
1624405402156000,1,67.27407751,2.3400
1624405461590000,1,65.70990359,2.3400
1624405461590000,1,164.30032509,2.3400
1624405521770000,1,65.37738785,2.3400
