timestamp ms,type,amount,price
1624233851653000,0,106.08231881,3.3300
1624233994897000,0,103.66447620,3.3100
1624234737601000,0,100.55918969,3.2700
1624239192958000,1,50.85249955,3.2500
1624239693376000,1,73.94569904,3.2200
1624239693376000,1,184.82496039,3.2200
1624239868966000,1,173.11602387,3.2100
1624239868966000,1,168.18016413,3.2100
1624239878486000,1,260.68469500,3.2100
1624239884307000,1,62.62200804,3.2100
1624239884307000,1,11.76373514,3.2100
1624239897120000,1,144.79128496,3.2100
1624239897120000,1,407.04189262,3.2100
1624239901791000,1,55.61428322,3.2100
1624239908563000,1,54.99290945,3.2100
1624239913353000,1,54.37542144,3.2100
1624239958958000,1,53.76754272,3.2100
1624240083832000,1,51.18705952,3.2100
1624240083832000,1,127.96764879,3.2100
1624240364766000,1,48.81887167,3.2200
1624240372037000,1,48.26943782,3.2200
1624240806762000,1,47.30973417,3.2000
1624241025149000,0,204.83742292,3.2100
1624241417454000,0,152.29735677,3.2200
1624242007578000,1,48.17207222,3.2000
1624242007578000,1,120.42169364,3.2000
1624242007578000,1,313.07568858,3.2000
1624243931793000,1,43.12232385,3.1600
1624246282176000,1,48.97252257,3.1600
1624246282176000,1,122.45095683,3.1600
1624246394954000,1,110.61192509,3.1400
1624246394954000,1,287.59100522,3.1400
1624246395554000,1,44.24477003,3.1400
1624246395554000,1,110.61192509,3.1400
1624246395554000,1,287.59100522,3.1400
1624246396954000,1,34.77675471,3.1400
1624246396954000,1,86.94188677,3.1400
1624246400769000,1,217.12693394,3.1400
1624246402957000,1,30.95709535,3.1400
1624246402957000,1,77.39273837,3.1400
1624246421095000,1,30.95709535,3.1300
1624246421095000,1,77.39273837,3.1300
1624246430547000,1,28.60112998,3.1300
1624246439969000,1,28.30018049,3.1300
1624246455755000,1,28.29368083,3.1300
1624246455755000,1,69.12512670,3.1300
1624246455755000,1,179.72532941,3.1300
1624246482367000,1,23.13704764,3.1300
1624246487167000,1,22.87906844,3.1300
1624246490360000,1,56.53484861,3.1300
1624246495560000,1,54.94160605,3.1300
1624247087558000,1,24.79432099,3.1300
1624247087558000,1,61.98580247,3.1300
1624248630891000,0,25.79784006,3.0900
1624248847667000,1,23.82189089,3.0900
1624248880596000,0,206.07214259,3.0800
1624248880596000,0,696.57627302,3.0800
1624249055370000,0,279.39790661,3.0700
1624249503565000,0,123.52061104,3.0800
1624249581809000,0,279.76087797,3.0700
1624249858092000,0,267.19974866,3.0600
1624249858092000,0,665.75301639,3.0600
1624250048685000,1,58.08054134,3.0500
1624250111899000,0,1554.98544962,3.0600
1624250129324000,1,95.58840447,3.0600
1624250132157000,1,95.59893001,3.0600
1624250133361000,1,238.97417572,3.0600
1624250184753000,1,86.12554315,3.0500
1624250195988000,1,84.51316547,3.0500
1624250410193000,1,37.67957542,3.0300
1624250410193000,1,94.19893854,3.0300
1624250410193000,1,242.05396737,3.0300
1624250653108000,1,53.47350344,3.0400
1624250653108000,1,133.68375860,3.0400
1624250703273000,0,356.60729837,3.0500
1624250944016000,0,227.72926226,3.0500
1624251071163000,1,23.19443570,3.0500
1624251275780000,1,23.38606469,3.0600
1624252398375000,1,71.34471334,3.0600
1624252694975000,0,66.35212174,3.0600
1624253390323000,0,139.54056012,3.0700
1624253477776000,0,62.74930084,3.0800
1624253477791000,0,37.82173293,3.0800
1624253687775000,0,88.79123665,3.0800
1624253918532000,0,199.88914595,3.0900
1624253918532000,0,519.71177946,3.0900
1624253918532000,0,79.95565838,3.0900
1624254029758000,0,48.00972027,3.1000
1624254029758000,0,120.02299901,3.1000
1624255516740000,0,9.85768377,3.1400
1624255557247000,0,9.80697981,3.1400
1624255595769000,0,8.78495723,3.1500
1624256535880000,1,26.38005611,3.1400
1624256864403000,1,25.64596372,3.1000
1624257064590000,1,10.00000000,3.0000
1624257402060000,1,7.00000000,2.9400
1624257907845000,1,8.00000000,2.9100
1624261397325000,0,80.60017638,2.9200
1624261397325000,0,209.56045860,2.9200
1624262293025000,1,84.39418780,2.9400
1624262329927000,0,23.58783783,2.9600
1624262427562000,1,82.52631412,2.9400
1624263638293000,1,14.41618497,2.9700
1624263691201000,1,76.72464235,2.9800
1624264366283000,1,10.50149318,2.9500
1624266638146000,1,71.00703353,2.9200
1624266694469000,1,56.54516440,2.9100
1624267510870000,0,52.06988537,2.8800
1624267510870000,0,129.70408443,2.8800
1624267821483000,1,827.65862068,2.9000
1624268091030000,1,59.17000788,2.9400
1624268307002000,1,56.15016663,2.9300
1624268337289000,1,51.24521690,2.9300
1624268357172000,1,73.07751494,2.9300
1624268590606000,1,66.58678781,2.9400
1624269425368000,1,70.80977846,2.9400
1624269617200000,1,70.22993793,2.9300
1624269927579000,0,116.82089559,2.9100
1624270074860000,1,77.99634434,2.9100
1624270264688000,0,293.93142805,2.8900
1624270290881000,1,80.85261408,2.9000
1624270400987000,1,413.28999295,2.8900
1624270400987000,1,158.95768959,2.8900
1624270401476000,1,63.58307584,2.8900
1624270670057000,1,57.65706806,2.8800
1624270697304000,1,66.45098564,2.8800
1624270755853000,1,143.46338672,2.8700
1624270755853000,1,373.00480548,2.8700
1624270850216000,1,51.78830864,2.8800
1624271229214000,1,31.43161755,2.8500
1624271313580000,1,74.77705536,2.8500
1624271329007000,1,71.28983390,2.8500
1624271441802000,1,82.19754301,2.8400
1624271441802000,1,205.48687644,2.8400
1624271441802000,1,82.20103383,2.8400
1624271557668000,1,68.15300007,2.8200
1624271574460000,1,65.31771564,2.8100
1624271628959000,1,65.70784818,2.8100
1624271995373000,1,77.67241482,2.8400
1624272037739000,0,137.39559038,2.8300
1624272044176000,0,66.52382239,2.8300
1624272210777000,1,82.76027781,2.8300
1624272213376000,1,82.73329011,2.8300
1624272213376000,1,206.83322527,2.8300
1624272367121000,1,75.01868304,2.8400
1624272372567000,1,74.17987420,2.8400
1624272379969000,1,185.41204031,2.8400
1624272379969000,1,74.16481612,2.8400
1624272532361000,1,77.76315274,2.8200
1624272596075000,1,76.95273614,2.8100
1624272865189000,1,63.43572007,2.8000
1624272908432000,1,78.18816194,2.8000
1624273403238000,1,81.89080613,2.7900
1624273403238000,1,532.12637838,2.7900
1624273425861000,1,204.62199748,2.7800
1624273454990000,0,182.66819051,2.7700
1624273533623000,0,175.20157811,2.7600
1624273538710000,0,118.75041670,2.7600
1624273596281000,1,10.00000000,2.7500
1624273651572000,1,5266.16200735,2.7400
1624273658318000,1,13.19357951,2.7400
1624273659455000,1,13.19357951,2.7400
1624273660220000,1,1751.13331538,2.7400
1624274249626000,1,117.53481773,2.7500
1624274507870000,1,26.00000000,2.7300
1624274507870000,1,30.00000000,2.7300
1624274812445000,1,100.00000000,2.7000
1624275032270000,1,93.14820650,2.7000
1624275040791000,1,93.10673727,2.7000
1624275052954000,1,90.94161789,2.7000
1624275094363000,1,222.07741398,2.7200
1624275243983000,1,75.25221035,2.7500
1624275243983000,1,188.13052586,2.7500
1624275333184000,1,74.03350000,2.7600
1624275483086000,1,59.03787865,2.7800
1624275515966000,1,144.23894575,2.7800
1624275515966000,1,57.69557830,2.7800
1624275618892000,1,51.04918438,2.7800
1624275684793000,1,68.43791656,2.7800
1624275729957000,1,67.87549491,2.7800
1624275816781000,1,73.19360624,2.7800
1624275817368000,1,182.98401561,2.7800
1624275817368000,1,475.75844059,2.7800
1624275861797000,1,64.29983484,2.7800
1624275861797000,1,160.65080570,2.7800
1624276323836000,1,80.22192269,2.8200
1624276584579000,1,69.15099207,2.8200
1624276606046000,1,81.11489789,2.8200
1624276606046000,1,202.82875065,2.8200
1624276647980000,1,78.18906045,2.8300
1624276798764000,1,75.58319433,2.8300
1624277597604000,1,26.70360117,2.8100
1624277597604000,1,430.55942300,2.8100
1624277776186000,1,83.24883743,2.7900
1624277857366000,1,78.82818196,2.7800
1624278388374000,1,83.28993757,2.8000
1624278514763000,1,100.49468878,2.8100
1624278528562000,1,99.40973186,2.8100
1624278805583000,1,88.04994296,2.8100
1624278918360000,1,87.05232738,2.8100
1624278974636000,1,87.06787086,2.8000
1624279286929000,1,88.75018476,2.7800
1624279442096000,1,86.42746096,2.7900
1624279513575000,1,84.77524178,2.7800
1624279513575000,1,211.97503629,2.7800
1624279522359000,1,84.82955981,2.7800
1624279687959000,1,78.64191477,2.7600
1624279780370000,1,77.02621221,2.7600
1624280036189000,1,77.06084581,2.7400
1624280088338000,1,76.19801603,2.7400
1624280455894000,0,8.07608695,2.7600
1624280724606000,0,316.65753320,2.7000
1624280946769000,0,493.51454956,2.7100
1624281376563000,0,25.64596372,2.7100
1624281528198000,1,86.70848887,2.7500
1624281528198000,1,216.77122219,2.7500
1624281633983000,1,82.00136565,2.7600
1624281650886000,1,81.09763828,2.7600
1624281913877000,1,105.18802418,2.7600
1624281928518000,1,259.94462438,2.7600
1624281937162000,1,656.86706900,2.7600
1624281943969000,1,628.47235150,2.7600
1624281947355000,1,216.48829190,2.7600
1624281947355000,1,86.59531676,2.7600
1624281968402000,1,207.93085246,2.7600
1624281968402000,1,528.66175480,2.7600
1624283793959000,0,299.17834332,2.8600
1624283956145000,1,131.40526477,2.8700
1624283959689000,1,129.91892944,2.8700
1624284134291000,1,242.86386073,2.8600
1624284134291000,1,97.14554429,2.8600
1624284134291000,1,631.44603789,2.8600
1624284137463000,1,78.59788579,2.8600
1624284456995000,1,72.28324255,2.8500
1624284489182000,1,175.14960748,2.8500
1624284495063000,1,70.04919011,2.8500
1624284495063000,1,175.07121363,2.8500
1624284495063000,1,455.18515545,2.8500
1624286790764000,0,298.95696274,2.8600
1624288021554000,1,76.15610768,2.8500
1624288471517000,1,75.33160506,2.8400
1624288680264000,0,35.03873239,2.8400
1624289343326000,1,24.50292706,2.8300
1624289343326000,1,102.93988429,2.8300
1624289381984000,1,250.36117070,2.8200
1624289381984000,1,100.14446828,2.8200
1624289381984000,1,130.35459102,2.8200
1624289862779000,1,87.58051184,2.8000
1624289927372000,1,78.65839894,2.7900
1624290053260000,0,233.54175231,2.7900
1624290207824000,1,202.08669242,2.7900
1624290207824000,1,80.83467697,2.7900
1624290249757000,1,77.66402670,2.7900
1624290252356000,1,189.75923767,2.7900
1624290453729000,1,103.27533703,2.7900
1624290539776000,1,101.73695815,2.8000
1624291239523000,1,208.02690924,2.8000
1624291320554000,1,79.85552868,2.8100
1624291501555000,1,161.93875754,2.8400
1624291563833000,1,125.51367711,2.8300
1624291563833000,1,160.54834229,2.8300
1624293388658000,1,14.10017730,2.7200
1624294739396000,0,793.82983138,2.6900
1624294739396000,0,317.53193255,2.6900
1624294832513000,1,35.00000000,2.6800
1624294832513000,1,15.00000000,2.6800
1624295228344000,1,76.25606348,2.7500
1624295377171000,1,139.65443703,2.7200
1624295377171000,1,55.85118107,2.7200
1624295377171000,1,336.91109626,2.7200
1624295418295000,1,45.61085407,2.7200
1624295457070000,1,77.54725546,2.7100
1624295721532000,1,111.96090216,2.7200
1624295733983000,1,109.48467367,2.7200
1624296206421000,0,24.50292706,2.7400
1624297706001000,0,316.32916710,2.7000
1624297706001000,0,790.82291775,2.7000
1624298135579000,1,84.15538441,2.6900
1624298172096000,1,79.92307621,2.6900
1624298435570000,1,114.98207777,2.6900
1624298439363000,1,113.66553944,2.6900
1624298626758000,1,105.71269314,2.7100
1624298649560000,1,96.87958859,2.7100
1624298739588000,1,83.57598010,2.7100
1624299869470000,1,94.40628664,2.7300
1624300538311000,1,93.32831806,2.7300
1624300629304000,1,92.27281483,2.7300
1624300896944000,1,85.11705782,2.7500
1624300906381000,1,84.16884776,2.7500
1624301057269000,1,82.91276870,2.7600
1624301177962000,1,81.97988800,2.7600
1624301184064000,1,81.04069916,2.7600
1624301383582000,1,80.11160600,2.7600
1624301386152000,1,198.02927195,2.7600
1624301386152000,1,70.21924927,2.7600
1624301390355000,1,80.80436907,2.7600
1624301937350000,1,73.88176305,2.7800
1624301937350000,1,184.70440763,2.7800
1624302185100000,1,190.92529544,2.7600
1624302188061000,1,76.36737086,2.7600
1624304066788000,0,213.24635000,2.7000
1624304066788000,0,133.49672296,2.7000
1624304066788000,0,792.15765318,2.7000
1624304066788000,0,2056.66944208,2.7000
1624304066788000,0,317.01282036,2.7000
1624304066880000,1,213.24635000,2.7000
1624304066903000,1,133.45863659,2.7000
1624304066956000,1,778.93424705,2.7000
1624304193651000,1,45.67895663,2.6900
1624304193651000,1,266.22948098,2.6900
1624304193651000,1,106.49179239,2.6900
1624304379290000,1,90.03620642,2.7000
1624304379290000,1,225.01501156,2.7000
1624304624263000,1,86.48149050,2.7000
1624305043961000,1,75.59814023,2.7100
1624305043961000,1,188.99535057,2.7100
1624305044549000,1,153.85447433,2.7100
1624305299965000,1,78.83193768,2.7200
1624305357358000,1,77.94135869,2.7200
1624305369773000,1,77.06353279,2.7200
1624305641956000,1,79.15587602,2.7500
1624305719454000,1,75.47684631,2.7600
1624305719454000,1,154.23126791,2.7600
1624305719454000,1,188.69211578,2.7600
1624306088960000,1,88.97999217,2.7800
1624306088960000,1,222.44998042,2.7800
1624306092837000,1,213.67835592,2.7800
1624306095863000,1,85.47134237,2.7800
1624306095863000,1,213.67653086,2.7800
1624306101508000,1,199.18180587,2.7800
1624306206975000,1,77.74572083,2.7700
1624306273963000,1,76.85003106,2.7700
1624306273963000,1,82.80019894,2.7700
1624306738041000,0,309.42796268,2.7600
1624307080579000,0,310.61004143,2.7500
1624307080579000,0,776.52510356,2.7500
1624307580032000,1,210.30024000,2.7600
1624310055982000,1,100.00000000,2.6700
1624310163316000,1,8.84000000,2.6500
1624310163316000,1,13.00000000,2.6500
1624310163316000,1,13.00000000,2.6500
1624310163316000,1,50.00000000,2.6500
1624310241371000,0,99.92807008,2.6400
1624310347969000,1,89.12990863,2.6500
1624310402661000,1,78.43372538,2.6600
1624310407559000,1,77.54151310,2.6600
1624311745570000,1,88.28208537,2.6400
1624311822148000,1,39.07700000,2.6300
1624311822148000,1,17.20000000,2.6300
1624311822148000,1,30.00000000,2.6300
1624311882299000,1,9.00000000,2.6200
1624311882299000,1,8.00000000,2.6200
1624311962691000,1,150.00000000,2.6000
1624312094565000,1,71.14320797,2.5900
1624312783195000,0,333.41608393,2.5600
1624312783195000,0,833.54020981,2.5600
1624313499156000,1,82.73513522,2.5900
1624313504767000,1,81.80905541,2.5900
1624313508994000,1,80.84216572,2.5900
1624313508994000,1,202.10541430,2.5900
1624313508994000,1,525.47407719,2.5900
1624313751956000,1,177.62396415,2.6200
1624313751956000,1,71.04958566,2.6200
1624313893959000,1,79.23674327,2.6500
1624313893959000,1,198.09185818,2.6500
1624313994797000,0,259.33205150,2.6500
1624314225211000,1,78.66100203,2.6600
1624314256724000,1,76.94509373,2.6600
1624314358781000,1,116.17389304,2.6500
1624314371367000,1,114.87578506,2.6500
1624314706557000,1,59.89683280,2.6200
1624314706557000,1,175.46739626,2.6200
1624314706557000,1,456.21523028,2.6200
1624315471386000,0,118.44923592,2.5600
1624315474799000,0,333.72644915,2.5600
1624315535566000,0,165.27395431,2.5600
1624315681793000,0,75.11389933,2.5600
1624315733770000,1,69.54997247,2.5600
1624315733770000,1,173.87493118,2.5600
1624315802259000,1,69.54404096,2.5400
1624315802259000,1,173.86010240,2.5400
1624315991258000,1,334.02008044,2.5100
1624315991258000,1,52.61271137,2.5100
1624315991258000,1,131.49291032,2.5100
1624315995558000,1,38.37671310,2.5100
1624315995558000,1,95.94178274,2.5100
1624315995558000,1,249.44863512,2.5100
1624316109296000,1,88.22917734,2.5100
1624316122773000,1,44.73000890,2.5100
1624316123955000,1,114.29725446,2.5100
1624316141289000,1,43.74031520,2.5200
1624316259577000,0,568.97580567,2.5000
1624316260754000,0,341.67481152,2.5000
1624316345567000,0,684.33903578,2.4900
1624316351143000,0,342.91995548,2.4900
1624316356171000,0,342.82786991,2.4900
1624316361096000,0,342.90468623,2.4900
1624316414617000,1,92.46712940,2.5000
1624316427764000,1,84.26681287,2.5100
1624316433763000,1,83.30673636,2.5100
1624316548678000,1,26.46844826,2.5300
1624316916645000,1,26.46844826,2.5300
1624317485362000,0,14.15363184,2.5400
1624317691375000,0,834.15900114,2.5600
1624317691375000,0,333.66360045,2.5600
1624317765970000,0,255.31749437,2.5700
1624318224772000,1,25.88221682,2.5800
1624318440105000,1,80.58817713,2.5900
1624318803901000,1,25.88221682,2.5500
1624319845365000,0,14.50598745,2.4800
