timestamp ms,type,amount,price
1628380891786000,1,12.34000000,23.8800
1628381104125000,0,7.71519801,24.0989
1628381321618000,0,22.00000000,24.0297
1628381713679000,1,41.35526024,24.1586
1628382652260000,1,14.14985262,23.9471
1628382652260000,1,2.48276720,23.9393
1628382652260000,1,2.45004441,23.9321
1628382652260000,1,28.91733577,23.9303
1628385288477000,0,104.21607393,23.9288
1628385621576000,1,2.57533797,23.7757
1628385621576000,1,2.45193256,23.7728
1628385668690000,1,1.78320063,23.7472
1628385875642000,1,2.47195708,23.7198
1628385875642000,1,2.47212827,23.7198
1628385875642000,1,2.45127021,23.7141
1628385875642000,1,31.10464444,23.7079
1628386293045000,0,2.41014629,23.6138
1628386293646000,1,1.79348651,23.6121
1628386293646000,1,5.38087479,23.5947
1628386293646000,1,22.14910854,23.5760
1628386312729000,0,1.05247373,23.6943
1628386695545000,1,2.57290588,23.5388
1628386695545000,1,2.49818917,23.5388
1628386695545000,1,14.17890495,23.5270
1628387033298000,0,2.42789051,23.5303
1628387033298000,0,2.58370086,23.5345
1628387033298000,0,13.12844065,23.5421
1628387216322000,1,10.91273585,23.5844
1628391050156000,0,1.51898777,23.3754
1628394889319000,0,2.46888875,23.7702
1628395877769000,1,2.58296526,23.8099
1628395877769000,1,2.49074612,23.8000
1628395877769000,1,2.51028110,23.7999
1628395877769000,1,61.94283966,23.7980
1628396798311000,0,2.50270810,23.8021
1628396798311000,0,17.81727571,23.8140
1628396798311000,0,2.54201912,23.8245
1628396798311000,0,25.13799707,23.8364
1628401666055000,0,17.77557627,23.8779
1628401666055000,0,2.46469624,23.8790
1628401666055000,0,2.59573106,23.8826
1628401666055000,0,53.32549700,23.8909
1628401666055000,0,28.87987345,23.8989
1628402412147000,0,1.05247373,23.9669
1628402477003000,0,1.40174430,23.9523
1628402789941000,0,2.46551422,23.9735
1628402789941000,0,2.47526180,23.9836
1628402789941000,0,3.16153292,23.9855
1628403827183000,0,7.91566478,24.0829
1628403982988000,1,1.72592687,24.0805
1628404620343000,0,1.75844745,24.1200
1628404628942000,0,1.75842880,24.1200
1628404640393000,0,1.75848197,24.1200
1628404641584000,0,1.72464178,24.1200
1628404821566000,1,2.48282639,24.1310
1628404821566000,1,3.51616356,24.1291
1628404821566000,1,2.44781561,24.1249
1628404821566000,1,2.46441445,24.1201
1628404821566000,1,2.50648112,24.1150
1628404821566000,1,10.55176452,24.1117
1628404821566000,1,41.44058598,24.1050
1628404821566000,1,11.67566719,24.1050
1628404824344000,0,2.52776278,24.1432
1628404824344000,0,2.59399850,24.1481
1628404824344000,0,5.00000000,24.1500
1628404824344000,0,13.79333611,24.1512
1628404972469000,0,5.00000000,24.2000
1628407594483000,1,5.00000000,24.2000
1628407594970000,0,2.40293396,24.2035
1628407594970000,0,2.53904122,24.2037
1628407594970000,0,2.48745925,24.2044
1628407594970000,0,2.59540744,24.2097
1628407594970000,0,36.73691224,24.2156
1628408594958000,0,2.06197457,24.1280
1628408712686000,0,29.58903000,24.1074
1628408712686000,0,48.88969845,24.1084
1628408751322000,1,15.00000000,24.0000
1628408751322000,1,38.22679854,24.0000
1628408751405000,1,136.02403479,24.0000
1628408811796000,0,14.42627327,24.0348
1628409191864000,1,3.52881339,24.0327
1628409191864000,1,2.49923858,24.0306
1628409191864000,1,0.05936297,24.0252
1628409582625000,1,1.51194444,23.9333
1628409656383000,0,17.65480561,24.0537
1628409656383000,0,2.52285579,24.0565
1628409840683000,1,2.56165725,24.0044
1628409840683000,1,7.06971826,23.9985
1628409840683000,1,2.45423993,23.9982
1628409840683000,1,21.20915477,23.9862
1628409840683000,1,2.45443530,23.9859
1628409840683000,1,64.25079449,23.9740
1628410333188000,1,2.44591866,24.0388
1628410333188000,1,2.52893040,24.0388
1628410333188000,1,2.46363294,24.0388
1628410333188000,1,2.44502540,24.0388
1628410333188000,1,116.91500000,24.0268
1628410333188000,1,41.57796952,24.0268
1628410333188000,1,103.94492379,24.0268
1628410333188000,1,38.62490929,24.0267
1628410460270000,1,7.04708333,24.0000
1628410997637000,1,2.45177000,23.9435
1628411285743000,1,1.77293401,23.9312
1628411285743000,1,5.31672376,23.9280
1628411285743000,1,2.56923828,23.9274
1628411285743000,1,2.44088507,23.9222
1628411285743000,1,2.41269759,23.9161
1628411285743000,1,2.48636902,23.9108
1628411437195000,0,2.49816566,23.9254
1628411437195000,0,2.56817685,23.9254
1628411437195000,0,77.11914484,23.9374
1628411439591000,1,3.39256794,23.8847
1628411440248000,1,1.96481982,23.8847
1628411460187000,0,1.02792122,23.9129
1628411903937000,0,2.59317592,23.8774
1628411903937000,0,0.60948154,23.8816
1628413391117000,0,2.41411518,23.8333
1628413391117000,0,0.50834300,23.8333
1628413739665000,0,1.04650891,23.8403
1628413850221000,0,1.13388743,23.8514
1628416076590000,1,2.52842791,23.7944
1628416076590000,1,17.47157209,23.7850
1628416482511000,0,1.88709130,23.7961
1628416572480000,0,12.90293504,23.8021
1628416572495000,0,1.69751074,23.8021
1628416860336000,0,4.75000000,23.8880
1628417666217000,1,2.45134321,23.7649
1628417666217000,1,2.50159342,23.7641
1628417666217000,1,95.04706337,23.7530
1628418302640000,1,79.54535981,23.6145
1628418302640000,1,10.46264019,23.6142
1628418795601000,0,1.25136411,23.6251
1628419228278000,1,54.78581410,23.5065
1628419228526000,1,1.88709130,23.4914
1628419623772000,1,2.54413500,23.5208
1628419623772000,1,2.40924957,23.5154
1628419623772000,1,2.42599464,23.5107
1628419623772000,1,1.82291458,23.5091
1628420736983000,0,21.14190000,23.6328
1628420737043000,0,0.00008642,23.6328
1628420862754000,0,1.05219574,23.7006
1628421416761000,1,6.25000000,23.4330
1628421416877000,1,174.25083333,23.3852
1628421433143000,1,2.58503964,23.3942
1628421433143000,1,2.43932845,23.3927
1628421433143000,1,0.74886873,23.3873
1628421479768000,1,2.54212732,23.3920
1628421479768000,1,2.53373490,23.3920
1628421533923000,1,2.51813616,23.4364
1628421533923000,1,72.26020000,23.4320
1628421533923000,1,8.29352564,23.4311
1628422268122000,1,1.29283151,23.5580
1628422826908000,1,3.59919388,23.5480
1628422826908000,1,1.52057020,23.5460
1628423708018000,1,5.42005574,23.4567
1628423803968000,1,3.61639092,23.4401
1628424355229000,0,2.11781539,23.4973
1628424834795000,1,7.71301475,23.5706
1628424892036000,0,2.52024861,23.5865
1628424892036000,0,3.67648864,23.5891
1628424914027000,1,2.50260739,23.5521
1628424914027000,1,2.53247410,23.5473
1628424914027000,1,1.16165576,23.5422
1628424943723000,0,2.42512645,23.5471
1628424943723000,0,2.57410282,23.5542
1628424943723000,0,1.13491574,23.5542
1628424957204000,0,1.05610048,23.5302
1628424961287000,1,2.50841592,23.4986
1628424961287000,1,2.57217444,23.4964
1628424961287000,1,1.05355465,23.4885
1628425878801000,0,2.49209919,23.7523
1628425878801000,0,2.45411313,23.7621
1628425878801000,0,2.55032545,23.7621
1628425878801000,0,2.53473148,23.7634
1628425878801000,0,17.86628271,23.7642
1628425878801000,0,75.74860573,23.7740
1628425878801000,0,71.44750000,23.7740
1628425878801000,0,1.25323881,23.7781
1628426373027000,1,171.45611814,23.7000
1628428795211000,1,2.81285226,23.6948
1628430650049000,1,1.58480172,23.5738
1628431448915000,1,77.84792200,23.5139
1628432279661000,0,2.11597220,23.5067
1628432509981000,1,1.48236986,23.4630
1628433057949000,0,2.53234905,23.4249
1628433057949000,0,2.41857707,23.4266
1628433057949000,0,2.52890930,23.4331
1628433057949000,0,5.23384052,23.4366
1628433182275000,0,12.33999999,23.3658
1628433182333000,0,0.00000001,23.3658
1628433553877000,1,1.51139283,23.2346
1628433554174000,1,0.95319324,23.2346
1628433554174000,1,2.53996813,23.2318
1628433554174000,1,2.56873343,23.2268
1628433554174000,1,1.62929054,23.2230
1628433597710000,1,2.44639963,23.2594
1628433597710000,1,2.50314279,23.2540
1628433597710000,1,5.46933186,23.2514
1628433597805000,0,5.46933186,23.2500
1628433598039000,0,30.36179386,23.2500
1628433610917000,0,1.24731183,23.2491
1628433634701000,0,2.50002650,23.2440
1628433634701000,0,2.23133741,23.2452
1628433644057000,0,2.43563164,23.2357
1628433644057000,0,2.58892496,23.2421
1628433644057000,0,1.08422882,23.2442
1628433738617000,1,1.07550362,23.1500
1628433762481000,1,1.83158573,23.1489
1628433762481000,1,5.49339760,23.1291
1628434027839000,1,2.59978276,23.1386
1628434512891000,1,2.43153278,23.0790
1628434512891000,1,1.83600335,23.0761
1628434512891000,1,2.47701067,23.0743
1628434512891000,1,2.47108684,23.0679
1628434512891000,1,3.48382442,23.0594
1628434579514000,1,43.40000000,23.0000
1628434579514000,1,10.00000000,23.0000
1628434579608000,1,77.28963592,22.9656
1628434579608000,1,2.51049866,22.9570
1628434579608000,1,57.76999381,22.9561
1628434579641000,1,118.70850000,22.9561
1628434671205000,1,36.78939565,22.9340
1628434671445000,1,3.69866569,22.9060
1628434671859000,1,2.54788214,22.8562
1628434671859000,1,1.95143520,22.8553
1628434768297000,1,1.85480723,22.8371
1628434768297000,1,5.56123099,22.8235
1628434768297000,1,28.21489007,22.8100
1628434773068000,0,2.58010030,22.8447
1628434773068000,0,1.73817548,22.8561
1628434827497000,0,77.54693831,22.9113
1628435000250000,1,7.39521165,22.9063
1628435000347000,0,7.39521165,22.8939
1628435000410000,0,11.01088176,22.8939
1628435833658000,1,10.00000000,22.9415
1628435873837000,1,0.95896042,22.8845
1628436387580000,1,1.85560019,22.8206
1628436389515000,0,1.85560019,22.8206
1628436396697000,0,1.85547539,22.8206
1628436396890000,0,2.14633898,22.8206
1628436529510000,1,2.48194229,22.7224
1628436529510000,1,3.10252847,22.7198
1628436581095000,1,1.85888088,22.7721
1628436581095000,1,5.57420768,22.7720
1628436581095000,1,38.98175899,22.7710
1628436625180000,1,1.00000000,22.7225
1628436697166000,0,2.42814591,22.7035
1628436697166000,0,2.06079282,22.7035
1628436747433000,1,0.96901145,22.6714
1628436913854000,0,1.00000000,22.9091
1628437524002000,0,2.18695411,22.8081
1628437524208000,1,2.51569174,22.7787
1628437524208000,1,2.36381264,22.7726
1628437535891000,1,3.65649595,22.7824
1628438437734000,0,2.46032248,22.7888
1628438507391000,0,2.59771533,22.7367
1628438507391000,0,2.48605913,22.7416
1628438507391000,0,38.78732512,22.7447
1628438513098000,0,2.40269906,22.7333
1628438513098000,0,2.55769954,22.7333
1628438513098000,0,0.66729599,22.7428
1628439233112000,0,2.51314439,22.9145
1628439233112000,0,1.82875265,22.9200
1628439305702000,0,2.56483789,22.9647
1628439305702000,0,2.45078260,22.9694
1628439305702000,0,116.91500000,22.9740
1628439305702000,0,73.73380000,22.9740
1628439305702000,0,825.59000000,22.9745
1628439305702000,0,2.43936607,22.9747
1628439305702000,0,18.45670270,22.9807
1628439305702000,0,43.54465902,22.9861
1628439305702000,0,31.18213000,22.9862
1628439305788000,1,23.11900000,22.9902
1628439305789000,1,1.90207054,22.9902
1628439879120000,0,34.19078883,22.8286
1628439978501000,1,1.00000000,22.7151
1628440506176000,0,18.66029540,22.7478
1628440506176000,0,19.23289682,22.7612
1628440607903000,0,5.27522613,22.7023
1628440754342000,0,2.16937894,22.7575
1628440911902000,0,18.63336751,22.7772
1628440911902000,0,1.36663249,22.7800
1628440942017000,1,2.57837974,22.7556
1628440942017000,1,1.86266612,22.7442
1628440942017000,1,2.47506541,22.7421
1628440942017000,1,2.53810369,22.7421
1628440942146000,0,2.57054039,22.7414
1628440942199000,0,58.40000000,22.7414
1628440942216000,0,1.14165122,22.7414
1628441392118000,1,1.11412574,22.6000
1628441392118000,1,10.00000000,22.6000
1628441588240000,1,2.41039606,22.5473
1628441588240000,1,2.51578061,22.5472
1628441588240000,1,2.57266781,22.5419
1628441588240000,1,54.17369403,22.5360
1628442067543000,1,5.00000000,22.5740
1628442278633000,1,6.29336363,22.3565
1628442279243000,1,2.48002412,22.3142
1628442279243000,1,2.63598875,22.3111
1628442279243000,1,80.28381825,22.3046
1628442279243000,1,2.27950480,22.3035
1628442279243000,1,1.89810924,22.3030
1628442279243000,1,5.48509359,22.3000
1628442318116000,1,5.27522613,22.3812
1628442330783000,0,1.16168772,22.3718
1628442335505000,0,2.48061194,22.3596
1628442335505000,0,2.46593915,22.3596
1628442335505000,0,0.05344891,22.3679
1628442433880000,0,2.20182092,22.3414
1628442474443000,1,39.31490641,22.3000
1628442474443000,1,13.20000000,22.3000
1628442478585000,1,15.00000000,22.2700
1628442493870000,0,2.58613312,22.2395
1628442493870000,0,2.47074294,22.2443
1628442493870000,0,0.06211810,22.2506
1628442496603000,1,2.44766241,22.2021
1628442496603000,1,0.00416695,22.2021
1628442721849000,1,2.49060083,22.3310
1628442721849000,1,1.89549359,22.3282
1628442721849000,1,2.53367456,22.3257
1628442721849000,1,5.68818704,22.3088
1628442721849000,1,34.15379809,22.3020
1628443185414000,0,171.45611814,22.3151
1628443444252000,1,4.86535590,22.4320
1628443598638000,0,2.49975231,22.4413
1628443598638000,0,2.46698717,22.4413
1628443598638000,0,2.56925436,22.4419
1628443598638000,0,2.41757501,22.4502
1628443598638000,0,3.34542262,22.4526
1628443648199000,1,2.45395117,22.4239
1628443648199000,1,1.88851946,22.4174
1628443648199000,1,2.44097393,22.4092
1628443648199000,1,2.40134822,22.4024
1628443648418000,0,167.16210372,22.4024
1628443828569000,1,2.40314098,22.4952
1628443828569000,1,2.41713276,22.4952
1628443828569000,1,30.35892572,22.4840
1628443873747000,1,2.49570679,22.5234
1628443873747000,1,2.48261244,22.5181
1628443873747000,1,0.02168077,22.5160
1628444287764000,0,2.21237176,22.5899
1628444297135000,0,2.49943144,22.5952
1628444303282000,0,2.51217449,22.6160
1628444303282000,0,2.58353159,22.6160
1628444303282000,0,3.72569392,22.6273
1628444324151000,0,2.46664567,22.6368
1628444324151000,0,2.54560664,22.6368
1628444479566000,0,2.40684804,22.6188
1628444479566000,0,2.58137184,22.6204
1628444479566000,0,0.23961285,22.6285
1628447012451000,0,18.95995848,22.3796
1628447012451000,0,17.18607019,22.3817
1628447370084000,0,1.00000000,22.4881
1628448142038000,1,1.00000000,22.2933
1628448531525000,0,1.00000000,22.4338
1628448890488000,1,1.60000000,22.2500
1628449077577000,1,1.00000000,22.1520
1628449105697000,0,2.46552905,22.2807
1628449105697000,0,2.44715348,22.2853
1628449112580000,1,2.55206075,22.2361
1628449112580000,1,28.80569764,22.2290
1628449247023000,1,2.49958892,22.1701
1628449247023000,1,1.56946527,22.1665
1628449658325000,0,2.49986189,22.1411
1628449658325000,0,1.42498319,22.1420
1628449823526000,1,40.00000000,22.1700
1628449908299000,0,5.00000000,22.1180
1628449970611000,0,1.91542639,22.1200
1628450003874000,0,11.28457361,22.1200
1628450616083000,1,2.53939617,22.1181
1628450616083000,1,2.49767823,22.1179
1628450616083000,1,2.46903415,22.1123
1628450616083000,1,35.13361818,22.1070
1628450807563000,1,2.54666561,22.2368
1628450807563000,1,3.80745139,22.2360
1628450807563000,1,2.42932806,22.2317
1628450807563000,1,2.27863162,22.2270
1628450961198000,1,171.21883292,22.2835
1628451660161000,0,1.33755620,22.3174
1628451864999000,0,1.32408016,22.3030
1628452501124000,1,1.08921425,22.1181
1628452607013000,0,1.00000000,22.2380
1628452805226000,1,76.05570000,22.2490
1628452806044000,1,44.84925906,22.2481
1628452835421000,0,0.89241551,22.2996
1628452888348000,1,76.30550000,22.1930
1628452905826000,1,45.07244797,22.1578
1628453136161000,1,383.96768706,22.0848
1628453199851000,1,76.71760000,22.0690
1628453542305000,0,2.23163714,22.2320
1628453648601000,0,44.96687728,22.2579
1628454364067000,1,9.62500000,22.3267
1628454366295000,1,4.81250000,22.3267
1628455015922000,1,1.76237099,22.2000
1628455752217000,0,1.12179074,22.1749
1628455915728000,1,2.43640036,22.2369
1628455915728000,1,2.37945514,22.2321
1628456520937000,0,2.66696312,22.2619
1628456825189000,1,82.64327823,22.2857
1628456925187000,1,2.46469187,22.3031
1628456925187000,1,2.41065064,22.3026
1628456925187000,1,1.46575582,22.2977
1628457540629000,0,2.52800917,22.4476
1628457540629000,0,2.50521825,22.4497
1628457540629000,0,2.46343466,22.4542
1628457540629000,0,31.89610000,22.4588
1628457540629000,0,2.54150697,22.4597
1628457540629000,0,18.90281973,22.4623
1628457540629000,0,56.75481256,22.4678
1628457540629000,0,83.24636668,22.4701
1628457540629000,0,20.07751444,22.4702
1628458302711000,0,2.47336648,22.5671
1628458302711000,0,1.93546741,22.5712
1628458657205000,0,6.85362617,22.6000
1628460192432000,0,2.49986189,22.7718
1628460192432000,0,1.42498319,22.7718
1628460497713000,0,2.58613312,22.8290
1628460497713000,0,2.47074294,22.8290
1628460497713000,0,0.06211809,22.8290
1628460497718000,0,0.00000001,22.8290
1628460614854000,0,2.58289418,22.9208
1628460614854000,0,2.43785775,22.9262
1628460614854000,0,18.54124017,22.9272
1628460614854000,0,2.49896010,22.9314
1628460614854000,0,6.68459907,22.9392
1628460614854000,0,55.64282770,22.9392
1628460614854000,0,2.51749227,22.9417
1628460614854000,0,116.91500000,22.9484
1628460614854000,0,78.97805981,22.9484
1628460614854000,0,400.01250187,22.9560
1628460668630000,1,2.58501448,22.8909
1628460668630000,1,38.59708986,22.8861
1628460815554000,1,2.45430022,22.9189
1628460815554000,1,2.49223994,22.9123
1628460815554000,1,43.61196615,22.9075
1628460815554000,1,13.21465021,22.9075
1628461265681000,0,1.55183591,23.0164
1628461534972000,0,18.51137909,22.9633
1628461534972000,0,2.41592043,22.9715
1628461534972000,0,0.79099767,22.9751
1628461820348000,1,81.31663583,22.9440
1628461875551000,0,18.54297954,22.9223
1628461875551000,0,2.44020781,22.9365
1628461875551000,0,24.28478807,22.9399
1628462040850000,1,2.42488701,22.8774
1628462040850000,1,1.47511299,22.8764
1628462071573000,0,10.84435445,22.9305
1628462369786000,0,1.87906064,22.8997
1628463587761000,1,1.37161986,22.8988
1628464893503000,0,18.50816427,22.9920
1628464893503000,0,2.45645679,23.0011
1628465024134000,1,78.31038271,22.8504
1628465083340000,1,43.80134808,22.8155
1628465083340000,1,1.46662734,22.8155
1628468162344000,0,44.86790000,22.3018
1628468162790000,0,0.00002423,22.3018
1628468788651000,0,5.11168814,22.2984
1628469965787000,1,1.68409090,22.0000
1628469965787000,1,20.15500000,22.0000
1628469965787000,1,50.00000000,22.0000
1628469966382000,1,2.49962103,21.9764
1628469966382000,1,1.00037897,21.9724
1628469967197000,1,1.72965517,21.9799
1628470678586000,0,2.55396552,21.9682
1628470678586000,0,1.31320931,21.9732
1628470888708000,1,2.50872551,21.8715
1628470888708000,1,2.32300394,21.8672
1628470889546000,1,2.45082563,21.8715
1628471492420000,1,2.29370940,21.7068
1628471492862000,1,7.14008271,21.6993
1628471508684000,0,2.41879053,21.6982
1628471508684000,0,2.28181327,21.6984
1628471836482000,0,2.26974842,21.7137
1628472549966000,1,2.43355288,21.9075
1628472549966000,1,2.55106997,21.9026
1628472549966000,1,2.93104193,21.8980
1628472673217000,1,45.68778532,21.8684
1628472673772000,1,45.69654453,21.8656
1628473151518000,1,45.43888624,21.9570
1628473167520000,1,2.53568051,21.9424
1628475336957000,1,2.41843189,21.9223
1628475336957000,1,8.26082323,21.9142
1628476018911000,0,15.90116873,21.9548
1628476019002000,1,2.50529857,21.9548
1628476019002000,1,384.88828947,21.9539
1628476040298000,0,19.30182786,22.0489
1628476040298000,0,32.52005000,22.0492
1628476040298000,0,2.50401290,22.0592
1628476040298000,0,45.34345027,22.0673
1628476052841000,0,2.49544948,22.1355
1628476052841000,0,53.05883214,22.1410
1628478152062000,1,1.00000000,22.1307
1628478328336000,1,5.42217722,22.1284
1628481775246000,0,4.46426123,22.2887
1628482608157000,0,2.50784101,22.1226
1628482608157000,0,19.22533820,22.1249
1628482608157000,0,2.44975592,22.1286
1628482608157000,0,83.21799162,22.1396
1628482608157000,0,57.67304250,22.1396
1628482608157000,0,45.19464883,22.1537
1628482608157000,0,766.04000000,22.1537
1628482608157000,0,106.76565630,22.1601
1628482610145000,0,2.50995208,22.1207
1628482610145000,0,19.22533820,22.1249
1628482610145000,0,2.45792136,22.1275
1628482909281000,0,1.12367631,22.1295
1628483620082000,1,2.09281710,22.3267
1628484672247000,0,2.43408774,22.3220
1628484672247000,0,1.09532350,22.3257
1628484836305000,1,382.17446612,22.2500
1628486412838000,1,2.03035994,22.3029
1628486509877000,1,1.55183591,22.3497
1628488489747000,0,2.52246094,22.2103
1628488489747000,0,2.58795199,22.2150
1628488489747000,0,6.59573920,22.2164
1628488843635000,0,1.00000000,22.3236
1628489681741000,0,1.50000000,22.0517
1628490373516000,1,2.59586369,22.0465
1628490373516000,1,4.23755821,22.0422
1628491260178000,1,1.79252609,22.1906
1628491431613000,1,2.34631058,22.0699
1628491431613000,1,1.95647852,22.0667
1628491495310000,1,2.49203505,22.0548
1628491495310000,1,2.10684172,22.0504
1628492623837000,0,2.24730080,22.1825
1628493654496000,1,2.58079974,22.1139
1628493654609000,0,2.40628140,22.1100
1628493658093000,0,19.20091346,22.1100
1628493661074000,0,19.20167559,22.1100
1628493661878000,0,5.80730447,22.1100
1628494331047000,0,10.00000000,22.1298
1628495337312000,0,4.43621726,22.4296
1628496750677000,1,18.89794710,22.4825
1628497939305000,0,2.55396552,22.5823
1628497939305000,0,1.31320931,22.5823
1628497965356000,1,2.57233008,22.5932
1628497965356000,1,16.23235362,22.5930
1628497965361000,1,2.57233009,22.5930
1628498061587000,1,2.50478851,22.5629
1628498061587000,1,4.64097789,22.5594
1628498139010000,0,2.42467554,22.5918
1628498139010000,0,2.59595310,22.5931
1628498139010000,0,2.58174469,22.6017
1628498139010000,0,1.20448110,22.6030
1628498630459000,0,17.89132900,22.6209
1628499146799000,1,13.10000000,22.6500
1628499197397000,1,6.70332056,22.6373
1628499811841000,1,1.00000000,22.5391
1628500270223000,0,1.32364718,22.5520
1628500483384000,0,2.56135373,22.5937
1628500483384000,0,2.43240185,22.5970
1628500536483000,1,10.18073271,22.5593
1628500574532000,0,1.00000000,22.6005
1628500612100000,0,75.37153853,22.6625
1628500612100000,0,1.60108373,22.6636
1628500690919000,1,6.57527246,22.7002
1628500703126000,0,2.41345973,22.6999
1628500703126000,0,0.58654027,22.6999
1628500732171000,0,56.28879908,22.6819
1628500732171000,0,1.39068775,22.6901
1628500733331000,1,1.34956591,22.6523
1628500793116000,1,2.00000000,22.7589
1628501017867000,0,5.11168814,22.8616
1628501050426000,0,18.58288470,22.9003
1628501050426000,0,2.52262395,22.9031
1628501050426000,0,4.68000278,22.9146
1628501050478000,0,55.74441842,22.9146
1628501073544000,0,4.68000278,22.9322
1628501073544000,0,2.47122798,22.9353
1628501073544000,0,109.58999514,22.9408
1628501073544000,0,20.28186388,22.9408
1628501126205000,0,7.67964667,22.9633
1628501469973000,1,1.09512376,22.8984
1628501501854000,0,18.55173096,22.9382
1628501501854000,0,341.44434096,22.9430
1628501572528000,0,32.12464444,22.9081
1628501669775000,0,18.49572795,23.0079
1628501669775000,0,55.53485911,23.0108
1628501669777000,0,3.21750191,23.0193
1628501669777000,0,55.50629510,23.0224
1628501795324000,0,4.27843629,22.9600
1628501802171000,0,2.29683617,22.9600
1628502116332000,0,6.25000000,23.1000
1628502116334000,0,3.75000000,23.1000
1628502116344000,0,43.30455641,23.1104
1628502116394000,1,4.68000278,23.1197
1628502137213000,0,2.43732774,23.2301
1628502137213000,0,2.40237152,23.2377
1628502137213000,0,18.90950806,23.2417
1628502137703000,0,2.56347074,23.2331
1628502137703000,0,3.78382457,23.2417
1628502333235000,1,40.00000000,23.1837
1628503016210000,0,22.90053721,23.2515
1628503109976000,0,18.29373743,23.2566
1628503109976000,0,25.89241468,23.2660
1628503258558000,0,49.00000000,23.3155
1628503258558000,0,2.40269906,23.3156
1628503258558000,0,2.55769954,23.3156
1628503258558000,0,0.66729599,23.3156
1628503268433000,0,2.42814591,23.3293
1628503268433000,0,2.06079282,23.3293
1628503660635000,0,18.19431899,23.3787
1628503660635000,0,54.60069905,23.3818
1628503660635000,0,2.47067001,23.3825
1628503660739000,1,7.94041424,23.3827
1628503866195000,0,10.00000000,23.4000
1628503914539000,0,18.13693489,23.4635
1628503914539000,0,9.04679020,23.4637
1628503981601000,0,36.78939565,23.4885
1628504065171000,0,3.17182664,23.5389
1628504140702000,0,44.80000000,23.5500
1628504213951000,1,0.89241551,23.5636
1628504722544000,1,2.51525751,23.4585
1628504722544000,1,2.41369311,23.4505
1628504722544000,1,18.12396329,23.4467
1628504722544000,1,0.62313906,23.4457
1628504731595000,1,2.41695226,23.4680
1628504731595000,1,2.45617486,23.4658
1628504731595000,1,2.49465929,23.4585
1628504731595000,1,1.40941359,23.4563
1628504787819000,0,2.43536914,23.4962
1628504787819000,0,0.08421412,23.5021
1628505302199000,0,1.25765071,23.5942
1628505405853000,0,2.44040123,23.6275
1628505405853000,0,4.80410987,23.6284
1628505551180000,0,2.48744686,23.6019
1628505551180000,0,18.02868290,23.6066
1628505551180000,0,2.58915659,23.6078
1628505551180000,0,2.44520784,23.6107
1628505551180000,0,2.43757270,23.6155
1628505551180000,0,54.08426633,23.6196
1628505551180000,0,129.16493284,23.6275
1628505556907000,0,18.02868290,23.6066
1628505556994000,1,126.26915312,23.6117
1628505716121000,0,1.16168772,23.6584
1628506073463000,0,2.08170953,23.6716
1628506675726000,0,2.43563164,23.8287
1628506675726000,0,2.58892496,23.8287
1628506675726000,0,1.08422882,23.8287
1628506801280000,0,2.50002650,23.8630
1628506801280000,0,2.23133741,23.8630
1628506842213000,0,18.63336751,23.9000
1628506842213000,0,1.36663249,23.9000
1628506859310000,1,2.51958326,23.9039
1628506871772000,0,2.44541425,23.9396
1628506871772000,0,1.64039826,23.9487
1628506990781000,0,17.81821809,23.8746
1628506990781000,0,47.77432377,23.8746
1628507357896000,0,12.00000000,23.8200
1628507428807000,0,17.00000000,23.9200
1628507431210000,0,18.00000000,23.9300
1628507450915000,0,1.50000000,23.9500
1628507576832000,1,2.05215301,23.9200
1628507583064000,0,5.00000000,23.9241
1628507805744000,1,0.84000000,23.9108
1628507874599000,1,2.47755448,23.8969
1628507874599000,1,2.21134144,23.8899
1628507943869000,0,10.00000000,23.9700
1628507945388000,0,17.00000000,23.9800
1628508194961000,0,12.00000000,23.9900
1628508264977000,0,4.75000000,23.9998
1628508265245000,0,43.87109958,24.0000
1628508265245000,0,9.77890042,24.0000
1628508265528000,0,23.66131926,24.0000
1628508265528000,0,16.00000000,24.0000
1628508313886000,0,10.00000000,24.0750
1628508564398000,0,2.49609125,24.0635
1628508564398000,0,17.66861216,24.0651
1628508564398000,0,2.51650663,24.0709
1628508564398000,0,27.31878996,24.0711
1628508779589000,1,1.00000000,23.9434
1628508889610000,0,1.04125659,23.8900
1628509195241000,0,103.73487030,23.9800
1628509402057000,0,171.21883292,24.0000
1628509431112000,1,2.45861101,24.0094
1628509431112000,1,2.96356622,24.0079
1628509475045000,1,2.53447421,24.0208
1628509475045000,1,7.46552579,24.0158
1628509487184000,1,2.50494696,24.0098
1628509487184000,1,7.49505304,24.0062
1628509808179000,1,0.84000000,23.9651
1628509938484000,1,2.42435749,24.0079
1628509938484000,1,2.53353347,24.0026
1628509938484000,1,5.04210904,23.9970
1628510371127000,0,1.03519017,24.0300
1628510402626000,0,13.96480983,24.0300
1628510571985000,0,21.39447064,24.0500
1628511012257000,1,41.74425597,23.9408
1628511024278000,1,2.47967802,23.9400
1628511025302000,1,177.23592141,23.9364
1628511336346000,1,66.07414920,23.8640
1628511576787000,0,2.45481281,23.7553
1628511576787000,0,2.77754421,23.7618
1628511577265000,1,2.49753138,23.7341
1628511577265000,1,2.55843810,23.7283
1628511577265000,1,2.43746781,23.7225
1628511577265000,1,16.27219740,23.7222
1628511628112000,1,4.40883389,23.7590
1628511939918000,0,2.47286372,23.8496
1628511939918000,0,2.56238528,23.8529
1628511939918000,0,2.49637913,23.8581
1628511939918000,0,0.82009988,23.8615
1628512361089000,1,2.56929777,23.8935
1628512361089000,1,2.65853496,23.8860
1628512730465000,0,2.48710965,23.8531
1628512730465000,0,2.55138142,23.8587
1628512730465000,0,17.80781720,23.8599
1628512730465000,0,53.43917543,23.8643
1628512730465000,0,2.57344783,23.8645
1628512730465000,0,44.33668136,23.8714
1628512790787000,1,2.51762900,23.8562
1628512790787000,1,1.01178224,23.8556
1628513037635000,0,10.01648772,23.9375
1628513195977000,1,1.24220086,23.9340
1628513237270000,0,2.43546997,23.9825
1628513237270000,0,17.71869586,23.9863
1628513237270000,0,2.29640880,23.9875
1628513237270000,0,2.67923726,23.9946
1628513237270000,0,40.27264496,23.9979
1628513681059000,1,2.45300443,23.9430
1628513681059000,1,16.85695131,23.9421
1628513684934000,1,2.53086593,23.9402
1628513684934000,1,8.33977631,23.9337
1628513843208000,0,2.42316359,23.9820
1628513843208000,0,2.47153389,23.9834
1628513843446000,1,10.40294122,23.9834
1628514006789000,1,2.49427617,24.0030
1628514006789000,1,2.42246998,24.0030
1628514006789000,1,2.40235981,23.9970
1628514006789000,1,5.97988551,23.9910
1628514041369000,0,2.54711864,24.0640
1628514041369000,0,9.58476607,24.0701
1628514100250000,1,2.32100308,24.0120
1628514216071000,0,2.07105260,24.0222
1628515341220000,0,2.56599122,23.8804
1628515341220000,0,1.43400878,23.8829
1628516008013000,0,11.99859678,23.9522
1628516092109000,1,2.49699780,23.9300
1628516092332000,0,17.75095163,23.9300
1628516094288000,0,17.75095163,23.9300
1628516249243000,0,2.49500110,23.9120
1628516249243000,0,1.66578650,23.9179
1628517387198000,1,2.57389636,23.4374
1628517441829000,1,2.49929875,23.4933
1628517441829000,1,18.07914994,23.4928
1628517441829000,1,2.52075527,23.4837
1628517441829000,1,54.23903573,23.4807
1628517441829000,1,2.57325518,23.4755
1628517441829000,1,84.07792155,23.4750
1628517441832000,1,32.83707845,23.4750
1628517441832000,1,54.27495472,23.4657
1628517441942000,1,42.60102095,23.4428
1628517441942000,1,42.59011550,23.4428
1628517441942000,1,4.81686355,23.4428
1628517443712000,1,2.53810917,23.4395
1628517443712000,1,2.50864839,23.4370
1628517443712000,1,66.02975375,23.4278
1628517454743000,1,2.56008009,23.4380
1628517454743000,1,116.91500000,23.4350
1628517454743000,1,27.24236451,23.4350
1628517459522000,0,2.53510972,23.4676
1628517613621000,0,2.35993875,23.5995
1628517613621000,0,8.58273543,23.6026
1628517669568000,1,10.00000000,23.6291
1628517792580000,1,65.40245685,23.6710
1628518050646000,1,80.99351653,23.9440
1628518152382000,1,79.75602139,23.8566
1628518262498000,0,1.00000000,23.9210
1628518300824000,0,1.04076561,23.9609
1628518390266000,1,2.54368631,23.8410
1628518564672000,1,17.79874210,23.8768
1628518564672000,1,70.97390000,23.8760
1628518564672000,1,2.42609738,23.8720
1628518564814000,0,355.85051256,23.8690
1628518564997000,0,53.37757689,23.8690
1628518564998000,0,17.79252563,23.8690
1628518565386000,0,81.78064544,23.8690
1628518607832000,1,1.05909986,23.8410
1628519163805000,0,2.09011663,23.7857
1628520397987000,0,2.43030777,23.7059
1628520397987000,0,2.56711393,23.7116
1628520397987000,0,17.94893192,23.7143
1628520405499000,0,2.55961700,23.7190
1628520405499000,0,17.80079629,23.7219
1628520406398000,0,0.13944558,23.7219
1628520721034000,0,2.55584827,23.7293
1628520721034000,0,0.58877960,23.7412
1628521210308000,0,34.19078883,23.7900
1628521890087000,1,2.51138941,23.9694
1628521890087000,1,37.53788445,23.9676
1628522004283000,0,13.10000000,24.0000
1628522207630000,1,0.84000000,24.0261
1628523311540000,0,17.64512134,24.1000
1628523311568000,0,4.48636887,24.1000
1628523378746000,0,2.00000000,24.1416
1628523401392000,0,1.76237099,24.2000
1628523414783000,1,2.41856416,24.1258
1628523414783000,1,10.88050811,24.1242
1628523517233000,0,1.02931072,24.1673
1628523557306000,0,2.40605798,24.1737
1628523557306000,0,2.50193048,24.1797
1628523557306000,0,0.39342469,24.1810
1628523720930000,0,4.07344609,24.1503
1628523817861000,0,2.44038003,24.1494
1628523817861000,0,17.62385470,24.1522
1628523817861000,0,0.53491229,24.1615
1628524328242000,0,2.34401814,24.2684
1628524721814000,1,2.47881093,24.2461
1628524721814000,1,2.57494097,24.2442
1628524721814000,1,8.90255331,24.2407
1628525020001000,0,2.40810805,24.1902
1628525211597000,0,350.31956764,24.2859
1628525211598000,0,17.51657164,24.2859
1628525212147000,0,318.97529364,24.2859
1628525345355000,0,2.48328098,24.2970
1628525345355000,0,2.50688057,24.2997
1628525345355000,0,2.47071694,24.3075
1628525345355000,0,17.51669387,24.3092
1628525345355000,0,43.40000000,24.3100
1628525345355000,0,52.55862599,24.3187
1628525345355000,0,2.51628545,24.3188
1628525345355000,0,80.49244753,24.3310
1628525345355000,0,2.34000139,24.3320
1628525345355000,0,69.89080000,24.3320
1628525345355000,0,52.54323953,24.3322
1628525345355000,0,4.66908051,24.3392
1628525345355000,0,49.49426452,24.3450
1628525345355000,0,87.59453954,24.3450
1628525345355000,0,156.70918056,24.3527
1628525515299000,1,103.36034562,24.0667
1628525781485000,0,0.85831003,24.1363
1628526941902000,1,2.44008617,24.0640
1628526941902000,1,1.48687318,24.0634
1628527517996000,0,10.00000000,24.0719
1628529174181000,1,2.58916515,24.1026
1628529174181000,1,0.62600469,24.0983
1628531703824000,1,1.71450112,24.1935
1628532107736000,1,1.60817452,24.1718
1628532425751000,0,2.56631914,24.2282
1628532425751000,0,17.57667795,24.2332
1628532425751000,0,2.00944173,24.2341
1628532662271000,0,17.57753862,24.2300
1628532662271000,0,0.60303430,24.2435
1628532838187000,0,17.57400021,24.2335
1628532838187000,0,2.59962305,24.2414
1628532838187000,0,2.55276641,24.2466
1628532838187000,0,2.45016223,24.2515
1628532838187000,0,2.56862768,24.2572
1628532838187000,0,13.29485458,24.2577
1628533742375000,1,1.05610048,24.2916
1628533988922000,1,1.21538467,24.3162
1628534415888000,0,5.00000000,24.4300
1628534540359000,1,2.54770720,24.4633
1628534540359000,1,1.61308040,24.4570
1628534881214000,0,9.91496178,24.4714
1628534994073000,1,2.43707715,24.4225
1628534994073000,1,2.52928302,24.4177
1628534994073000,1,2.53570942,24.4124
1628534994073000,1,2.49793041,24.4103
1628535131102000,0,2.40086676,24.4387
1628535131102000,0,12.33136838,24.4491
1628535201512000,0,2.42613736,24.4514
1628535201512000,0,1.64520165,24.4540
1628535431330000,0,3.36098620,24.3917
1628535478342000,0,8.47160798,24.3716
1628535734103000,1,2.43840316,24.3976
1628535734103000,1,2.52879723,24.3922
1628535734103000,1,2.45470050,24.3872
1628535734103000,1,2.57809911,24.3856
1628535781226000,1,2.50743831,24.3715
1628535781226000,1,0.67313461,24.3664
1628536058976000,1,10.00000000,24.4367
1628536119715000,0,17.41785217,24.4612
1628536119715000,0,2.40689860,24.4666
1628536119715000,0,2.51870445,24.4727
1628536119715000,0,10.27015841,24.4802
1628536149215000,0,0.85041558,24.4774
1628536233311000,1,5.00000000,24.4548
1628536480360000,1,2.48976439,24.4261
1628536480360000,1,2.41391460,24.4212
1628536480360000,1,17.42736385,24.4208
1628536480360000,1,21.85510927,24.4194
1628536563742000,0,2.55804899,24.3980
1628536563742000,0,2.42972685,24.4031
1628536563742000,0,15.39860505,24.4053
1628537718095000,1,2.48465864,24.1821
1628537774982000,1,2.10072431,24.1820
1628538017083000,0,2.48895596,24.2000
1628538017083000,0,17.60118864,24.2034
1628538017083000,0,2.52831231,24.2065
1628538017083000,0,39.27467651,24.2079
1628538164309000,0,2.42471634,24.1876
1628538164309000,0,2.53987950,24.1994
1628538164309000,0,15.67329413,24.1997
1628538557966000,1,2.55888501,24.1099
1628538652414000,1,19.87466554,24.0764
1628538692480000,1,2.51921065,24.0570
1628538692480000,1,2.53018450,24.0532
1628538692661000,1,2.43072309,24.0559
1628538696063000,1,2.58493978,24.0577
1628538696063000,1,2.54170764,24.0527
1628539060010000,0,1.03792355,24.0265
1628539462929000,0,2.45284991,24.1166
1628539462929000,0,1.03537844,24.1216
1628539581814000,1,2.40568210,24.1122
1628539581814000,1,2.57026895,24.1055
1628539581814000,1,2.50220297,24.1054
1628539581814000,1,2.43865915,24.1045
1628539581814000,1,17.65586845,24.1011
1628539581814000,1,2.57316008,24.0985
1628539581814000,1,6.00018697,24.0934
1628539871183000,0,1.23620229,24.1471
1628539919557000,0,2.50210269,24.0981
1628539919557000,0,2.49481206,24.1012
1628539919557000,0,0.86105626,24.1102
1628540143632000,1,5.75538935,24.1186
1628540173509000,1,11.88790808,24.1186
1628540173509000,1,6.00342092,24.1160
1628540399751000,0,2.41442485,24.1769
1628540399751000,0,2.67325661,24.1824
1628540399751000,0,1.04947872,24.1833
1628541051655000,1,2.41156496,23.9334
1628541051655000,1,17.77692693,23.9214
1628541051655000,1,2.40012002,23.9203
1628541051655000,1,2.41923642,23.9203
1628541051655000,1,2.67203915,23.9143
1628541051655000,1,3.05346727,23.9083
1628541051697000,1,17.82422602,23.9143
1628541161122000,1,1.51491693,23.7574
1628541193742000,1,9.91496178,23.7827
1628541471645000,0,2.57926236,23.8041
1628541471645000,0,2.45864576,23.8073
1628541471645000,0,14.96209188,23.8076
1628542240912000,1,1.55162652,23.7540
1628542639555000,1,37.23212236,23.7183
1628543143080000,1,11.99859678,23.7310
1628543251397000,1,3.32775794,23.7732
1628543607952000,1,1.06385114,23.6000
1628543742001000,0,40.00000000,23.5617
1628545406101000,1,2.61517663,23.8524
1628545590400000,1,40.00000000,23.8606
1628545848018000,1,2.51063104,23.8190
1628545848018000,1,2.43236454,23.8139
1628545848018000,1,2.52028366,23.8090
1628545848018000,1,12.53672076,23.8072
1628548319880000,1,100.00000000,23.9170
1628548783148000,1,20.00000000,23.9610
1628550445254000,0,2.44577005,24.0499
1628550445254000,0,2.21970045,24.0610
1628552692562000,1,17.68558747,24.0713
1628552692562000,1,30.31441253,24.0703
1628553225627000,0,2.42982260,24.2102
1628553225627000,0,2.51341332,24.2157
1628553225627000,0,17.59602567,24.2223
1628553225627000,0,54.14365547,24.2290
