timestamp ms,type,amount,price
1628380891786000,1,12.34000000,23.8800
1628381104125000,0,7.71519801,24.0989
1628381321618000,0,22.00000000,24.0297
1628381713679000,1,41.35526024,24.1586
1628382652260000,1,14.14985262,23.9471
1628382652260000,1,2.48276720,23.9393
1628382652260000,1,2.45004441,23.9321
1628382652260000,1,28.91733577,23.9303
1628385288477000,0,104.21607393,23.9288
1628385621576000,1,2.57533797,23.7757
1628385621576000,1,2.45193256,23.7728
1628385668690000,1,1.78320063,23.7472
1628385875642000,1,2.47195708,23.7198
1628385875642000,1,2.47212827,23.7198
1628385875642000,1,2.45127021,23.7141
1628385875642000,1,31.10464444,23.7079
1628386293045000,0,2.41014629,23.6138
1628386293646000,1,1.79348651,23.6121
1628386293646000,1,5.38087479,23.5947
1628386293646000,1,22.14910854,23.5760
1628386312729000,0,1.05247373,23.6943
1628386695545000,1,2.57290588,23.5388
1628386695545000,1,2.49818917,23.5388
1628386695545000,1,14.17890495,23.5270
1628387033298000,0,2.42789051,23.5303
1628387033298000,0,2.58370086,23.5345
1628387033298000,0,13.12844065,23.5421
1628387216322000,1,10.91273585,23.5844
1628391050156000,0,1.51898777,23.3754
1628394889319000,0,2.46888875,23.7702
1628395877769000,1,2.58296526,23.8099
1628395877769000,1,2.49074612,23.8000
1628395877769000,1,2.51028110,23.7999
1628395877769000,1,61.94283966,23.7980
1628396798311000,0,2.50270810,23.8021
1628396798311000,0,17.81727571,23.8140
1628396798311000,0,2.54201912,23.8245
1628396798311000,0,25.13799707,23.8364
1628401666055000,0,17.77557627,23.8779
1628401666055000,0,2.46469624,23.8790
1628401666055000,0,2.59573106,23.8826
1628401666055000,0,53.32549700,23.8909
1628401666055000,0,28.87987345,23.8989
1628402412147000,0,1.05247373,23.9669
1628402477003000,0,1.40174430,23.9523
1628402789941000,0,2.46551422,23.9735
1628402789941000,0,2.47526180,23.9836
1628402789941000,0,3.16153292,23.9855
1628403827183000,0,7.91566478,24.0829
1628403982988000,1,1.72592687,24.0805
1628404620343000,0,1.75844745,24.1200
1628404628942000,0,1.75842880,24.1200
1628404640393000,0,1.75848197,24.1200
1628404641584000,0,1.72464178,24.1200
1628404821566000,1,2.48282639,24.1310
1628404821566000,1,3.51616356,24.1291
1628404821566000,1,2.44781561,24.1249
1628404821566000,1,2.46441445,24.1201
1628404821566000,1,2.50648112,24.1150
1628404821566000,1,10.55176452,24.1117
1628404821566000,1,41.44058598,24.1050
1628404821566000,1,11.67566719,24.1050
1628404824344000,0,2.52776278,24.1432
1628404824344000,0,2.59399850,24.1481
1628404824344000,0,5.00000000,24.1500
1628404824344000,0,13.79333611,24.1512
1628404972469000,0,5.00000000,24.2000
1628407594483000,1,5.00000000,24.2000
1628407594970000,0,2.40293396,24.2035
1628407594970000,0,2.53904122,24.2037
1628407594970000,0,2.48745925,24.2044
1628407594970000,0,2.59540744,24.2097
1628407594970000,0,36.73691224,24.2156
1628408594958000,0,2.06197457,24.1280
1628408712686000,0,29.58903000,24.1074
1628408712686000,0,48.88969845,24.1084
1628408751322000,1,15.00000000,24.0000
1628408751322000,1,38.22679854,24.0000
1628408751405000,1,136.02403479,24.0000
1628408811796000,0,14.42627327,24.0348
1628409191864000,1,3.52881339,24.0327
1628409191864000,1,2.49923858,24.0306
1628409191864000,1,0.05936297,24.0252
1628409582625000,1,1.51194444,23.9333
1628409656383000,0,17.65480561,24.0537
1628409656383000,0,2.52285579,24.0565
1628409840683000,1,2.56165725,24.0044
1628409840683000,1,7.06971826,23.9985
1628409840683000,1,2.45423993,23.9982
1628409840683000,1,21.20915477,23.9862
1628409840683000,1,2.45443530,23.9859
1628409840683000,1,64.25079449,23.9740
1628410333188000,1,2.44591866,24.0388
1628410333188000,1,2.52893040,24.0388
1628410333188000,1,2.46363294,24.0388
1628410333188000,1,2.44502540,24.0388
1628410333188000,1,116.91500000,24.0268
1628410333188000,1,41.57796952,24.0268
1628410333188000,1,103.94492379,24.0268
1628410333188000,1,38.62490929,24.0267
1628410460270000,1,7.04708333,24.0000
1628410997637000,1,2.45177000,23.9435
1628411285743000,1,1.77293401,23.9312
1628411285743000,1,5.31672376,23.9280
1628411285743000,1,2.56923828,23.9274
1628411285743000,1,2.44088507,23.9222
1628411285743000,1,2.41269759,23.9161
1628411285743000,1,2.48636902,23.9108
1628411437195000,0,2.49816566,23.9254
1628411437195000,0,2.56817685,23.9254
1628411437195000,0,77.11914484,23.9374
1628411439591000,1,3.39256794,23.8847
1628411440248000,1,1.96481982,23.8847
1628411460187000,0,1.02792122,23.9129
1628411903937000,0,2.59317592,23.8774
1628411903937000,0,0.60948154,23.8816
1628413391117000,0,2.41411518,23.8333
1628413391117000,0,0.50834300,23.8333
1628413739665000,0,1.04650891,23.8403
1628413850221000,0,1.13388743,23.8514
1628416076590000,1,2.52842791,23.7944
1628416076590000,1,17.47157209,23.7850
1628416482511000,0,1.88709130,23.7961
1628416572480000,0,12.90293504,23.8021
1628416572495000,0,1.69751074,23.8021
1628416860336000,0,4.75000000,23.8880
1628417666217000,1,2.45134321,23.7649
1628417666217000,1,2.50159342,23.7641
1628417666217000,1,95.04706337,23.7530
1628418302640000,1,79.54535981,23.6145
1628418302640000,1,10.46264019,23.6142
1628418795601000,0,1.25136411,23.6251
1628419228278000,1,54.78581410,23.5065
1628419228526000,1,1.88709130,23.4914
1628419623772000,1,2.54413500,23.5208
1628419623772000,1,2.40924957,23.5154
1628419623772000,1,2.42599464,23.5107
1628419623772000,1,1.82291458,23.5091
1628420736983000,0,21.14190000,23.6328
1628420737043000,0,0.00008642,23.6328
1628420862754000,0,1.05219574,23.7006
1628421416761000,1,6.25000000,23.4330
1628421416877000,1,174.25083333,23.3852
1628421433143000,1,2.58503964,23.3942
1628421433143000,1,2.43932845,23.3927
1628421433143000,1,0.74886873,23.3873
1628421479768000,1,2.54212732,23.3920
1628421479768000,1,2.53373490,23.3920
1628421533923000,1,2.51813616,23.4364
1628421533923000,1,72.26020000,23.4320
1628421533923000,1,8.29352564,23.4311
1628422268122000,1,1.29283151,23.5580
1628422826908000,1,3.59919388,23.5480
1628422826908000,1,1.52057020,23.5460
1628423708018000,1,5.42005574,23.4567
1628423803968000,1,3.61639092,23.4401
1628424355229000,0,2.11781539,23.4973
1628424834795000,1,7.71301475,23.5706
1628424892036000,0,2.52024861,23.5865
1628424892036000,0,3.67648864,23.5891
1628424914027000,1,2.50260739,23.5521
1628424914027000,1,2.53247410,23.5473
1628424914027000,1,1.16165576,23.5422
1628424943723000,0,2.42512645,23.5471
1628424943723000,0,2.57410282,23.5542
1628424943723000,0,1.13491574,23.5542
1628424957204000,0,1.05610048,23.5302
1628424961287000,1,2.50841592,23.4986
1628424961287000,1,2.57217444,23.4964
1628424961287000,1,1.05355465,23.4885
1628425878801000,0,2.49209919,23.7523
1628425878801000,0,2.45411313,23.7621
1628425878801000,0,2.55032545,23.7621
1628425878801000,0,2.53473148,23.7634
1628425878801000,0,17.86628271,23.7642
1628425878801000,0,75.74860573,23.7740
1628425878801000,0,71.44750000,23.7740
1628425878801000,0,1.25323881,23.7781
1628426373027000,1,171.45611814,23.7000
1628428795211000,1,2.81285226,23.6948
1628430650049000,1,1.58480172,23.5738
1628431448915000,1,77.84792200,23.5139
1628432279661000,0,2.11597220,23.5067
1628432509981000,1,1.48236986,23.4630
1628433057949000,0,2.53234905,23.4249
1628433057949000,0,2.41857707,23.4266
1628433057949000,0,2.52890930,23.4331
1628433057949000,0,5.23384052,23.4366
1628433182275000,0,12.33999999,23.3658
1628433182333000,0,0.00000001,23.3658
1628433553877000,1,1.51139283,23.2346
1628433554174000,1,0.95319324,23.2346
1628433554174000,1,2.53996813,23.2318
1628433554174000,1,2.56873343,23.2268
1628433554174000,1,1.62929054,23.2230
1628433597710000,1,2.44639963,23.2594
1628433597710000,1,2.50314279,23.2540
1628433597710000,1,5.46933186,23.2514
1628433597805000,0,5.46933186,23.2500
1628433598039000,0,30.36179386,23.2500
1628433610917000,0,1.24731183,23.2491
1628433634701000,0,2.50002650,23.2440
1628433634701000,0,2.23133741,23.2452
1628433644057000,0,2.43563164,23.2357
1628433644057000,0,2.58892496,23.2421
1628433644057000,0,1.08422882,23.2442
1628433738617000,1,1.07550362,23.1500
1628433762481000,1,1.83158573,23.1489
1628433762481000,1,5.49339760,23.1291
1628434027839000,1,2.59978276,23.1386
1628434512891000,1,2.43153278,23.0790
1628434512891000,1,1.83600335,23.0761
1628434512891000,1,2.47701067,23.0743
1628434512891000,1,2.47108684,23.0679
1628434512891000,1,3.48382442,23.0594
1628434579514000,1,43.40000000,23.0000
1628434579514000,1,10.00000000,23.0000
1628434579608000,1,77.28963592,22.9656
1628434579608000,1,2.51049866,22.9570
1628434579608000,1,57.76999381,22.9561
1628434579641000,1,118.70850000,22.9561
1628434671205000,1,36.78939565,22.9340
1628434671445000,1,3.69866569,22.9060
1628434671859000,1,2.54788214,22.8562
1628434671859000,1,1.95143520,22.8553
1628434768297000,1,1.85480723,22.8371
1628434768297000,1,5.56123099,22.8235
1628434768297000,1,28.21489007,22.8100
1628434773068000,0,2.58010030,22.8447
1628434773068000,0,1.73817548,22.8561
1628434827497000,0,77.54693831,22.9113
1628435000250000,1,7.39521165,22.9063
1628435000347000,0,7.39521165,22.8939
1628435000410000,0,11.01088176,22.8939
1628435833658000,1,10.00000000,22.9415
1628435873837000,1,0.95896042,22.8845
1628436387580000,1,1.85560019,22.8206
1628436389515000,0,1.85560019,22.8206
1628436396697000,0,1.85547539,22.8206
1628436396890000,0,2.14633898,22.8206
1628436529510000,1,2.48194229,22.7224
1628436529510000,1,3.10252847,22.7198
1628436581095000,1,1.85888088,22.7721
1628436581095000,1,5.57420768,22.7720
1628436581095000,1,38.98175899,22.7710
1628436625180000,1,1.00000000,22.7225
1628436697166000,0,2.42814591,22.7035
1628436697166000,0,2.06079282,22.7035
1628436747433000,1,0.96901145,22.6714
1628436913854000,0,1.00000000,22.9091
1628437524002000,0,2.18695411,22.8081
1628437524208000,1,2.51569174,22.7787
1628437524208000,1,2.36381264,22.7726
1628437535891000,1,3.65649595,22.7824
1628438437734000,0,2.46032248,22.7888
1628438507391000,0,2.59771533,22.7367
1628438507391000,0,2.48605913,22.7416
1628438507391000,0,38.78732512,22.7447
1628438513098000,0,2.40269906,22.7333
1628438513098000,0,2.55769954,22.7333
1628438513098000,0,0.66729599,22.7428
1628439233112000,0,2.51314439,22.9145
1628439233112000,0,1.82875265,22.9200
1628439305702000,0,2.56483789,22.9647
1628439305702000,0,2.45078260,22.9694
1628439305702000,0,116.91500000,22.9740
1628439305702000,0,73.73380000,22.9740
1628439305702000,0,825.59000000,22.9745
1628439305702000,0,2.43936607,22.9747
1628439305702000,0,18.45670270,22.9807
1628439305702000,0,43.54465902,22.9861
1628439305702000,0,31.18213000,22.9862
1628439305788000,1,23.11900000,22.9902
1628439305789000,1,1.90207054,22.9902
1628439879120000,0,34.19078883,22.8286
1628439978501000,1,1.00000000,22.7151
1628440506176000,0,18.66029540,22.7478
1628440506176000,0,19.23289682,22.7612
1628440607903000,0,5.27522613,22.7023
1628440754342000,0,2.16937894,22.7575
1628440911902000,0,18.63336751,22.7772
1628440911902000,0,1.36663249,22.7800
1628440942017000,1,2.57837974,22.7556
1628440942017000,1,1.86266612,22.7442
1628440942017000,1,2.47506541,22.7421
1628440942017000,1,2.53810369,22.7421
1628440942146000,0,2.57054039,22.7414
1628440942199000,0,58.40000000,22.7414
1628440942216000,0,1.14165122,22.7414
1628441392118000,1,1.11412574,22.6000
1628441392118000,1,10.00000000,22.6000
1628441588240000,1,2.41039606,22.5473
1628441588240000,1,2.51578061,22.5472
1628441588240000,1,2.57266781,22.5419
1628441588240000,1,54.17369403,22.5360
1628442067543000,1,5.00000000,22.5740
1628442278633000,1,6.29336363,22.3565
1628442279243000,1,2.48002412,22.3142
1628442279243000,1,2.63598875,22.3111
1628442279243000,1,80.28381825,22.3046
1628442279243000,1,2.27950480,22.3035
1628442279243000,1,1.89810924,22.3030
1628442279243000,1,5.48509359,22.3000
1628442318116000,1,5.27522613,22.3812
1628442330783000,0,1.16168772,22.3718
1628442335505000,0,2.48061194,22.3596
1628442335505000,0,2.46593915,22.3596
1628442335505000,0,0.05344891,22.3679
1628442433880000,0,2.20182092,22.3414
1628442474443000,1,39.31490641,22.3000
1628442474443000,1,13.20000000,22.3000
1628442478585000,1,15.00000000,22.2700
1628442493870000,0,2.58613312,22.2395
1628442493870000,0,2.47074294,22.2443
1628442493870000,0,0.06211810,22.2506
1628442496603000,1,2.44766241,22.2021
1628442496603000,1,0.00416695,22.2021
1628442721849000,1,2.49060083,22.3310
1628442721849000,1,1.89549359,22.3282
1628442721849000,1,2.53367456,22.3257
1628442721849000,1,5.68818704,22.3088
1628442721849000,1,34.15379809,22.3020
1628443185414000,0,171.45611814,22.3151
1628443444252000,1,4.86535590,22.4320
1628443598638000,0,2.49975231,22.4413
1628443598638000,0,2.46698717,22.4413
1628443598638000,0,2.56925436,22.4419
1628443598638000,0,2.41757501,22.4502
1628443598638000,0,3.34542262,22.4526
1628443648199000,1,2.45395117,22.4239
1628443648199000,1,1.88851946,22.4174
1628443648199000,1,2.44097393,22.4092
1628443648199000,1,2.40134822,22.4024
1628443648418000,0,167.16210372,22.4024
1628443828569000,1,2.40314098,22.4952
1628443828569000,1,2.41713276,22.4952
1628443828569000,1,30.35892572,22.4840
1628443873747000,1,2.49570679,22.5234
1628443873747000,1,2.48261244,22.5181
1628443873747000,1,0.02168077,22.5160
1628444287764000,0,2.21237176,22.5899
1628444297135000,0,2.49943144,22.5952
1628444303282000,0,2.51217449,22.6160
1628444303282000,0,2.58353159,22.6160
1628444303282000,0,3.72569392,22.6273
1628444324151000,0,2.46664567,22.6368
1628444324151000,0,2.54560664,22.6368
1628444479566000,0,2.40684804,22.6188
1628444479566000,0,2.58137184,22.6204
1628444479566000,0,0.23961285,22.6285
1628447012451000,0,18.95995848,22.3796
1628447012451000,0,17.18607019,22.3817
1628447370084000,0,1.00000000,22.4881
1628448142038000,1,1.00000000,22.2933
1628448531525000,0,1.00000000,22.4338
1628448890488000,1,1.60000000,22.2500
1628449077577000,1,1.00000000,22.1520
1628449105697000,0,2.46552905,22.2807
1628449105697000,0,2.44715348,22.2853
1628449112580000,1,2.55206075,22.2361
1628449112580000,1,28.80569764,22.2290
1628449247023000,1,2.49958892,22.1701
1628449247023000,1,1.56946527,22.1665
1628449658325000,0,2.49986189,22.1411
1628449658325000,0,1.42498319,22.1420
1628449823526000,1,40.00000000,22.1700
1628449908299000,0,5.00000000,22.1180
1628449970611000,0,1.91542639,22.1200
1628450003874000,0,11.28457361,22.1200
1628450616083000,1,2.53939617,22.1181
1628450616083000,1,2.49767823,22.1179
1628450616083000,1,2.46903415,22.1123
1628450616083000,1,35.13361818,22.1070
1628450807563000,1,2.54666561,22.2368
1628450807563000,1,3.80745139,22.2360
1628450807563000,1,2.42932806,22.2317
1628450807563000,1,2.27863162,22.2270
1628450961198000,1,171.21883292,22.2835
1628451660161000,0,1.33755620,22.3174
1628451864999000,0,1.32408016,22.3030
1628452501124000,1,1.08921425,22.1181
1628452607013000,0,1.00000000,22.2380
1628452805226000,1,76.05570000,22.2490
1628452806044000,1,44.84925906,22.2481
1628452835421000,0,0.89241551,22.2996
1628452888348000,1,76.30550000,22.1930
1628452905826000,1,45.07244797,22.1578
1628453136161000,1,383.96768706,22.0848
1628453199851000,1,76.71760000,22.0690
1628453542305000,0,2.23163714,22.2320
1628453648601000,0,44.96687728,22.2579
1628454364067000,1,9.62500000,22.3267
1628454366295000,1,4.81250000,22.3267
1628455015922000,1,1.76237099,22.2000
1628455752217000,0,1.12179074,22.1749
1628455915728000,1,2.43640036,22.2369
1628455915728000,1,2.37945514,22.2321
1628456520937000,0,2.66696312,22.2619
1628456825189000,1,82.64327823,22.2857
1628456925187000,1,2.46469187,22.3031
1628456925187000,1,2.41065064,22.3026
1628456925187000,1,1.46575582,22.2977
1628457540629000,0,2.52800917,22.4476
1628457540629000,0,2.50521825,22.4497
1628457540629000,0,2.46343466,22.4542
1628457540629000,0,31.89610000,22.4588
1628457540629000,0,2.54150697,22.4597
1628457540629000,0,18.90281973,22.4623
1628457540629000,0,56.75481256,22.4678
1628457540629000,0,83.24636668,22.4701
1628457540629000,0,20.07751444,22.4702
1628458302711000,0,2.47336648,22.5671
1628458302711000,0,1.93546741,22.5712
1628458657205000,0,6.85362617,22.6000
1628460192432000,0,2.49986189,22.7718
1628460192432000,0,1.42498319,22.7718
1628460497713000,0,2.58613312,22.8290
1628460497713000,0,2.47074294,22.8290
1628460497713000,0,0.06211809,22.8290
1628460497718000,0,0.00000001,22.8290
1628460614854000,0,2.58289418,22.9208
1628460614854000,0,2.43785775,22.9262
1628460614854000,0,18.54124017,22.9272
1628460614854000,0,2.49896010,22.9314
1628460614854000,0,6.68459907,22.9392
1628460614854000,0,55.64282770,22.9392
1628460614854000,0,2.51749227,22.9417
1628460614854000,0,116.91500000,22.9484
1628460614854000,0,78.97805981,22.9484
1628460614854000,0,400.01250187,22.9560
1628460668630000,1,2.58501448,22.8909
1628460668630000,1,38.59708986,22.8861
1628460815554000,1,2.45430022,22.9189
1628460815554000,1,2.49223994,22.9123
1628460815554000,1,43.61196615,22.9075
1628460815554000,1,13.21465021,22.9075
1628461265681000,0,1.55183591,23.0164
1628461534972000,0,18.51137909,22.9633
1628461534972000,0,2.41592043,22.9715
1628461534972000,0,0.79099767,22.9751
1628461820348000,1,81.31663583,22.9440
1628461875551000,0,18.54297954,22.9223
1628461875551000,0,2.44020781,22.9365
1628461875551000,0,24.28478807,22.9399
1628462040850000,1,2.42488701,22.8774
1628462040850000,1,1.47511299,22.8764
1628462071573000,0,10.84435445,22.9305
1628462369786000,0,1.87906064,22.8997
1628463587761000,1,1.37161986,22.8988
1628464893503000,0,18.50816427,22.9920
1628464893503000,0,2.45645679,23.0011
1628465024134000,1,78.31038271,22.8504
1628465083340000,1,43.80134808,22.8155
