timestamp ms,type,amount,price
1625788981814000,0,6.25000000,17.0840
1625789800652000,0,5.92721329,17.0794
1625790648228000,1,6.25000000,16.9180
1625791917900000,1,2.55145370,16.8172
1625791917900000,1,2.42741149,16.8134
1625791917900000,1,53.83060227,16.8112
1625792907486000,0,6.25000000,16.7778
1625793014120000,1,2.41733621,16.8087
1625793014120000,1,2.53940657,16.8075
1625793014120000,1,0.19739722,16.8003
1625793017847000,0,6.25000000,16.8249
1625793316961000,0,6.25000000,16.8090
1625793459104000,1,12.54236182,16.8350
1625793579256000,1,3.48802938,16.8102
1625793579256000,1,1.39521175,16.8102
1625793579256000,1,2.47991369,16.8102
1625793579256000,1,5.17268514,16.8089
1625793662884000,1,6.25000000,16.7953
1625793699440000,1,2.59619893,16.7984
1625793699440000,1,1.38511454,16.7942
1625793699440000,1,2.48228295,16.7942
1625793699440000,1,3.46333896,16.7907
1625793699508000,0,2.54046719,16.7907
1625793819518000,1,3.05011146,16.7913
1625793819518000,1,9.50071940,16.7913
1625793939519000,1,12.55083086,16.8600
1625794182014000,1,2.51868516,16.9031
1625795365020000,0,42.88485825,16.7842
1625795380225000,1,12.60229281,16.8370
1625795500259000,1,12.51752453,16.8554
1625795620342000,1,12.51752453,16.8666
1625795740425000,1,12.51068412,16.8657
1625795860637000,1,12.48501174,16.8843
1625795980581000,1,12.52129872,16.8666
1625796341037000,1,12.55012520,16.7953
1625797059589000,1,15.00000000,16.9645
1625797096811000,1,3.56783409,16.9809
1625797376574000,1,6.25000000,17.0700
1625798668928000,0,2.57918685,17.2296
1625798668928000,0,24.53203270,17.2325
1625798668928000,0,2.49215203,17.2345
1625798668928000,0,2.50049166,17.2380
1625798668928000,0,2.78498770,17.2380
1625799341305000,0,1.17705882,17.3400
1625799657732000,0,2.88650771,17.3220
1625799817484000,0,1.94117647,17.4097
1625800193708000,0,6.25000000,17.4200
1625800422045000,1,12.14593291,17.3992
1625800798933000,0,1.28000000,17.5000
1625800798933000,0,14.87303913,17.5000
1625801101738000,1,6.25000000,17.5353
1625802642895000,1,12.12935031,17.4238
1625803817777000,0,1.15724007,17.6370
1625807229121000,0,1.18099013,17.7330
1625808166349000,1,6.25000000,17.7360
1625808907393000,0,5.00000000,17.7156
1625809360516000,1,2.47043866,17.6718
1625809360516000,1,2.43014834,17.6685
1625809360516000,1,2.56198509,17.6685
1625809360516000,1,2.51747591,17.6675
1625809360516000,1,20.19002362,17.6630
1625809613582000,0,2.53486359,17.6684
1625809613582000,0,2.47340665,17.6700
1625809613641000,1,6.25000000,17.6700
1625809620964000,1,88.74172976,17.6700
1625809844288000,1,2.48240440,17.6017
1625809844288000,1,57.64453567,17.5950
1625810623924000,1,2.58953193,17.4003
1625810623924000,1,24.25305627,17.3995
1625810623924000,1,43.90486333,17.3970
1625810959608000,1,2.85544230,17.5069
1625811633734000,0,6.25000000,17.5889
1625812696843000,0,2.48651580,17.5391
1625812696843000,0,19.35606952,17.5470
1625813183654000,1,2.72673871,17.5405
1625814374513000,1,2.47052650,17.5215
1625814374513000,1,2.58633781,17.5177
1625814374513000,1,2.52025240,17.5137
1625814374513000,1,27.31173423,17.5128
1625815142651000,1,2.54287521,17.4411
1625815142651000,1,92.45712479,17.4360
1625815171002000,0,484.22177714,17.4402
1625815702731000,0,2.41257949,17.5527
1625815702731000,0,0.40178517,17.5535
1625815880685000,1,2.56883436,17.4806
1625815880685000,1,0.24553030,17.4788
1625815998764000,0,2.43977203,17.4576
1625815998764000,0,0.08262937,17.4637
1625816315871000,0,1.72592687,17.4563
1625817172838000,1,2.20025532,17.4471
1625817766769000,1,6.25000000,17.3623
1625817773346000,1,1.12903877,17.3623
1625817910166000,1,3.60924158,17.3343
1625818069349000,1,2.48520077,17.2742
1625818069349000,1,2.45640508,17.2696
1625818069349000,1,7.24281164,17.2656
1625818136946000,0,6.25000000,17.2634
1625818144109000,1,2.53217948,17.2601
1625818144109000,1,2.54879251,17.2578
1625818144109000,1,2.45942764,17.2517
1625818144109000,1,2.16515882,17.2517
1625818200913000,1,6.25000000,17.2510
1625818413489000,0,2.54598252,17.3024
1625818413489000,0,2.41215437,17.3024
1625818413489000,0,2.47108660,17.3103
1625818413489000,0,2.58447246,17.3110
1625818413489000,0,14.48651086,17.3110
1625818549507000,1,2.45261131,17.1573
1625818549507000,1,9.77099367,17.1565
1625818574921000,0,1.16631840,17.1524
1625818576503000,0,1.16659923,17.1524
1625822981288000,1,1.71062777,17.4121
1625823030268000,0,6.25000000,17.4800
1625823459307000,0,2.48675734,17.3929
1625823459307000,0,2.51015190,17.3954
1625823459307000,0,6.49841839,17.4016
1625824228278000,1,5.75000000,17.4000
1625824698936000,0,2.47246240,17.3337
1625824698936000,0,2.59682834,17.3341
1625824698936000,0,17.07595849,17.3424
1625824701431000,0,6.25000000,17.3303
1625824701431000,0,2.44644895,17.3341
1625824701431000,0,2.47588076,17.3381
1625824701954000,0,7.27074144,17.3424
1625824704527000,0,30.80780377,17.3403
1625824737805000,0,6.25000000,17.3324
1625824909895000,0,24.38042488,17.3153
1625824909895000,0,5.61957512,17.3180
1625825506327000,0,2.58502457,17.3112
1625825510549000,0,178.63895067,17.3049
1625826041134000,0,6.25000000,17.3873
1625826680885000,1,6.30028695,17.2661
1625826781277000,0,6.51453803,17.2517
1625827400935000,1,5.84000000,17.2000
1625828751673000,0,24.65783533,17.1231
1625828751673000,0,2.54606231,17.1313
1625828751673000,0,34.55988620,17.1330
1625828851782000,1,2.49577616,17.1084
1625828851782000,1,41.50422384,17.1065
1625829354668000,1,2.45852698,17.1440
1625829354668000,1,0.25291068,17.1431
1625830597328000,0,414.37657933,17.1000
1625830717462000,1,154.63895299,17.0623
1625830973594000,0,98.09110000,17.1700
1625831184015000,0,2.45779567,17.2127
1625831184015000,0,9.16047921,17.2147
1625831257612000,0,2.51891581,17.2332
1625831257612000,0,2.46463820,17.2341
1625831257612000,0,6.61850033,17.2418
1625831936738000,0,311.40683259,17.1806
1625832468657000,1,1.69141720,17.1040
1625832468756000,1,0.00000001,17.1040
1625832676454000,0,5.00000000,17.1000
1625833686390000,0,1.20000000,17.1712
1625834113165000,0,11.66316771,17.1480
1625834926700000,0,2.01499617,17.3698
1625834995480000,0,6.25000000,17.3900
1625834995720000,0,0.05028695,17.3900
1625835596646000,0,1.12903877,17.4800
1625835615457000,0,1.16631840,17.4997
1625835766445000,0,3.60924158,17.5100
1625835811675000,0,6.25000000,17.5430
1625836164509000,0,2.00000000,17.6600
1625836313999000,0,23.89281253,17.6539
1625836313999000,0,71.67843758,17.6635
1625836313999000,0,37.74420270,17.6682
1625836469483000,0,2.54343766,17.7342
1625836469483000,0,2.46812684,17.7383
1625836469483000,0,21.24072422,17.7389
1625836469961000,0,2.43535349,17.7301
1625836650848000,0,2.46389914,17.6860
1625836650848000,0,2.43247722,17.6927
1625836650848000,0,2.42640093,17.6941
1625836650848000,0,15.98909475,17.6949
1625836782929000,0,23.92317447,17.6405
1625836782929000,0,2.40278806,17.6417
1625836782929000,0,23.67403747,17.6441
1625837485132000,0,14.05407562,17.7888
1625837568325000,0,6.25000000,17.7749
1625837568361000,0,17.47956912,17.7749
1625837569377000,0,1.89917236,17.7948
1625837569377000,0,4.35082764,17.8000
1625837570383000,0,6.25000000,17.8000
1625837570773000,0,10.80002969,17.8000
1625837972008000,0,2.00000000,17.8139
1625838997931000,1,3.62850530,17.7177
1625839122815000,1,2.57284400,17.7138
1625839122815000,1,1.43220602,17.7090
1625839644303000,0,2.49343734,17.7084
1625839644303000,0,3.98522941,17.7130
1625840259469000,1,2.57480290,17.7545
1625840259469000,1,2.40936152,17.7539
1625840343669000,0,1.40613909,17.7792
1625840430758000,0,6.91709630,17.8500
1625840436899000,0,2.02361751,17.8800
1625840460855000,0,1.39774515,17.8860
1625840559212000,0,1.13960146,17.9099
1625840577273000,0,26.19510595,17.9075
1625841685973000,0,58.80000000,17.9500
1625841686487000,0,1.16659923,17.9517
1625841727759000,0,2.43063335,17.9470
1625841727759000,0,2.48729149,17.9471
1625842042513000,0,1.24444444,18.0000
1625842042513000,0,5.00555556,18.0000
1625842043263000,0,2.21444444,18.0000
1625842253844000,0,93.45530000,18.0500
1625842326623000,0,23.25944417,18.1302
1625842798098000,0,2.49386859,18.0900
1625842798098000,0,9.69567786,18.0990
1625842810192000,0,2.42043865,18.0900
1625842810192000,0,2.51441690,18.0924
1625842810192000,0,4.20340714,18.0990
1625842814631000,0,2.52593711,18.0945
1625842814631000,0,2.47406289,18.0990
1625842824469000,0,2.45860015,18.0822
1625842824469000,0,2.46804354,18.0860
1625842824469000,0,0.07335631,18.0900
1625842835102000,0,2.48482467,18.0708
1625842835102000,0,2.50111142,18.0746
1625842835102000,0,0.01406391,18.0756
1625842839721000,0,5.00000000,18.0521
1625842843520000,0,5.00000000,18.0521
1625842901400000,0,2.45777707,18.0160
1625843398914000,0,6.25000000,18.0643
1625843478690000,0,1.15263251,18.1693
1625843507565000,0,23.19088879,18.1983
1625843507646000,1,6.25000000,18.1991
1625843734387000,1,1.97740000,18.0334
1625844906026000,0,6.25000000,17.9885
1625844906057000,0,77.78605782,17.9962
1625844906057000,0,289.60919540,18.0000
1625844906057000,0,70.38169606,18.0072
1625844906353000,0,4.62469426,18.0528
1625844913783000,0,2.46487214,18.1216
1625844913783000,0,2.43642523,18.1261
1625844924627000,0,2.45009511,18.0510
1625844924627000,0,2.57033900,18.0517
1625844924627000,0,0.41372785,18.0600
1625845031842000,0,2.53315210,18.0296
1625845031842000,0,2.50881576,18.0310
1625845211228000,1,2.55850744,17.9960
1625845211228000,1,2.54196017,17.9944
1625845211228000,1,1.68618566,17.9870
1625845211228000,1,1.68618566,17.9870
1625845211228000,1,2.37246950,17.9870
1625845211228000,1,10.96170498,17.9800
1625845211228000,1,68.50609250,17.9800
1625846758692000,1,6.25000000,17.9500
1625846829923000,1,23.50581616,17.9500
1625846831114000,1,260.66033872,17.9500
1625846889794000,0,6.25000000,17.9816
1625846941156000,1,0.00000110,17.9500
1625847972564000,0,290.41615598,17.8500
1625849168324000,0,2.56193839,17.8991
1625849168324000,0,2.58558881,17.8991
1625849168324000,0,2.58631656,17.9061
1625849168324000,0,0.00809624,17.9061
1625849208356000,1,2.43622851,17.8679
1625849208356000,1,2.61877833,17.8656
1625849208356000,1,23.56780169,17.8620
1625849208356000,1,33.14097531,17.8590
1625849224639000,0,2.54734967,17.8850
1625849224639000,0,2.51577795,17.8860
1625849224700000,1,6.25000000,17.8860
1625849784183000,1,2.49950890,17.8799
1625849784183000,1,2.40081497,17.8799
1625849784183000,1,2.39041460,17.8743
1625849784183000,1,1.49401875,17.8710
1625850044921000,1,4.18748348,17.8470
1625850045016000,1,89.91991652,17.8470
1625850045352000,1,39.60582000,17.8455
1625850608664000,1,2.59496702,17.7068
1625850608664000,1,2.56531406,17.7033
1625850729083000,1,2.57646258,17.7074
1625850729083000,1,2.39625899,17.7037
1625850729083000,1,6.89925107,17.7008
1625850969325000,1,2.45649200,17.7290
1625850969325000,1,2.57827988,17.7252
1625850969325000,1,2.45678069,17.7216
1625850969325000,1,4.40301311,17.7201
1625851976574000,1,4.72050796,17.7462
1625854408371000,1,2.03454133,17.6600
1625854412346000,1,6.25000000,17.6500
1625854427359000,1,6.25000000,17.6500
1625854427604000,1,281.20708215,17.6500
1625854570442000,0,6.25000000,17.6500
1625854573320000,0,91.86435921,17.6500
1625854573320000,0,21.30888726,17.6500
1625855003070000,1,2.02361751,17.5800
1625855447051000,1,2.53439459,17.5955
1625855447051000,1,2.89976737,17.5927
1625855711394000,1,11.97164266,17.5803
1625856083321000,0,2.46791718,17.5802
1625856083321000,0,48.89559317,17.5810
1625856320923000,1,2.41820312,17.5287
1625856320923000,1,0.45755595,17.5254
1625856431689000,1,2.54230914,17.5029
1625856431689000,1,2.50373726,17.4991
1625856431689000,1,6.97683659,17.4990
1625856431922000,1,502.37611111,17.4990
1625856946063000,0,293.70708215,17.5000
1625857475685000,1,1.24444444,17.4757
1625863725382000,0,1.42028911,17.6020
1625865211230000,0,10.00000000,17.5601
1625866663945000,0,2.07880935,17.7778
1625866958951000,0,23.58521203,17.8630
1625866958951000,0,70.79495997,17.8738
1625866958951000,0,34.14873345,17.8816
1625866958971000,0,36.60690262,17.8816
1625866958971000,0,123.51242123,17.8824
1625866959098000,0,23.57569510,17.8716
1625866959098000,0,8.84575620,17.8824
1625867566083000,1,1.12550000,17.7700
1625867888948000,1,3.52724438,17.7248
1625868184102000,1,6.25000000,17.7000
1625868186000000,1,6.25000000,17.7000
1625868192023000,1,4.07635856,17.7000
1625868501152000,0,6.25000000,17.7273
1625869772506000,1,32.52858450,17.8292
1625869789119000,0,2.57485270,17.8039
1625869789119000,0,1.01616048,17.8120
1625869936016000,1,2.46918669,17.8000
1625869936016000,1,9.34834983,17.8000
1625869975191000,1,6.25000000,17.8000
1625869996921000,0,6.25000000,17.8019
1625870015149000,1,6.25000000,17.8000
1625870023228000,0,6.25000000,17.8074
1625870320810000,1,6.25000000,17.8000
1625870321016000,1,244.17524567,17.8000
1625870324383000,0,6.25000000,17.7993
1625870631591000,0,6.25000000,17.8227
1625870667964000,0,6.25000000,17.8510
1625872179384000,1,6.25000000,17.8440
1625873152549000,1,9.24613160,17.7100
1625875109411000,1,1.50000000,17.7000
1625876129705000,0,2.53227812,17.8658
1625877403381000,0,1.24444444,18.0000
1625879213005000,0,73.51744819,17.8591
1625885045048000,0,6.25000000,17.4850
1625885045725000,1,2.53997077,17.4777
1625885045725000,1,1.24444444,17.4757
1625885045725000,1,2.48736385,17.4742
1625885045725000,1,2.53222776,17.4705
1625885045725000,1,116.91500000,17.4570
1625885045725000,1,96.19800000,17.4570
1625885045725000,1,13.00000000,17.4377
1625885045725000,1,53.93294724,17.4377
1625886059349000,0,20.89558404,17.4837
1625886060979000,1,6.25000000,17.4820
1625886079649000,0,1.14460588,17.4693
1625887755955000,0,1.14543603,17.4620
1625887858661000,0,2.57703177,17.4598
1625890973877000,0,1.32437876,17.4563
1625891400377000,0,2.41571075,17.4764
1625891400377000,0,2.43084149,17.4789
1625891400377000,0,2.67774248,17.4829
1625891400377000,0,24.10517452,17.4851
1625891400377000,0,31.46136892,17.4861
1625892336214000,1,10.59572166,17.3680
1625892336218000,1,0.00000001,17.3680
1625892336623000,1,2.00000000,17.3264
1625892528390000,0,4.66431761,17.2848
1625892528390000,0,1.58568239,17.2883
1625892528949000,1,4.04918173,17.2625
1625892674766000,1,6.25000000,17.3185
1625893339625000,1,6.24999999,17.1481
1625893340173000,1,2.47472574,17.1211
1625893340173000,1,2.58234860,17.1183
1625893340173000,1,24.56777454,17.1125
1625893340173000,1,75.27567724,17.1097
1625893340173000,1,57.21995388,17.1071
1625893843518000,0,77.29942101,17.2873
1625893843518000,0,97.43940000,17.3050
1625893843518000,0,73.13199523,17.3080
1625893843518000,0,120.65714211,17.3189
1625893843594000,0,187.42689789,17.3189
1625893843594000,0,73.09724915,17.3189
1625893843594000,0,146.33028097,17.3253
1625893843594000,0,13.00000000,17.3357
1625893843594000,0,87.59516328,17.3357
1625894455548000,1,14.93599530,17.3120
1625894931469000,1,6.25000000,17.2640
1625895184191000,1,6.25000000,17.2611
1625895244186000,0,2.41538591,17.3095
1625895244186000,0,2.09531880,17.3105
1625897276732000,0,6.25000000,17.4034
1625898006914000,0,1.14856188,17.4131
1625898678958000,1,6.25000000,17.4088
1625899631718000,0,6.25000000,17.4037
1625901841816000,1,14.68315788,17.3801
1625902885656000,1,2.44507956,17.4495
1625902885656000,1,9.65026391,17.4443
1625904137273000,1,289.73103448,17.4000
1625906985581000,0,3.86791386,17.4332
1625908228233000,0,2.40773206,17.4255
1625908228233000,0,2.55919412,17.4293
1625908228233000,0,0.77103179,17.4301
1625908572095000,0,21.62894529,17.4075
1625909165434000,0,7.44146642,17.4561
1625914050108000,1,2.59845313,17.2580
1625914179188000,1,5.00000000,17.1872
1625914239542000,0,1.16424121,17.1863
1625914788850000,0,1.83402109,17.1353
1625917855541000,1,5.80000000,17.3500
1625918420335000,1,8.33121019,17.2700
1625920762024000,0,6.25000000,17.2800
1625920775629000,0,2.08121019,17.2800
1625921508180000,0,2.44738528,17.2645
1625921508180000,0,0.30390867,17.2655
1625922722739000,0,6.25000000,17.2310
1625925100432000,1,1.32437876,17.0729
1625925100860000,1,2.43116040,17.0683
1625925100860000,1,116.91500000,17.0644
1625925100860000,1,24.64899316,17.0644
1625925100860000,1,2.52204636,17.0638
1625925100860000,1,78.37788921,17.0592
1625925100860000,1,86.51174346,17.0571
1625925665015000,0,2.11055930,17.0546
1625925669099000,0,1.17328705,17.0524
1625926243074000,1,5.84000000,17.1500
1625926824801000,1,2.57220737,17.1647
1625926824801000,1,2.51114381,17.1637
1625926824801000,1,24.51550039,17.1561
1625926824801000,1,2.47265938,17.1558
1625926824801000,1,19.29199940,17.1530
1625934497691000,0,2.11055930,17.4665
1625934535213000,1,6.25000000,17.4759
1625934837403000,1,1.99999999,17.4432
1625934837437000,1,0.00000001,17.4432
1625937383743000,1,6.25000000,17.0000
1625937383968000,1,52.55000000,17.0000
1625937383968000,1,2.89960225,17.0000
1625937383968000,1,1.28000000,16.9903
1625937383968000,1,2.61013075,16.9796
1625937383968000,1,2.30289640,16.9724
1625937383968000,1,228.08840508,16.9684
1625937741896000,0,2.12158822,16.9649
1625938513265000,1,5.94000000,16.8500
1625938561730000,0,1.18753709,16.8392
1625938619067000,0,6.25000000,16.8357
1625940714076000,0,3.55194780,16.8969
1625940880027000,1,4.51070471,16.8527
1625941410110000,0,2.47881544,16.8735
1625941410110000,0,2.56014682,16.8743
1625941410168000,1,6.25000000,16.8800
1625941432612000,1,24.96496024,16.8800
1625941432681000,1,255.10212015,16.8800
1625941584982000,0,6.25000000,16.8825
1625942290458000,0,24.90031823,16.9204
1625942290458000,0,2.54814777,16.9268
1625942290458000,0,72.55153400,16.9268
1625943631045000,1,2.43435595,16.8625
1625943631048000,1,0.00000001,16.8625
1625946290363000,0,6.00000000,16.8566
1625947567282000,0,1.18759697,16.8407
