timestamp ms,type,amount,price
1623629048785000,1,10.69870131,19.2263
1623629586620000,1,65.16171791,18.9627
1623629586793000,1,38.29543664,18.9385
1623630309192000,1,10.80155695,19.0951
1623631690215000,0,5.24261786,19.0744
1623635104477000,1,4.32057267,19.0270
1623635250109000,0,10.03663513,19.0361
1623635317911000,0,19.80000000,19.0059
1623635619757000,1,1.22000000,19.0340
1623636612431000,1,10.84025411,19.0297
1623636732554000,1,10.74810100,19.0315
1623638722863000,1,19.80000000,18.9216
1623638722935000,0,20.00000000,18.9216
1623638723270000,1,4.00000000,18.9201
1623638730913000,0,13.92202853,18.9216
1623639952461000,0,1.05527695,18.9540
1623640464281000,1,3.09124000,18.8815
1623640501067000,0,20.00000000,18.8840
1623640513505000,1,20.00000000,18.8804
1623640521602000,0,0.40000000,18.8927
1623640995602000,1,4.05746769,18.8420
1623641105566000,1,1.10049899,18.8427
1623641305190000,1,19.40000000,18.8064
1623641305190000,1,19.40000000,18.8007
1623641305190000,1,53.17962523,18.7971
1623641305190000,1,21.95174469,18.7970
1623641305190000,1,20.20000000,18.7960
1623641305190000,1,19.80000000,18.7954
1623641305190000,1,145.48289267,18.7944
1623641431541000,0,10.64098641,18.7952
1623641906407000,0,20.00000000,18.7280
1623642307567000,0,19.60000000,18.7467
1623642307567000,0,20.00000000,18.7490
1623643495362000,1,79.43148630,18.7382
1623643495362000,1,22.03006174,18.7381
1623643495362000,1,66.03868315,18.7346
1623643495362000,1,92.42682766,18.7287
1623644339150000,0,20.40000000,18.8751
1623644340536000,0,18.79999500,18.8817
1623644340649000,0,0.00000500,18.8817
1623644604469000,0,21.85603535,18.9188
1623644604469000,0,136.66175647,18.9264
1623645124613000,0,10.93130331,18.8735
1623646510561000,1,5.50395149,18.9473
1623646563208000,0,20.00000000,18.9619
1623646874564000,1,19.60000000,18.9703
1623646874564000,1,21.77793684,18.9648
1623646874564000,1,1.35757765,18.9648
1623646904814000,0,13.17521515,18.9873
1623646925560000,0,19.20000000,18.9826
1623646925560000,0,19.60000000,18.9875
1623646925560000,0,2.57738503,18.9888
1623648230837000,0,10.81375000,18.9509
1623648304372000,0,13.16880490,18.9443
1623648515710000,0,21.82574591,18.9414
1623648515710000,0,19.80000000,18.9427
1623648515710000,0,19.40000000,18.9465
1623648515710000,0,18.86527727,18.9511
1623648557739000,0,21.81924932,18.9489
1623648675476000,1,10.89862664,18.9612
1623648788751000,0,13.99999999,19.0497
1623648788752000,0,0.00000001,19.0497
1623648788752000,0,52.48215840,19.0635
1623648788883000,1,19.99999895,19.0393
1623648794061000,0,36.68522000,19.1288
1623648795601000,1,10.89730596,19.0956
1623648845257000,1,1.57884000,19.1051
1623649086050000,0,3.95232910,19.1076
1623649572392000,0,21.64237275,19.1081
1623649804884000,1,2.15577594,19.0688
1623649878667000,1,40.00000000,19.0593
1623649923650000,0,20.00000000,19.0707
1623650261581000,1,20.00000000,19.0642
1623650261675000,0,15.43220000,19.0600
1623650623185000,0,21.70254920,19.0532
1623650623185000,0,65.10488208,19.0660
1623650746098000,0,14.00000000,19.1385
1623650747240000,0,514.19000000,19.1670
1623650751786000,0,19.60000000,19.1724
1623650751786000,0,83.48035589,19.1784
1623650751786000,0,20.20000000,19.1799
1623650755191000,0,20.40000000,19.1771
1623650755191000,0,19.60000000,19.1811
1623651230861000,1,20.00000000,19.0388
1623651231876000,1,19.40000000,19.0322
1623651775182000,0,21.71180660,19.0530
1623651775182000,0,16.35172462,19.0552
1623652015966000,0,20.00000000,19.0249
1623652090154000,0,3.36533180,19.0078
1623654241226000,0,1.17387321,18.9785
1623655214084000,1,19.40000000,18.9485
1623655218763000,0,19.80000000,18.9358
1623655218763000,0,19.20000000,18.9423
1623655218763000,0,3.79823882,18.9453
1623655218835000,1,4.10304161,18.9163
1623655345965000,1,21.84231521,18.8948
1623655345965000,1,52.91217193,18.8895
1623655345965000,1,65.51590591,18.8879
1623655345965000,1,32.29386413,18.8759
1623655345971000,1,172.56425718,18.8759
1623655346051000,1,38.06353122,18.8759
1623656086124000,0,20.00000000,18.9730
1623656155007000,1,1.17387321,18.9657
1623656216483000,0,7.89994664,18.9875
1623656322994000,0,9.33319997,18.9967
1623656523570000,0,2.79996147,18.9658
1623656882866000,1,5.94714712,18.9037
1623657322991000,0,21.85078878,18.9010
1623657322991000,0,464.73010741,18.9029
1623657719490000,1,85.15155939,18.8901
1623657732128000,1,19.20000000,18.8566
1623657733388000,1,1.08370092,18.8539
1623658387521000,1,19.99999947,18.8222
1623658387614000,1,0.00000053,18.8222
1623658527883000,1,20.20000000,18.7630
1623659836797000,1,19.40000000,18.8303
1623659836797000,1,21.91936788,18.8283
1623659836797000,1,85.61166420,18.8251
1623659836797000,1,20.40000000,18.8251
1623659836797000,1,65.72608580,18.8247
1623659836797000,1,116.91500000,18.8193
1623659836797000,1,331.14117856,18.8192
1623660786204000,1,3.40170015,18.6613
1623660786426000,1,40.00000000,18.6613
1623661419096000,0,15.99411416,18.7569
1623661598608000,0,1.36872112,18.7514
1623662101826000,0,3.73365791,18.7484
1623662109926000,1,2.79996147,18.7111
1623662225036000,0,20.00000000,18.7714
1623662225036000,0,20.60000000,18.7806
1623662225036000,0,19.60000000,18.7865
1623662225036000,0,78.82896775,18.8030
1623662225036000,0,445.16103225,18.8030
1623662229223000,0,50.00000000,18.8158
1623662233841000,1,19.40000000,18.8143
1623662233841000,1,21.20000000,18.8058
1623662233841000,1,21.92759048,18.7950
1623662235814000,1,20.20000000,18.8043
1623662235814000,1,0.40000000,18.8003
1623663081651000,1,10.87223691,18.7685
1623663756302000,1,20.00000000,18.6952
1623663886449000,1,1.10000000,18.7344
1623664100714000,1,1.56039431,18.6666
1623664112838000,0,19.60000000,18.6742
1623664817237000,1,121.29056858,18.6000
1623664817237000,1,53.70000000,18.6000
1623665039224000,0,19.80000000,18.7558
1623665039224000,0,1.52648321,18.7585
1623665341559000,0,10.50189461,18.7279
1623665417149000,1,42.62436199,18.7264
1623667360982000,1,19.60000000,18.7961
1623667360982000,1,2.33400651,18.7930
1623667392958000,1,2.69998642,18.7947
1623667398452000,0,20.00000000,18.7962
1623667640016000,0,20.00000000,18.8586
1623667641202000,0,20.00000000,18.8586
1623667749787000,1,20.00000000,18.8585
1623667750852000,1,20.00000000,18.8585
1623668214655000,0,7.01816000,18.8655
1623669949471000,1,4.01281635,18.7825
1623671377792000,0,9.54768378,18.8527
1623671402377000,0,7.00000000,18.8506
1623671694082000,0,0.20000000,18.8396
1623671855770000,1,0.40000000,18.8164
1623672425917000,1,6.64335449,18.7013
1623672426221000,1,13.55664551,18.7013
1623672443095000,1,14.34272124,18.6769
1623673246405000,0,2.54557653,18.6598
1623673447766000,1,19.60000000,18.6979
1623673447766000,1,19.40000000,18.6952
1623673585600000,0,21.00000000,18.7450
1623674556710000,0,3.20440674,18.9378
1623674678481000,0,21.82104295,18.9174
1623674678481000,0,7.69317475,18.9248
1623675326003000,1,4.00000000,18.7977
1623675708528000,0,19.79999999,18.8612
1623675709249000,0,0.00000001,18.8612
1623675853611000,0,19.99999999,18.9619
1623675856583000,0,11.87500000,18.9800
1623675990698000,0,19.40000000,19.0510
1623676167050000,0,20.60000000,19.0207
1623676167558000,0,20.40000000,19.0248
1623676297330000,1,1.84687116,19.1081
1623676652731000,1,21.46693489,19.2003
1623676652731000,1,19.20000000,19.1993
1623676652731000,1,10.84069317,19.1920
1623676657273000,1,20.00000000,19.1916
1623676807975000,0,41.55088685,19.2535
1623676820951000,0,23.30745231,19.2664
1623676837110000,0,19.59999928,19.2437
1623676837689000,1,0.40000072,19.2450
1623676861475000,0,20.00000000,19.2369
1623676861475000,0,83.95684851,19.2392
1623677023871000,0,20.20000000,19.3361
1623677237857000,1,2.76718096,19.2833
1623677284976000,0,10.64098641,19.2859
1623677349245000,1,20.40000000,19.3142
1623677349245000,1,2.90745231,19.3066
1623677444602000,0,19.40000000,19.2788
1623677444602000,0,21.41218765,19.2830
1623677444602000,0,19.40000000,19.2845
1623677444602000,0,43.49662823,19.2884
1623677541203000,0,20.00000000,19.5000
1623677542205000,0,6.28884143,19.5000
1623677542213000,1,13.71115857,19.5098
1623677542213000,1,35.59922000,19.4590
1623677542213000,1,21.16685219,19.4553
1623677542213000,1,48.08591994,19.4506
1623677544863000,0,19.19999999,19.4921
1623677544869000,0,0.00000001,19.4921
1623677555978000,0,20.00000000,19.6500
1623677556015000,0,33.70000000,19.6500
1623677558421000,1,20.59999999,19.6117
1623677558451000,1,0.00000001,19.6117
1623677824092000,0,20.00000000,19.5716
1623677863736000,0,20.19999999,19.6188
1623677872519000,0,0.00000001,19.6188
1623677872519000,0,19.40000000,19.6337
1623677872519000,0,20.60000000,19.6386
1623677872519000,0,21.03181168,19.6418
1623677872519000,0,18.60000000,19.6475
1623677872519000,0,63.12959768,19.6534
1623677872519000,0,2.17974714,19.6537
1623677872519000,0,352.47560305,19.6551
1623677904559000,1,20.00000000,19.6004
1623677912207000,0,23.53723959,19.6433
1623677942230000,0,21.03013448,19.6364
1623677949246000,1,17.00409439,19.6000
1623677951245000,1,36.85538400,19.6000
1623677951370000,1,20.06801142,19.6000
1623677954647000,1,421.38883719,19.6000
1623677954966000,1,20.00000000,19.6000
1623677955158000,1,421.61180682,19.6000
1623677955225000,1,22.06802300,19.6000
1623677955364000,1,17.70529500,19.6000
1623677955391000,1,16.82879500,19.6000
1623677955574000,1,51.64577358,19.6000
1623677957928000,0,15.82879538,19.6000
1623677958022000,0,15.82879538,19.6000
1623677958060000,0,15.82879538,19.6000
1623677958627000,0,20.00000000,19.6000
1623677958907000,0,20.00000000,19.6000
1623677959758000,0,20.00000000,19.6000
1623677961228000,0,20.00000000,19.6000
1623677970293000,0,1.37506263,19.6000
1623677970293000,0,15.82879539,19.6000
1623678043517000,1,20.00000000,19.6113
1623678043517000,1,3.53723959,19.6069
1623678066928000,0,20.00000000,19.5917
1623678241951000,0,20.19999999,19.6330
1623678242871000,0,20.20000000,19.6418
1623678322881000,0,13.01853839,19.6598
1623679180852000,1,7.85369970,19.6319
1623680025753000,1,20.00000000,19.5981
1623680054139000,1,20.40000000,19.5902
1623680054139000,1,19.60000000,19.5868
1623680054139000,1,35.39895000,19.5804
1623680054139000,1,20.40000000,19.5804
1623680054252000,0,20.00000000,19.5800
1623680054288000,0,20.60000000,19.5800
1623680054324000,0,30.75657486,19.5800
1623680104554000,0,10.86994780,19.6036
1623680308390000,0,20.20000000,19.6633
1623680364961000,1,59.00000000,19.6326
1623680490072000,1,5.27000000,19.6396
1623680537077000,0,19.60000000,19.5792
1623680945198000,0,20.00000000,19.6364
1623681082332000,0,18.41475869,19.6873
1623681263695000,1,2.60251447,19.6896
1623682379019000,0,20.40000000,19.6612
1623682821270000,0,1.27071649,19.6739
1623683757171000,0,19.20000000,19.5283
1623683757171000,0,20.20000000,19.5329
1623683757171000,0,10.60000000,19.5389
1623684762192000,1,20.00000000,19.5364
1623684762192000,1,19.40000000,19.5303
1623684762192000,1,21.11708078,19.5276
1623684762192000,1,19.37394240,19.5273
1623685243708000,1,1.35115249,19.4934
1623686409435000,0,1.03845825,19.7179
1623686497095000,1,20.00000000,19.6530
1623686499297000,1,20.00000000,19.6530
1623686500165000,1,86.77684480,19.6530
1623686664763000,0,20.00000000,19.6169
1623686963385000,0,16.92909511,19.7504
1623687159764000,1,20.40000000,19.6662
1623687160843000,1,20.40000000,19.6562
1623687161717000,1,87.95500000,19.5028
1623687161717000,1,15.74500000,19.5028
1623687259627000,0,20.00000000,19.6486
1623687260528000,0,384.87606455,19.6486
1623688697715000,0,20.00000000,19.6564
1623688707668000,1,20.98395072,19.6423
1623688707668000,1,9.01604928,19.6395
1623688812902000,0,19.80000000,19.5341
1623689219219000,1,15.99411416,19.5407
1623689817912000,1,21.03242743,19.5928
1623690268038000,0,5.07644874,19.7008
1623690291406000,0,9.04898576,19.6961
1623690975968000,0,20.93627842,19.7199
1623690975968000,0,17.27577842,19.7275
1623691102955000,1,8.00000000,19.7032
1623691401342000,0,1.27071649,19.8597
1623691404097000,0,2.16531232,19.8603
1623691417167000,0,1.20725662,19.8836
1623692405777000,1,10.00000000,19.8052
1623693241979000,0,3.21145234,19.8010
1623693302055000,1,1.01223798,19.7699
1623694441055000,0,10.79205676,19.7462
1623694726930000,1,5.00000000,19.6891
1623695035283000,1,2.39089674,19.7122
1623695161566000,1,18.01146839,19.7068
1623695325586000,1,5.43497390,19.6681
1623695434996000,1,10.48866619,19.6681
1623695555127000,0,10.48866699,19.6403
1623696524554000,1,423.65906087,19.4958
1623696524908000,1,2.14128728,19.4958
1623696524958000,1,15.21205684,19.4958
1623696525076000,1,293.70701597,19.4958
1623696747414000,1,21.14108266,19.4951
1623697125784000,1,3.66817526,19.4823
1623697299796000,1,6.69272145,19.4952
1623697522229000,1,2.95608721,19.4500
1623697522602000,1,19.80000000,19.4393
1623697522602000,1,22.82436199,19.4362
1623697522648000,1,2.00000000,19.4362
1623697789272000,1,20.00000000,19.3471
1623697789327000,1,12.22760837,19.3471
1623697818043000,1,20.01922816,19.3578
1623698492764000,0,17.53823153,19.4512
1623699307189000,1,2.81853370,19.4394
1623699995246000,1,20.00000000,19.4329
1623700497976000,1,20.00000000,19.4108
1623701001233000,0,20.00000000,19.4700
1623704474412000,0,20.60000000,19.5248
1623704474412000,0,21.13732881,19.5295
1623704474412000,0,10.56039781,19.5305
1623704582234000,0,20.60000000,19.6039
1623704582697000,0,19.40000000,19.6080
1623704632516000,0,21.01313484,19.6463
1623704632516000,0,20.00000000,19.6478
1623704632516000,0,10.96402678,19.6527
1623704638127000,1,19.80000000,19.6162
1623704700364000,0,20.00000000,19.6002
1623704700380000,0,1.06160389,19.6002
1623704700991000,0,50.92455048,19.6444
1623705353533000,1,19.60000000,19.6314
1623705353533000,1,20.99849004,19.6289
1623705353614000,0,20.00000000,19.6289
1623705353647000,0,20.99732457,19.6289
1623705353647000,0,20.99849004,19.6289
1623705354054000,0,64.56122021,19.6289
1623712086496000,1,4.44556179,19.6328
1623712223747000,0,20.00000000,19.6495
1623714519992000,0,50.23795310,19.9184
1623714598131000,1,20.00000000,19.9469
1623714674081000,0,20.00000000,19.9626
