timestamp ms,type,amount,price
1624492917840000,0,9.97546188,15.0227
1624492917840000,0,9.60467819,15.0242
1624492917843000,0,0.00000001,15.0242
1624492976223000,1,10.34078274,14.9271
1624492977910000,1,0.00000093,14.9236
1624492979474000,1,21.39811218,14.9179
1624493101650000,1,9.92742775,14.9007
1624493101650000,1,4.13976989,14.8998
1624493137026000,1,9.81215553,14.8620
1624493406693000,1,10.18297130,14.9317
1624493407308000,1,10.04025232,14.9284
1624493766253000,0,25.00000000,14.9788
1624494485239000,1,25.00000000,14.9492
1624495221597000,1,9.74663258,14.8284
1624496074573000,1,9.70881599,14.6694
1624497480300000,0,10.35166917,14.6176
1624497992504000,0,25.00000000,14.5995
1624499337911000,1,52.95879314,14.3019
1624499338589000,1,20.00000000,14.3019
1624499338628000,1,30.15967539,14.3019
1624499338669000,1,493.58153147,14.3019
1624499342794000,0,1.39911187,14.2859
1624499349582000,0,17.52999919,14.2394
1624499410343000,1,29.42829720,14.2487
1624499410436000,0,29.42829720,14.2479
1624499420908000,0,10.14249781,14.2697
1624499424954000,0,586.90100079,14.2873
1624499679530000,1,9.95281912,14.2792
1624499680043000,1,10.04553749,14.2739
1624499783495000,1,10.36459129,14.2714
1624499784340000,1,10.36289731,14.2618
1624499784340000,1,10.30751780,14.2618
1624500087571000,0,9.83046366,14.3140
1624500087571000,0,29.24591257,14.3176
1624500088533000,0,10.35770046,14.3147
1624500088533000,0,0.08129997,14.3176
1624500088533000,0,9.74916369,14.3181
1624500088533000,0,10.02020225,14.3193
1624500090514000,0,4.83244171,14.3176
1624500612546000,1,25.00000000,14.1640
1624501987959000,1,10.39108951,14.0378
1624501991452000,0,25.00000000,14.0325
1624502164596000,1,25.00000000,14.0000
1624502164705000,1,47.00000000,14.0000
1624502164705000,1,7.72504460,14.0000
1624502169685000,0,1.42928571,13.9923
1624502457914000,1,29.99341992,13.9813
1624502765957000,1,10.36904384,14.0126
1624503060408000,0,29.92093029,14.0373
1624503060408000,0,51.33821686,14.0448
1624503412740000,1,10.19634760,14.0231
1624503412740000,1,29.91342060,14.0158
1624503412740000,1,9.86658075,14.0155
1624503412740000,1,31.28279820,14.0116
1624504514077000,1,25.00000000,14.0618
1624504516400000,1,25.00000000,14.0618
1624505341968000,1,4.52143655,14.1362
1624505430806000,0,10.31548545,14.1813
1624505431164000,0,8.36111088,14.1869
1624505431311000,0,1.50161200,14.1869
1624505491146000,0,25.00000000,14.2035
1624505765528000,0,25.00000000,14.2691
1624506145915000,1,87.72553101,14.1632
1624506747858000,1,2.00000000,14.0469
1624507063050000,0,9.97456112,14.1612
1624507063050000,0,29.66507092,14.1622
1624507063050000,0,10.27643463,14.1653
1624507063050000,0,450.85986357,14.1669
1624507122053000,0,25.00000000,14.1669
1624507126431000,0,25.00000000,14.1669
1624508432108000,1,25.00000000,14.0873
1624508580180000,1,9.62215489,14.0503
1624508580180000,1,9.73529924,14.0503
1624508580180000,1,10.31997163,14.0476
1624508580180000,1,116.91500000,14.0433
1624508580180000,1,354.18350448,14.0432
1624508946001000,1,1.49774861,14.1205
1624509306596000,0,10.33649803,14.0581
1624509414055000,0,10.22390949,14.0941
1624509518748000,1,10.76661296,14.0411
1624509579114000,0,1.42000000,14.0852
1624509719112000,0,10.16315814,14.1028
1624511006890000,0,25.00000000,14.1578
1624511697433000,1,25.00000000,14.0696
1624511899962000,1,4.34908572,14.1236
1624511934186000,0,9.91329047,14.1541
1624512729580000,0,25.00000000,14.2277
1624512729794000,0,45.37930579,14.2277
1624512743486000,0,9.69975435,14.2453
1624512743486000,0,34.75108150,14.2494
1624513809028000,1,10.30046827,14.2479
1624513809028000,1,0.98944675,14.2412
1624513831426000,0,9.82790871,14.2758
1624513895685000,0,9.83494319,14.3209
1624513895685000,0,20.53593269,14.3239
1624514354836000,0,9.69047274,14.3087
1624514354836000,0,9.94946885,14.3123
1624514354836000,0,9.95726419,14.3123
1624514354836000,0,29.33240827,14.3137
1624514354836000,0,6.59655356,14.3219
1624515271119000,1,29.49919853,14.2151
1624515271119000,1,10.26796172,14.2126
1624515271119000,1,10.07347355,14.2097
1624515271119000,1,50.15936620,14.2030
1624517236157000,0,9.91542404,14.3042
1624517313581000,0,1.42928571,14.3458
1624517367752000,0,9.61885203,14.3522
1624518423100000,1,9.98928378,14.2732
1624518423100000,1,9.71549991,14.2721
1624518423100000,1,10.10381195,14.2680
1624518423103000,1,0.00000001,14.2680
1624518424519000,0,10.16209584,14.2566
1624518456203000,1,25.00000000,14.2330
1624518457641000,1,589.43047332,14.2330
1624518458161000,1,47.30623920,14.2330
1624520212960000,1,45.45000000,14.3000
1624521098332000,1,10.11568764,14.2833
1624521127685000,1,0.00000086,14.2833
1624521137149000,1,9.84079484,14.2499
1624521137375000,1,0.00000001,14.2499
1624521137375000,1,10.03105334,14.2469
1624521177925000,1,10.11921071,14.2484
1624521177925000,1,10.00849951,14.2484
1624521177925000,1,10.19034222,14.2462
1624521177925000,1,9.68194756,14.2426
1624521246900000,1,29.44869265,14.2299
1624521725199000,0,10.37276480,14.2827
1624521725704000,0,9.71515895,14.2833
1624521741591000,1,9.76404509,14.3004
1624521742043000,1,9.80334288,14.2987
1624521742126000,1,0.00000001,14.2987
1624521790658000,1,14.67577112,14.2792
1624522173705000,0,10.35063071,14.2899
1624522173814000,1,21.64936929,14.2899
1624522226381000,0,10.32996600,14.2586
1624522226381000,0,170.36826362,14.2609
1624522649236000,0,69.50085941,14.3934
1624523669454000,1,9.69450377,14.2842
1624524696049000,0,10.35819820,14.4342
1624524847660000,0,10.06144007,14.4733
1624525084638000,0,14.00000000,14.4959
1624526104660000,1,25.00000000,14.5300
1624526115649000,1,2.97287928,14.5300
1624526910646000,0,29.01330115,14.4678
1624526910646000,0,49.68836058,14.4720
1624526989853000,1,9.62206510,14.4667
1624526989853000,1,3.86793490,14.4634
1624527545346000,0,10.67326090,14.5324
1624527546107000,0,9.06656223,14.5377
1624528451511000,1,10.33103337,14.4710
1624528451511000,1,28.94628960,14.4637
1624528451531000,1,9.65352860,14.4589
1624528451531000,1,86.86519052,14.4541
1624528451531000,1,60.02652479,14.4497
1624528451749000,1,25.00000000,14.4609
1624528452532000,1,3.93650832,14.4609
1624528664580000,1,7.22555882,14.4221
1624529379197000,0,6.92803366,14.4341
1624529694689000,0,25.00000000,14.4800
1624529695759000,0,25.00000000,14.4800
1624529695835000,0,28.91794447,14.4800
1624529695891000,0,578.27928233,14.4800
1624529696393000,0,4.53948572,14.4800
1624529844527000,1,9.69428463,14.4803
1624529844527000,1,9.78318922,14.4768
1624529844527000,1,9.67792916,14.4755
1624529844527000,1,28.91968502,14.4748
1624529844527000,1,7.45107958,14.4720
1624530128866000,0,3.61760540,14.4267
1624530589421000,1,29.03546460,14.4165
1624530589421000,1,49.66619713,14.4112
1624530931774000,1,25.00000000,14.3740
1624531193267000,0,9.62853195,14.3546
1624531193267000,0,0.82095347,14.3569
1624531273607000,0,13.55863801,14.3589
1624531273611000,0,14.41424127,14.3589
1624531442666000,0,5.23098641,14.3376
1624531501510000,1,25.00000000,14.3293
1624532038286000,1,19.00000000,14.3293
1624533245709000,1,25.00000000,14.5048
1624533385968000,0,28.92345072,14.4937
1624533385968000,0,40.07115793,14.4943
1624533756349000,0,10.38828052,14.4735
1624533756349000,0,18.57272502,14.4750
1624533871291000,0,9.72616644,14.5127
1624534451674000,0,25.00000000,14.4821
1624534745419000,0,9.73984689,14.5230
1624534745419000,0,9.84016650,14.5262
1624534745419000,0,28.87482292,14.5263
1624534745419000,0,9.65817847,14.5296
1624534745419000,0,19.96540496,14.5338
1624534846818000,0,10.38844377,14.5915
1624534847561000,0,0.00000001,14.5915
1624535034219000,0,1.39911187,14.6538
1624535034219000,0,25.27888845,14.6614
1624535058173000,1,9.74031923,14.6295
1624535058173000,1,0.62112399,14.6295
1624535092854000,0,28.61839771,14.6567
1624535166391000,0,14.79005312,14.6453
1624535352487000,0,15.44345272,14.6582
1624535397566000,0,28.55585385,14.6846
1624535399037000,0,4.17647838,14.6910
1624535672443000,0,25.00000000,14.6401
1624535793933000,1,30.37087588,14.6437
1624535955318000,0,1.36492777,14.6528
1624535972038000,0,7.72504460,14.7000
1624536003787000,0,9.74264504,14.6883
1624536004075000,0,0.00000001,14.6883
1624536037401000,0,7.82233000,14.7257
1624536048794000,0,10.05155745,14.7136
1624536048794000,0,20.17208236,14.7157
1624536049216000,0,8.33803965,14.7157
1624536049219000,0,0.00000001,14.7157
1624536112941000,0,28.45945479,14.7422
1624536112941000,0,10.04737175,14.7455
1624536113457000,0,39.25006848,14.7503
1624536168403000,0,28.43863439,14.7536
1624536168404000,0,0.00000001,14.7536
1624536258536000,0,14.18474600,14.7800
1624536261808000,0,25.00000000,14.7800
1624536263097000,0,25.00000000,14.7800
1624536263293000,0,7.81525400,14.7800
1624536349690000,0,9.63999957,14.8113
1624536349690000,0,0.11412625,14.8132
1624536350195000,0,9.63999957,14.8132
1624536364790000,0,10.16356147,14.8163
1624536487378000,0,10.07834400,14.8155
1624536487378000,0,28.30797141,14.8171
1624536487838000,0,28.30797141,14.8171
1624536499252000,0,16.25749272,14.8171
1624536830271000,0,4.44381637,14.8044
1624537206443000,0,20.30390890,14.7578
1624537855903000,1,9.76428618,14.6708
1624537855903000,1,20.98819791,14.6635
1624537855903000,1,9.82256572,14.6635
1624537855903000,1,37.50336993,14.6613
1624537944151000,0,10.17543627,14.6679
1624537944151000,0,14.82456373,14.6679
1624538171818000,0,28.59137956,14.6392
1624538173222000,0,28.59137956,14.6392
1624538174302000,0,146.10815138,14.6392
1624538338785000,1,3.21440036,14.5880
1624538600977000,0,9.67643077,14.6244
1624538600977000,0,28.65706928,14.6250
1624538600977000,0,597.12626442,14.6260
1624538609743000,0,16.16584624,14.6244
1624538609743000,0,10.19608797,14.6249
1624538609743000,0,0.58991594,14.6250
1624538610242000,1,10.26946478,14.6125
1624538610242000,1,5.89637514,14.6093
1624539805759000,1,25.00000000,14.6404
1624540280343000,1,10.01055277,14.5668
1624540393598000,1,0.00000069,14.5668
1624540400463000,1,9.92933021,14.5569
1624540400463000,1,4.43890606,14.5521
1624540475363000,1,28.79661474,14.5276
1624540475363000,1,1.42702507,14.5276
1624540860762000,1,25.00000000,14.5000
1624540866932000,1,25.00000000,14.5000
1624541000583000,1,14.45695814,14.4882
1624541117397000,0,18.11484550,14.5272
1624541504456000,0,25.00000000,14.6000
1624541504456000,0,25.00000000,14.6000
1624541625127000,0,4.00000000,14.6175
1624543897599000,1,10.02460906,14.5096
1624543899430000,1,9.69354430,14.5055
1624544174212000,0,10.32790878,14.5222
1624545483307000,0,1.42000000,14.6900
1624546394021000,0,10.29043058,14.6635
1624546394021000,0,20.35387149,14.6648
1624546709012000,0,25.00000000,14.6664
1624546813325000,0,10.64158930,14.7439
1624546813349000,0,0.00000001,14.7439
1624547531021000,1,9.96643013,14.8251
1624547531021000,1,9.96794311,14.8238
1624547531021000,1,10.08636699,14.8196
1624547531021000,1,0.62356184,14.8177
1624547695014000,0,9.64612023,14.9257
1624547695014000,0,28.09853149,14.9264
1624547695014000,0,10.39137635,14.9303
1624547695014000,0,84.33867162,14.9347
1624547695014000,0,33.75018264,14.9410
1624547695186000,1,25.00000000,14.9459
1624547696294000,0,44.45083585,14.9750
1624547718125000,1,25.00000000,14.9385
1624547722147000,1,3.06875599,14.9385
1624547722558000,1,0.00000001,14.9385
1624547774396000,0,9.61186499,14.9067
1624547774396000,0,9.95469609,14.9111
1624547774396000,0,28.13557405,14.9141
1624547774396000,0,9.81917814,14.9175
1624547774396000,0,6.08158532,14.9185
1624548285350000,0,9.98539339,14.9416
1624548285350000,0,9.98539339,14.9416
1624548285350000,0,84.30013532,14.9474
1624548285350000,0,84.30013532,14.9474
1624548285350000,0,8.81901076,14.9569
1624548285350000,0,8.81901076,14.9569
1624548285630000,0,8.24050678,14.9621
1624548285630000,0,8.24050678,14.9621
1624548289454000,0,1.36358525,15.0355
1624548295645000,0,10.28914985,15.1157
1624548289454000,0,1.36358525,15.0355
1624548295645000,0,10.28914985,15.1157
1624548295645000,0,9.72807023,15.1235
1624548295645000,0,9.72807023,15.1235
1624548336882000,0,25.00000000,15.1460
1624548336882000,0,25.00000000,15.1460
1624548449969000,1,27.61742701,15.1685
1624548449969000,1,27.61742701,15.1685
1624548617142000,0,27.61742701,15.1922
1624548617142000,0,27.61742701,15.1922
1624548617382000,0,30.78240000,15.2147
1624548617382000,0,30.78240000,15.2147
1624548619964000,0,93.80798313,15.2681
1624548619964000,0,93.80798313,15.2681
1624548621507000,0,10.09699707,15.2820
1624548621507000,0,10.09699707,15.2820
1624548621507000,0,17.38657320,15.2844
1624548621507000,0,17.38657320,15.2844
1624548807078000,1,1.36253227,15.2114
1624549204164000,0,25.00000000,15.2580
1624549641163000,1,9.73355222,15.1787
1624549641163000,1,65.88362748,15.1733
1624549641163000,1,9.74185652,15.1733
1624549654512000,0,10.32236611,15.1423
1624549687822000,1,10.36813568,15.1125
1624549687823000,1,0.00000001,15.1125
1624549725429000,0,25.00000000,15.0995
1624550431602000,0,8.25447857,15.0015
1624550786795000,1,10.00442984,14.9916
1624550786795000,1,9.85234028,14.9894
1624550786795000,1,9.77477218,14.9859
1624550786795000,1,27.95468106,14.9841
1624550786795000,1,83.80036571,14.9796
1624550786795000,1,10.24382842,14.9796
1624550786795000,1,29.06781213,14.9747
1624550790090000,1,25.00000000,14.9841
1624550820144000,0,6.68210771,15.0076
1624551012789000,0,28.12725622,14.9200
1624551072061000,0,181.46822353,14.9316
1624551191510000,1,25.00000000,14.9284
1624551855991000,1,25.00000000,15.0504
1624551942353000,0,67.55603835,15.0481
1624552585824000,0,10.10151760,15.1188
1624552942036000,0,88.79871850,15.1836
1624553366560000,0,8.99083390,15.1837
1624554013997000,0,25.00000000,15.2700
1624554016351000,0,25.00000000,15.2700
1624554018164000,0,5.89776680,15.2700
1624554018373000,0,25.00000000,15.2700
1624554019250000,0,19.10223320,15.2700
1624554024702000,0,10.25150863,15.2924
1624554024702000,0,10.14619945,15.2924
1624554046673000,0,9.89571399,15.2957
1624554047307000,0,9.93829406,15.3000
1624554047307000,0,69.00000000,15.3000
1624554047307000,0,30.15000000,15.3000
1624554047808000,0,10.23511471,15.3035
1624554048470000,0,10.02658560,15.3071
1624554316688000,0,25.00000000,15.3450
1624554327433000,0,9.72991550,15.3716
1624554328015000,0,10.75015574,15.3779
1624554349661000,0,9.75879819,15.3975
1624554349661000,0,9.70275587,15.4018
1624554349661000,0,9.65058081,15.4053
1624554349661000,0,10.28987144,15.4092
1624554349661000,0,27.23735478,15.4130
1624554349661000,0,81.73704884,15.4258
1624554349661000,0,41.77641314,15.4302
1624554349665000,0,23.05549225,15.4302
1624554349665000,0,23.86875520,15.4302
1624554450526000,1,9.63761133,15.4204
1624554523202000,0,9.63761133,15.4335
1624554558325000,1,9.60406596,15.4169
1624554558325000,1,27.16550065,15.4139
1624554558325000,1,10.14309467,15.4131
1624554558325000,1,9.29447389,15.4049
1624554558325000,1,81.51545275,15.4022
1624554558325000,1,43.74563561,15.3988
1624554568977000,1,15.74785795,15.4269
1624554673812000,0,25.00000000,15.4028
1624554707828000,1,27.22737682,15.3859
1624554707828000,1,0.00000001,15.3859
1624554821212000,0,25.00000000,15.4035
1624555166010000,1,13.63966939,15.3557
1624555259633000,1,25.00000000,15.3616
1624555286255000,1,10.12552164,15.3648
1624555406232000,1,13.62050441,15.3727
1624555526434000,1,13.62050441,15.4069
1624555646428000,1,10.32621538,15.3896
1624555766549000,1,13.60452410,15.4029
1624555886598000,1,13.59786437,15.4020
1624555982534000,0,10.24604158,15.4249
1624555982534000,0,10.03458829,15.4286
1624555982534000,0,9.73238669,15.4314
1624555982534000,0,14.90038698,15.4319
1624556006715000,1,13.59217916,15.4104
1624557411290000,1,25.00000000,15.4328
1624557449135000,0,25.00000000,15.4609
1624557464130000,0,25.00000000,15.4738
1624557466346000,0,32.30220974,15.5000
1624557466353000,0,25.00000000,15.5000
1624557466367000,0,58.40000000,15.5000
1624557466375000,0,53.43033742,15.5000
1624557596052000,0,10.17364218,15.4818
1624557596052000,0,5.66850332,15.4843
1624557596544000,0,5.66850332,15.4843
1624557603785000,0,10.30666117,15.4822
1624557604276000,0,9.90217400,15.4854
1624558624022000,1,27.18049889,15.4054
1624558624152000,0,27.18049889,15.4047
1624558627226000,0,27.18117850,15.4047
1624558629039000,0,27.18107275,15.4047
1624558630165000,0,27.18054772,15.4047
1624558630276000,0,543.54013221,15.4047
1624558630492000,0,25.00000000,15.4047
1624558630606000,0,58.40000000,15.4047
1624558630858000,0,543.13259081,15.4047
1624558630915000,0,557.08000000,15.4047
1624558631495000,0,336.94348023,15.4047
1624558754126000,1,25.00000000,15.4064
1624559239366000,0,27.16569174,15.4372
1624559239366000,0,10.66144610,15.4431
1624559239366000,0,68.43503589,15.4465
1624559239391000,0,13.05431376,15.4465
1624559239391000,0,463.79780405,15.4551
1624559239391000,0,64.73528216,15.4552
1624559239391000,0,34.42260003,15.4552
1624559245975000,0,45.72175000,15.5081
1624559245975000,0,10.35416207,15.5088
1624559245975000,0,501.42081619,15.5165
1624559246480000,0,9.84821314,15.5088
1624559246480000,0,561.73416376,15.5165
1624559256039000,0,190.75798254,15.4910
1624559285028000,1,25.00000000,15.4680
1624559315710000,0,25.00000000,15.4976
1624559316959000,0,25.00000000,15.4976
1624559619411000,1,8.12064453,15.4235
1624559619412000,1,2.04355528,15.4235
1624559619579000,1,10.10543817,15.4227
1624559926716000,0,5.62590064,15.4074
1624559990298000,0,10.20267295,15.4349
1624559990298000,0,9.21080565,15.4387
1624560058365000,0,6.47101027,15.4149
1624560787210000,0,10.14233194,15.3752
1624560787210000,0,9.84749792,15.3786
1624560787210000,0,27.26560565,15.3808
1624560787210000,0,45.75299000,15.3827
1624560787210000,0,9.81527030,15.3828
1624560787210000,0,98.45662885,15.3841
1624560787683000,0,27.26560565,15.3808
1624560787683000,0,164.18536732,15.3841
1624560787844000,1,10.39028124,15.3642
1624560787844000,1,10.17296493,15.3608
1624560787844000,1,24.35015737,15.3589
1624560788203000,0,10.08818563,15.3783
1624560788203000,0,149.58420144,15.3841
1624560788687000,0,10.01363852,15.3796
1624560788687000,0,51.08919905,15.3841
1624560790905000,0,25.00000000,15.3808
1624560801528000,0,6.43033969,15.3783
1624561268030000,1,27.32071867,15.3240
1624561268030000,1,36.28217992,15.3080
1624561755860000,0,25.00000000,15.4026
1624561798761000,0,9.66318466,15.3785
1624561798761000,0,10.29350936,15.3812
1624561798761000,0,9.66234710,15.3848
1624561798761000,0,10.26940917,15.3848
1624561798761000,0,23.42089515,15.3919
1624562681112000,0,25.00000000,15.3500
1624562688405000,0,25.00000000,15.3500
1624562689406000,0,27.27653249,15.3500
1624562690579000,0,27.27640362,15.3500
1624562692238000,0,27.27640362,15.3500
1624562694225000,0,27.27660036,15.3500
1624562697338000,0,27.27520470,15.3500
1624562703537000,0,4.37683775,15.3500
1624562865283000,0,9.83994160,15.3151
1624562865283000,0,10.13258009,15.3184
1624562865283000,0,10.31175534,15.3224
1624562865283000,0,2.35500371,15.3225
1624564268229000,0,25.00000000,15.3008
1624566734338000,1,25.00000000,15.2671
1624568368296000,1,3.72149211,15.3525
1624569439342000,1,27.34938278,15.3116
1624569439342000,1,10.08065172,15.3095
1624569440314000,1,10.08147591,15.3116
1624569862268000,0,9.98592782,15.2756
1624569862268000,0,27.44616618,15.2756
1624569862268000,0,12.56790600,15.2786
1624571734202000,1,1.89913292,15.2698
1624572832940000,1,8.58144574,15.1450
1624573238043000,1,25.00000000,15.1005
1624573247796000,0,9.83864858,15.1082
1624573247796000,0,27.75906703,15.1085
1624573247796000,0,9.91351082,15.1087
1624573247796000,0,20.36628374,15.1152
1624573247796000,0,90.78755661,15.1152
1624573247796000,0,23.23199783,15.1168
1624575074904000,1,10.33534762,15.0482
1624575074904000,1,10.36519917,15.0440
1624575074904000,1,10.04562973,15.0426
1624575074904000,1,66.50790912,15.0269
1624575074904000,1,83.50468685,15.0269
1624575074904000,1,11.96135091,15.0228
1624575075098000,1,4.00000000,15.0228
1624575321181000,0,10.44783929,15.0638
1624577067454000,1,9.72699371,15.1918
