timestamp ms,type,amount,price
1627084980715000,1,2.54876640,15.7319
1627084980715000,1,2.41260186,15.7313
1627084981084000,1,2.58181638,15.7319
1627084981084000,1,2.57859701,15.7309
1627084981084000,1,2.50975149,15.7240
1627084981084000,1,79.11201250,15.7240
1627086155808000,0,2.18910763,15.9226
1627086454713000,1,6.25000000,15.9050
1627086754781000,0,6.25000000,15.8589
1627087178240000,0,1.99219445,15.9357
1627087328204000,0,1.61290322,15.9650
1627087334272000,0,1.31532999,15.9761
1627087401279000,1,6.25000000,15.9790
1627087418461000,1,6.25000000,15.9520
1627089512975000,0,21.77699395,15.7527
1627089955213000,0,6.25000000,15.7421
1627090203497000,0,6.25000000,15.7055
1627090203622000,0,7.22578858,15.7055
1627091191339000,0,2.58978531,15.8456
1627091191339000,0,2.56074122,15.8465
1627091191339000,0,2.51187232,15.8501
1627091191339000,0,2.33672875,15.8533
1627091191339000,0,16.49005894,15.8536
1627093447791000,0,2.52455596,15.8729
1627096576949000,0,2.52100070,15.8171
1627096576949000,0,2.50766008,15.8204
1627096576949000,0,2.41553876,15.8227
1627096576949000,0,2.55580046,15.8232
1627098308354000,0,6.25000000,15.8085
1627098664301000,1,1.38505167,15.8408
1627099029254000,0,6.25000000,15.9600
1627099029293000,0,9.75000000,15.9600
1627099292194000,0,6.25000000,16.0000
1627099335133000,0,6.27208994,16.0000
1627099335133000,0,1.40000000,16.0000
1627099335133000,0,7.22163926,16.0000
1627099335133000,0,0.00000001,16.0000
1627099335133000,0,7.13848936,16.0000
1627099335133000,0,0.00000001,16.0000
1627099490907000,0,1.27128335,16.0548
1627100696378000,1,6.25000000,15.8787
1627100752702000,0,2.43224783,15.8931
1627100752702000,0,2.43050484,15.8957
1627100752702000,0,69.90594973,15.9010
1627100753224000,0,6.25000000,15.8922
1627100753224000,0,2.50308485,15.8931
1627100753224000,0,0.06396440,15.8940
1627103035915000,0,2.47892286,15.8416
1627103242260000,1,32.10309385,15.7748
1627103602526000,1,2.58212318,15.8230
1627103602526000,1,2.51787731,15.8194
1627103602526000,1,73.19100917,15.8178
1627105581484000,1,6.25000000,15.9222
1627105934182000,0,6.25000000,15.9043
1627106414286000,1,1.26000000,15.9216
1627106721208000,0,2.56985595,15.9186
1627106721208000,0,26.67528440,15.9213
1627106721208000,0,2.47471446,15.9226
1627106721208000,0,2.55467291,15.9235
1627106721208000,0,2.46432252,15.9269
1627106721208000,0,57.44946054,15.9280
1627106895146000,1,2.45757108,15.8869
1627106895146000,1,2.41665281,15.8867
1627107397694000,0,6.25000000,15.8891
1627107727237000,0,2.52049346,15.9011
1627107727237000,0,2.56656224,15.9046
1627107727237000,0,4.91294430,15.9064
1627107994616000,0,6.25000000,15.8758
1627107994770000,0,44.75000000,15.8758
1627109428656000,1,6.25000000,15.9060
1627109428860000,1,12.38647797,15.9060
1627109428887000,1,0.00000001,15.9060
1627109765991000,0,1.28000000,15.9100
1627109874628000,1,2.51196037,15.9160
1627109888809000,0,0.02654611,15.9160
1627109920690000,0,1.50000000,15.9300
1627110765393000,0,3.13080177,15.8909
1627111321934000,1,10.00000000,15.7456
1627111340036000,0,1.33370168,15.7824
1627111966509000,0,3.99432026,15.7514
1627112863693000,0,2.00000000,15.7986
1627113814609000,1,26.99811718,15.7114
1627113814609000,1,2.58342292,15.7075
1627113814609000,1,152.70221368,15.7025
1627113814613000,1,119.42870193,15.7025
1627113819207000,0,140.08511746,15.6700
1627113841672000,1,2.19539244,15.6324
1627113917599000,0,27.07373354,15.7109
1627113917599000,0,105.98517380,15.7120
1627113918975000,0,6.25000000,15.7069
1627114375728000,0,3.18204410,15.6349
1627114415506000,1,2.59334763,15.6168
1627114415569000,0,6.25000000,15.6100
1627114415570000,0,7.01313035,15.6100
1627115901717000,1,27.23594172,15.5776
1627117094406000,0,2.53066774,15.5739
1627117094406000,0,2.54972207,15.5766
1627117094406000,0,2.46422846,15.5800
1627117094406000,0,27.27362949,15.5817
1627117094406000,0,42.87671464,15.5850
1627117231293000,0,27.24483345,15.5988
1627117231293000,0,326.37942445,15.5992
1627118292543000,1,2.56828869,15.6017
1627118292543000,1,2.51597855,15.5978
1627118292543000,1,2.62205799,15.5974
1627118292543000,1,8.44631297,15.5950
1627119934847000,0,27.01067445,15.7414
1627120936032000,0,3.14171194,15.8357
1627123504340000,1,2.58935631,15.8379
1627123504340000,1,2.40827339,15.8347
1627123504340000,1,2.49461960,15.8311
1627123504340000,1,3.99229367,15.8300
1627123701995000,1,3.42012946,15.8220
1627125270985000,0,2.58774161,15.8066
1627125270985000,0,2.58445969,15.8121
1627125270985000,0,2.41471613,15.8130
1627125270985000,0,26.90046505,15.8145
1627125270985000,0,107.54670000,15.8150
1627125270985000,0,18.69895283,15.8200
1627125679726000,1,1.30000000,15.7292
1627125863031000,0,2.53744732,15.7415
1627125863031000,0,2.59882766,15.7455
1627125863031000,0,45.43171000,15.7485
1627125863031000,0,2.52792728,15.7487
1627125863031000,0,26.99821067,15.7512
1627125863031000,0,46.88309816,15.7539
1627126718228000,1,6.25000000,15.6870
1627126718330000,1,101.86320000,15.6870
1627126733095000,1,2.52340453,15.5989
1627126733095000,1,2.39649316,15.5950
1627126733095000,1,53.53810231,15.5912
1627127465134000,1,2.41600343,15.6738
1627127465134000,1,2.49285775,15.6712
1627127465134000,1,2.45525623,15.6676
1627127465134000,1,6.21607853,15.6659
1627127529799000,0,2.43070219,15.6901
1627127529799000,0,2.47499019,15.6941
1627127529799000,0,11.02861527,15.6956
1627127585263000,1,2.46852591,15.6918
1627127585263000,1,2.52952316,15.6913
1627127585263000,1,2.42444168,15.6858
1627127585263000,1,2.46649685,15.6858
1627127585263000,1,3.66584985,15.6840
1627127705307000,1,13.54499647,15.6757
1627127825359000,1,2.58687905,15.7042
1627127825359000,1,2.65360231,15.6996
1627127825359000,1,8.26055542,15.6981
1627129160861000,0,2.53896374,15.6968
1627129160861000,0,0.18675769,15.6998
1627129576788000,1,6.25000000,15.6963
1627129585563000,0,2.42404790,15.7010
1627129585563000,0,2.47425113,15.7039
1627129585563000,0,18.97584963,15.7089
1627130451285000,0,31.56264775,15.7592
1627130885855000,1,13.49309153,15.7410
1627131006020000,1,2.54400284,15.7038
1627131006020000,1,10.97428226,15.7012
1627131053660000,1,2.59048787,15.6908
1627131053660000,1,2.42023387,15.6895
1627131053660000,1,2.74114326,15.6856
1627131053660000,1,27.07543238,15.6830
1627131053660000,1,90.50365797,15.6826
1627131053660000,1,2.34035847,15.6802
1627131053660000,1,33.06172149,15.6780
1627131126067000,1,13.51828510,15.7060
1627131788664000,0,2.57848445,15.7055
1627131788664000,0,2.42507859,15.7112
1627131788664000,0,26.65585257,15.7133
1627132044196000,0,1.27199679,15.7233
1627134438692000,0,2.40769142,15.6507
1627134438692000,0,2.40822215,15.6549
1627134438692000,0,15.00050611,15.6562
1627134439178000,0,6.25000000,15.6489
1627134439178000,0,11.15872826,15.6562
1627134933806000,0,5.00000000,15.6447
1627135520665000,1,2.46799285,15.5707
1627135520665000,1,2.48999708,15.5668
1627135520665000,1,81.73432700,15.5651
1627135520665000,1,97.32956394,15.5580
1627135520666000,1,63.17694690,15.5580
1627135520666000,1,64.20770141,15.5580
1627135520666000,1,6.22883180,15.5557
1627135520807000,1,6.25000000,15.5590
1627135520846000,1,102.83790000,15.5590
1627135522335000,1,1.40000000,15.5340
1627135569366000,0,6.25000000,15.5620
1627136287028000,1,13.62843436,15.5860
1627136407076000,1,2.52314961,15.5945
1627136407076000,1,2.52108777,15.5909
1627136407076000,1,8.58486566,15.5902
1627136527165000,1,13.62910304,15.5917
1627136647234000,1,13.63062638,15.5869
1627136686079000,1,6.25000000,15.5910
1627136686146000,0,2.29821393,15.5991
1627136767313000,1,13.62397820,15.5610
1627137247424000,1,2.44429469,15.5696
1627137247424000,1,2.41496906,15.5629
1627137247424000,1,2.45383071,15.5629
1627137247424000,1,6.33161477,15.5618
1627137322303000,0,6.25000000,15.6012
1627137322370000,0,21.02057629,15.6012
1627137367479000,1,2.47951939,15.6064
1627137367479000,1,11.16518984,15.6030
1627137669071000,1,6.25000000,15.6900
1627138212645000,0,1.59076592,15.7157
1627138470038000,1,6.25000000,15.6230
1627139522082000,0,1.90616944,15.6713
1627139773258000,0,27.01967534,15.7453
1627139773258000,0,51.62080291,15.7490
1627141139623000,0,10.00000000,15.5907
1627141271200000,1,27.35483346,15.5246
1627141271200000,1,64.38987175,15.5140
1627141271200000,1,82.03549548,15.5140
1627141271277000,0,82.01112041,15.5131
1627141276598000,1,1.61290322,15.5000
1627141276598000,1,2.48701778,15.4985
1627141276598000,1,0.01254384,15.4948
1627141276701000,1,2.48256043,15.4943
1627141276701000,1,2.45885104,15.4878
1627141276701000,1,88.16886293,15.4866
1627141276701000,1,116.91500000,15.4816
1627141276701000,1,64.55370724,15.4816
1627141276701000,1,239.56445738,15.4731
1627141278584000,1,6.25000000,15.4962
1627141724047000,1,2.41405028,15.4774
1627141724047000,1,2.44589723,15.4757
1627141724047000,1,2.50659124,15.4746
1627141724047000,1,2.57659330,15.4709
1627141724047000,1,14.51648230,15.4697
1627141932834000,1,6.25000000,15.5310
1627142268494000,1,6.25000000,15.5222
1627142269496000,1,6.25000000,15.5151
1627142709322000,0,1.90459740,15.5460
1627144208545000,0,2.45463684,15.7346
1627144208545000,0,27.02471301,15.7404
1627144208545000,0,108.09360000,15.7410
1627144208545000,0,2.41394768,15.7412
1627144208597000,1,6.25000000,15.7448
1627144208634000,1,2.43103000,15.7448
1627144208642000,1,27.02471301,15.7448
1627144208761000,1,59.09565119,15.7448
1627144287779000,0,4.56628101,15.7252
1627144310318000,1,2.53858019,15.7173
1627144310318000,1,2.45454113,15.7099
1627144310318000,1,2.50215496,15.7099
1627144310318000,1,19.53030008,15.7094
1627144310553000,1,6.25000000,15.7251
1627144426806000,1,6.25000000,15.7200
1627144556177000,0,6.25000000,15.7274
1627145594588000,0,26.81952750,15.8623
1627145594588000,0,80.45382071,15.8716
1627145594588000,0,76.94759636,15.8750
1627145594595000,0,166.77291426,15.8750
1627145594713000,0,6.25000000,15.8750
1627145595274000,0,107.19020000,15.8760
1627145601115000,0,2.59178935,15.9015
1627145601115000,0,357.28243940,15.9033
1627145601575000,0,2.46241053,15.8970
1627145601575000,0,2.56980925,15.9005
1627145632092000,0,91.06587084,15.9154
1627145673349000,0,2.00000000,15.9247
1627145816416000,0,23.77610514,15.9164
1627145949342000,0,2.59645226,15.9408
1627145949342000,0,28.76218315,15.9449
1627146795163000,0,1.25728518,15.9073
1627146950889000,1,26.72670625,15.8850
1627146950889000,1,2.62340648,15.8790
1627146950889000,1,62.93460049,15.8772
1627146950889000,1,80.13624672,15.8772
1627146950889000,1,11.31006598,15.8698
1627146950889000,1,146.06492613,15.8698
1627146950889000,1,37.66609979,15.8679
1627146950897000,1,12.70989415,15.8679
1627146950998000,1,6.25000000,15.8820
1627147021775000,0,6.25000000,15.8584
1627147230541000,1,26.82002726,15.8553
1627147245774000,0,19.05043678,15.8582
1627147245775000,0,61.09110102,15.8582
1627147451258000,1,2.48303585,15.8699
1627147451258000,1,2.58978253,15.8692
1627147451258000,1,44.98149000,15.8620
1627147451258000,1,17.53609378,15.8617
1627147776359000,1,6.25000000,15.7980
1627148311140000,1,1.73670670,15.8248
1627148429759000,1,47.52364397,15.8220
1627148536760000,1,3.79033319,15.8034
1627149431842000,1,2.57579295,15.7815
1627149431842000,1,0.60918821,15.7773
1627149480654000,1,2.47963135,15.7625
1627149480654000,1,63.36644785,15.7503
1627149480654000,1,12.79439905,15.7485
1627149693303000,1,2.53892023,15.7401
1627149693303000,1,26.98373468,15.7360
1627149693303000,1,2.52052657,15.7359
1627149693303000,1,1.45390928,15.7330
1627149737874000,0,2.40345826,15.7595
1627149737874000,0,6.58094509,15.7643
1627150559211000,1,2.51892745,15.7656
1627150559211000,1,6.46547590,15.7639
1627150705115000,0,2.20000000,15.7804
1627150778626000,1,9.99959224,15.7734
1627150855984000,0,2.51605541,15.7523
1627150855984000,0,2.52601676,15.7543
1627150855984000,0,2.49927349,15.7584
1627150855984000,0,2.46454496,15.7608
1627150855984000,0,2.51419080,15.7666
1627150855984000,0,66.04210471,15.7676
1627150915281000,0,2.54877815,15.7403
1627150915281000,0,3.77238231,15.7409
1627151725318000,0,1.90043348,15.7218
1627151741564000,1,15.00000000,15.7000
1627151773138000,1,2.42251206,15.7038
1627151773138000,1,2.50887974,15.7033
1627151773138000,1,73.63079433,15.6960
1627152341238000,1,30.19999413,15.6480
1627152559121000,0,2.57143076,15.6537
1627152559121000,0,2.40892761,15.6574
1627152559121000,0,27.17109096,15.6581
1627152559121000,0,6.84942151,15.6583
1627152559121000,0,24.86427428,15.6583
1627152710416000,0,1.28932786,15.6050
1627152898254000,0,6.25000000,15.6476
1627153464990000,1,2.41604621,15.5235
1627153464990000,1,2.49438952,15.5212
1627153464990000,1,95.08956427,15.5210
1627153512608000,1,2.44802898,15.5468
1627153512608000,1,2.56190308,15.5457
1627153512608000,1,8.65286038,15.5390
1627154527068000,1,6.25000000,15.5180
1627154528510000,1,0.52727341,15.5180
1627154830341000,0,6.25000000,15.5431
1627154840373000,0,30.85273880,15.5561
1627155639382000,0,1.60439270,15.5282
1627155730201000,1,2.57715871,15.4859
1627155730201000,1,4.41888879,15.4830
1627155873747000,1,6.25000000,15.4908
1627155874221000,1,86.55947877,15.4908
1627155880104000,0,1.29173778,15.4876
1627155880214000,0,1.20173312,15.4876
1627155880214000,0,0.47668679,15.4878
1627155889577000,0,1.29198132,15.4846
1627156065287000,1,60.00000000,15.4300
1627156065721000,1,5.06545690,15.4300
1627156087540000,1,46.31067000,15.4068
1627156087540000,1,27.54610039,15.4067
1627156087540000,1,110.10900000,15.4040
1627156088154000,1,1.35478683,15.3963
1627156178577000,1,37.61321631,15.3870
1627156821014000,0,1.92044859,15.3683
1627157293626000,1,2.54320644,15.3773
1627157293626000,1,11.23514100,15.3773
1627157554739000,1,2.41635291,15.3857
1627157571538000,0,18.92020156,15.4141
1627158201793000,0,2.49023632,15.4145
1627158201793000,0,0.59116103,15.4176
1627158374199000,1,2.51712610,15.3577
1627158374199000,1,11.28587743,15.3570
1627158468959000,0,2.35896312,15.3640
1627158468959000,0,0.59584190,15.3698
1627159350579000,1,23.77610514,15.4112
1627159351184000,1,6.25000000,15.4020
1627159362277000,0,1.29792422,15.4092
1627159416672000,0,6.25000000,15.3732
1627160000255000,1,1.59076592,15.4290
1627160168715000,0,3.22219551,15.4402
1627160635813000,1,6.25000000,15.3500
1627160678958000,0,3.60458630,15.3832
1627161259457000,0,27.63334368,15.3815
1627161259552000,1,27.63334368,15.3815
1627161259567000,1,552.74245653,15.3815
1627161260089000,1,552.74245653,15.3815
1627161260882000,1,27.63712283,15.3815
1627161261114000,1,552.75098702,15.3815
1627161262796000,1,45.96216280,15.3815
1627161266187000,1,36.93424100,15.3815
1627161277879000,1,27.63917181,15.3815
1627161279883000,1,27.63917181,15.3815
1627161282882000,1,27.64105649,15.3815
1627161286884000,1,27.64091849,15.3815
1627161290884000,1,27.64157141,15.3815
1627161294111000,1,27.64134478,15.3815
1627161305883000,1,27.64144863,15.3815
1627161307887000,1,27.64144863,15.3815
1627161309604000,1,27.64144863,15.3815
1627161309674000,1,552.93351638,15.3815
1627161472747000,0,27.63840797,15.3841
1627161472747000,0,46.51677000,15.3868
1627161472747000,0,5.99267314,15.3874
1627161484568000,0,6.25000000,15.3841
1627161627630000,1,6.25000000,15.3815
1627161628011000,1,8.85215318,15.3815
1627161640125000,1,27.64206938,15.3815
1627161640269000,1,491.29837943,15.3815
1627162230350000,0,6.25000000,15.3735
1627163055494000,0,6.25000000,15.4515
1627163316457000,1,1.28932786,15.5514
1627163358146000,1,6.25000000,15.5400
1627164086321000,1,2.57325732,15.5068
1627164086321000,1,77.57459379,15.5053
1627164333485000,1,6.25000000,15.4362
1627164693021000,0,1.91432753,15.4911
1627165055829000,0,6.25000000,15.4095
1627165952192000,0,2.58198890,15.4223
1627165952192000,0,2.51396598,15.4258
1627166225300000,0,6.60627696,15.4470
1627166451661000,1,2.40796072,15.4406
1627166451661000,1,2.43258517,15.4381
1627166585229000,1,6.25000000,15.4568
1627166585232000,1,21.20230113,15.4568
1627167121631000,0,2.45276617,15.4492
1627167121631000,0,2.53849694,15.4492
1627167121679000,1,5.94223203,15.4500
1627167172618000,0,1.92841096,15.4736
1627167895839000,0,6.25000000,15.4912
1627168156059000,0,6.25000000,15.5200
1627168157572000,0,6.25000000,15.5200
1627168163049000,0,4.68349513,15.5200
1627168163336000,0,0.00000001,15.5200
1627168247800000,0,2.43108757,15.5100
1627168247800000,0,0.80443750,15.5138
1627168429855000,0,1.29188033,15.4813
1627172225548000,0,6.25000000,15.6018
1627172784327000,0,2.40644570,15.5883
1627172784327000,0,2.61862095,15.5922
1627172784327000,0,4.97493335,15.5961
1627173022900000,0,2.51030842,15.5665
1627173022900000,0,2.55095522,15.5695
1627173091079000,1,6.25000000,15.4721
1627174356714000,0,2.50875581,15.2113
1627174356821000,1,2.29821393,15.1873
1627174357489000,1,0.18626136,15.1873
1627174357489000,1,2.25671557,15.1873
1627174357489000,1,0.97715252,15.1846
1627174357528000,1,1.47627570,15.1846
1627174357528000,1,89.11741872,15.1797
1627174357528000,1,65.83643821,15.1773
1627174357528000,1,2.61069122,15.1773
1627174357528000,1,27.93796649,15.1757
1627174357528000,1,0.02120966,15.1731
1627174357566000,1,1.31700000,15.1731
1627174519330000,0,1.31877866,15.1617
1627174519936000,0,1.51583754,15.1566
1627176226530000,1,28.01178738,15.1389
1627176226561000,1,6.25000000,15.1360
1627176308867000,0,6.25000000,15.1620
1627176312397000,0,6.25000000,15.1676
1627176362670000,0,2.52752879,15.1625
1627176362670000,0,28.00416010,15.1674
1627176362670000,0,2.43417821,15.1693
1627176486222000,0,6.25000000,15.1486
1627176486892000,0,9.26178621,15.1486
1627177964384000,0,2.44076718,15.0633
1627177964384000,0,2.39017059,15.0689
1627177964884000,0,2.52452724,15.0633
1627177964884000,0,0.02621435,15.0689
1627177964884000,0,0.87034586,15.0689
1627178105270000,1,1.66666666,15.0000
1627178105270000,1,4.58333334,15.0000
1627178106417000,1,62.41666666,15.0000
1627178106417000,1,504.00645362,15.0000
1627178106978000,1,26.53954637,15.0000
1627178129259000,0,6.25000000,15.0234
1627179251537000,1,6.25000000,15.0569
1627179346380000,0,6.25000000,15.1003
1627179943982000,0,2.51361217,15.1186
1627179943982000,0,15.88342999,15.1193
1627179944456000,0,12.21056860,15.1193
1627179944456000,0,2.41162125,15.1217
1627181668519000,1,2.45680639,15.1817
1627181668519000,1,4.73592179,15.1790
1627181774577000,0,6.25000000,15.2410
1627181775700000,0,6.25000000,15.2410
1627183523974000,0,3.79033319,15.3199
1627184242459000,0,2.55777432,15.3173
1627184242459000,0,0.82379911,15.3211
1627188147672000,0,1.66666666,15.4500
1627190447018000,1,1.29792422,15.4270
1627190542419000,0,1.31877866,15.4766
1627190666014000,1,6.25000000,15.4400
1627190666105000,1,8.69308345,15.4400
1627190666135000,1,20.48682309,15.4400
1627191129841000,0,6.25000000,15.3825
1627192338125000,0,2.00000000,15.4016
1627192453861000,0,2.00000000,15.4204
1627192725644000,0,6.25000000,15.4093
1627194302889000,0,27.63158936,15.3675
1627194302889000,0,2.53623336,15.3685
1627194302889000,0,2.43451792,15.3719
1627194302889000,0,2.50222691,15.3772
1627194302889000,0,82.87449471,15.3796
1627194302889000,0,116.91500000,15.3902
1627194302889000,0,226.72485000,15.3902
1627194302889000,0,93.36853867,15.3902
1627194302889000,0,82.81069969,15.3903
1627194302889000,0,65.00545407,15.3968
1627194302889000,0,138.11573609,15.3969
1627194302889000,0,60.68587427,15.4108
1627194303894000,0,6.25000000,15.3637
1627194305365000,0,12.47433295,15.3819
1627194342387000,0,6.25000000,15.3960
1627194595733000,0,27.61493352,15.3784
1627194893264000,1,2.52608411,15.3992
1627194893264000,1,2.41689205,15.3934
1627194893264000,1,27.55144599,15.3915
1627194893264000,1,0.47144495,15.3915
1627194965778000,0,27.58591843,15.3961
1627194965778000,0,2.43101336,15.3988
1627195269913000,0,12.94831190,15.3984
1627195275411000,0,12.93866313,15.3984
1627195355993000,0,4.11337085,15.3849
1627195467100000,0,12.91604602,15.4333
1627195719934000,0,3.53043413,15.3883
1627196197630000,0,27.59314495,15.3882
1627196197630000,0,37.81543975,15.3903
1627197294723000,0,6.25000000,15.4443
1627197296008000,0,6.25000000,15.4443
1627197296038000,0,549.31333814,15.4443
1627197296558000,0,549.18570838,15.4443
1627197297074000,0,468.89086004,15.4443
1627197377835000,0,549.32008732,15.4396
1627197378373000,0,549.30735392,15.4396
1627197378420000,0,58.40000000,15.4396
1627197378799000,0,27.46075769,15.4396
1627197378914000,0,395.40170763,15.4396
1627197679271000,0,2.53883764,15.4607
1627197679271000,0,2.46116236,15.4651
1627197715161000,1,6.25000000,15.4465
1627198270928000,0,1.51583754,15.5418
1627198844989000,0,2.44569075,15.5593
1627198844989000,0,27.29254751,15.5595
1627198844989000,0,2.40371907,15.5630
1627198844989000,0,2.45156796,15.5663
1627198844989000,0,19.47555138,15.5680
1627199743429000,0,2.61975976,15.5990
1627200094000000,0,6.25000000,15.5531
1627201069545000,0,2.54390780,15.6017
1627201069545000,0,6.26342927,15.6018
1627201070052000,0,6.25000000,15.6002
1627201070052000,0,0.01342927,15.6018
1627201217356000,0,1.30000000,15.5457
1627201241260000,0,3.33906999,15.5457
1627201513971000,1,1.50000000,15.5452
1627201554047000,1,1.50000000,15.5460
1627201595840000,1,2.45994627,15.5634
1627201597382000,0,2.54005373,15.5634
1627201630565000,0,2.50000000,15.5634
1627202109464000,0,6.25000000,15.5240
1627202115885000,0,0.98247663,15.5240
1627202216216000,1,2.48439765,15.4913
1627202216216000,1,2.58433055,15.4893
1627202216216000,1,2.40159675,15.4859
1627202216306000,0,6.25000000,15.4859
1627202216384000,0,7.97710496,15.4859
1627202231514000,1,6.25000000,15.4835
1627202289479000,1,6.25000000,15.4733
1627202813928000,1,2.53294346,15.3845
1627202813928000,1,62.87564124,15.3835
1627203572998000,1,2.44170771,15.4036
1627203572998000,1,2.59709013,15.3982
1627203572998000,1,0.46120216,15.3982
1627203912568000,0,2.49488827,15.4731
1627203912568000,0,2.53469752,15.4764
1627203912568000,0,2.42341314,15.4800
1627203912568000,0,27.45285910,15.4807
1627203912568000,0,65.09414197,15.4841
1627204520873000,1,6.25000000,15.3340
1627204522001000,1,6.25000000,15.3340
1627204522633000,1,97.81920000,15.3340
1627204743480000,0,6.25000000,15.3590
1627204943769000,1,2.43590819,15.3397
1627204943769000,1,21.00620222,15.3380
1627206568773000,0,6.25000000,15.4068
1627207503818000,0,2.50244395,15.4676
1627207503818000,0,2.41097680,15.4741
1627207503818000,0,5.77042064,15.4742
1627207504319000,0,2.45582773,15.4706
1627207504319000,0,5.72556971,15.4742
1627207504822000,0,5.72556971,15.4697
1627207576935000,0,23.59760044,15.5279
1627207644047000,0,6.25000000,15.5063
1627207707559000,0,2.51509818,15.5222
1627207707559000,0,2.44986277,15.5243
1627207707559000,0,7.43034134,15.5300
1627208610382000,0,6.25000000,15.5267
1627209218319000,0,81.98044748,15.5705
1627209244371000,0,2.44936683,15.5868
1627209244371000,0,1.72110216,15.5900
1627210784614000,1,6.25000000,15.2730
1627210784731000,1,85.34881427,15.2730
1627210785166000,1,19.34018573,15.2730
1627210928100000,1,2.47762932,15.2802
1627210928100000,1,2.48367335,15.2765
1627210928100000,1,5.03869733,15.2726
1627211079196000,1,2.40611172,15.2708
1627211079196000,1,2.38011488,15.2675
1627211079196000,1,88.66885349,15.2653
1627211079196000,1,6.54491991,15.2639
1627211172068000,0,6.25000000,15.2776
1627211405117000,0,6.25000000,15.2808
1627211427176000,0,2.51703817,15.2772
1627211427669000,0,6.84018464,15.2808
1627211801238000,0,2.56453060,15.3661
1627211801238000,0,2.49297196,15.3695
1627211801238000,0,23.50422316,15.3701
1627211802233000,0,6.25000000,15.3647
1627211802233000,0,2.44349420,15.3694
1627211899716000,0,27.72565137,15.3261
1627211899716000,0,2.57438731,15.3303
1627211899716000,0,83.18049392,15.3334
1627211899716000,0,2.56302628,15.3345
1627211899716000,0,2.47401832,15.3378
1627211899808000,1,27.72565137,15.3388
1627211899957000,1,21.67896627,15.3388
1627212659794000,0,1.31292608,15.2332
1627212663995000,0,1.50986500,15.2332
1627212709551000,0,6.25000000,15.2668
1627212810823000,0,1.30753309,15.2960
1627214241583000,0,27.80740000,15.2843
1627214241616000,0,0.00000235,15.2843
1627214756512000,1,2.51210323,15.1823
1627214756512000,1,2.61014673,15.1791
1627214756512000,1,27.95651550,15.1778
1627214756512000,1,2.44830914,15.1744
1627214756512000,1,116.91500000,15.1735
1627214756512000,1,647.28000000,15.1730
1627214756512000,1,101.88314045,15.1720
1627214756733000,1,6.25000000,15.1836
1627214756733000,1,2.58221885,15.1796
1627214756733000,1,27.95651550,15.1778
1627214756733000,1,2.51577968,15.1729
1627214756733000,1,9.64145955,15.1720
1627214756733000,1,92.84080956,15.1686
1627214756733000,1,26.13541170,15.1653
1627214894530000,0,6.25000000,15.1771
1627214925468000,0,1.31843630,15.1741
1627215095015000,0,2.51748340,15.2057
1627215095015000,0,2.43946052,15.2089
1627215095015000,0,54.07433756,15.2112
1627215099546000,1,6.24999999,15.2128
1627215099570000,1,0.00000001,15.2128
1627215897696000,1,28.01057403,15.1461
1627215897696000,1,31.02070745,15.1441
1627217071443000,1,1.92044859,15.0955
1627218327241000,0,2.58536702,15.1346
1627218327241000,0,1.20620442,15.1364
1627218718162000,1,6.25000000,15.0685
1627218860269000,1,3.86495872,15.0247
1627219154624000,1,1.66666666,15.0000
1627219707230000,1,3.99999999,14.8000
1627219707238000,1,0.00000001,14.8000
1627219707534000,1,70.00000000,14.7608
1627219741359000,1,2.42442545,14.7712
1627219741359000,1,2.42361694,14.7678
1627219741359000,1,18.74955805,14.7638
1627219812398000,1,2.51885806,14.8725
1627219812398000,1,2.59102798,14.8682
1627219812398000,1,4.89011396,14.8674
1627219850869000,1,6.25000000,14.8957
1627219855051000,1,2.43529976,14.8741
1627219855051000,1,2.48462341,14.8665
1627219855051000,1,2.48216275,14.8664
1627219855051000,1,0.14452705,14.8656
1627219946737000,0,1.34606342,14.8573
1627219959093000,0,1.34681630,14.8547
1627220169047000,0,2.44374867,14.9036
1627220169047000,0,0.82690928,14.9068
1627221021668000,0,2.56766863,14.9002
1627221021668000,0,2.48850554,14.9034
1627221021668000,0,39.15853735,14.9049
1627221940975000,1,6.25000000,14.8328
1627221941046000,1,10.36038000,14.8328
1627221941808000,1,26.38933447,14.8032
1627222041785000,0,18.00000000,14.8052
1627222126796000,0,6.25000000,14.7853
1627222177600000,1,2.51670956,14.7724
1627222177600000,1,9.53329410,14.7709
1627222269454000,0,1.67573687,14.8426
1627222574744000,1,2.58301164,14.8227
1627222574744000,1,2.43931600,14.8193
1627222574807000,0,6.25000000,14.8193
1627222574970000,0,223.51596409,14.8193
1627223324781000,1,3.40000000,14.7000
1627223465158000,0,2.68027211,14.7232
1627223527861000,1,6.25000000,14.7025
1627223666281000,0,2.52463574,14.7273
1627223666281000,0,142.47655066,14.7347
1627224638014000,1,2.52438035,14.6625
1627224638014000,1,2.53536159,14.6593
1627224638014000,1,28.92530756,14.6576
1627224638014000,1,1.70410446,14.6573
1627225463935000,0,3.86495872,14.8208
1627225773649000,1,6.25000000,14.8400
1627225778474000,1,0.50000000,14.8400
1627225963809000,0,2.56389108,14.8216
1627225963809000,0,0.13484950,14.8244
1627226546381000,0,2.58085294,14.7424
1627226546381000,0,2.54641186,14.7454
1627226705628000,0,13.17543004,14.7793
1627227706062000,0,28.59712180,14.8516
1627227706062000,0,55.07257476,14.8533
1627227719443000,0,6.25000000,14.8264
1627227849119000,0,6.25000000,14.8985
1627228243246000,0,2.54245891,15.0039
1627228243246000,0,28.29787883,15.0053
1627228243246000,0,2.44565039,15.0064
1627228243722000,0,28.29787883,15.0053
1627230367740000,1,6.25000000,14.9076
1627230765269000,0,28.46430824,14.9171
1627230765269000,0,38.61476280,14.9195
1627230788113000,0,6.25000000,14.9171
1627231157664000,1,6.25000000,14.9398
1627231697956000,1,28.60644288,14.8235
1627231697956000,1,2.46292911,14.8228
1627231697956000,1,23.93062801,14.8224
1627231792821000,1,6.25000000,14.8198
1627232175349000,0,2.55336447,14.8939
1627232175349000,0,1.10549092,14.8960
1627232188560000,0,2.44710425,14.8778
1627232188560000,0,28.52319180,14.8838
1627232188560000,0,27.01606374,14.8915
1627233265185000,0,28.39013410,14.9517
1627233265262000,1,28.39013410,14.9545
1627233266757000,1,6.25000000,14.9545
1627233266835000,1,169.67293150,14.9545
1627233492569000,0,6.25000000,14.9366
1627234353122000,0,6.25000000,15.0821
1627234361052000,0,2.46603910,15.0963
1627234361052000,0,2.50778104,15.0983
1627234361052000,0,2.40904258,15.1021
1627234361052000,0,0.65335423,15.1038
1627234361514000,0,3.06239681,15.0908
1627234938838000,0,28.10507430,15.1116
1627234938838000,0,38.04653250,15.1206
1627235692577000,1,5.31919975,15.0807
1627236186280000,0,8.09854100,15.1312
1627236383982000,0,1.34681630,15.1544
1627237003528000,0,22.92431397,15.1987
1627237503662000,0,6.25000000,15.1980
1627238755720000,0,2.50552251,15.1691
1627238755720000,0,2.56580833,15.1716
1627238755720000,0,2.53588991,15.1760
1627238755720000,0,27.97332545,15.1767
1627238755720000,0,2.51370464,15.1792
1627238755720000,0,83.96429261,15.1830
1627238755720000,0,804.81000000,15.1903
1627238755720000,0,65.87054119,15.1925
1627238755720000,0,7.26091536,15.1925
1627238969350000,0,6.25000000,15.1511
1627239074668000,0,2.27540634,15.1599
1627239425024000,0,16.41292288,15.1561
1627239622854000,1,83.66969656,15.1410
1627239945900000,0,6.25000000,15.1898
1627240187319000,1,2.54757434,15.0699
1627240187319000,1,89.50975486,15.0674
1627240187319000,1,2.42767448,15.0666
1627240187319000,1,28.13829510,15.0642
1627240187319000,1,2.46013329,15.0635
1627240187319000,1,116.91500000,15.0604
1627240187319000,1,112.56410000,15.0600
1627240187319000,1,2.62830811,15.0590
1627240187319000,1,642.80915982,15.0524
1627240255341000,1,6.25000000,15.0754
1627240820790000,0,2.49631643,15.0777
1627240820790000,0,2.45968818,15.0812
1627240820790000,0,5.63218956,15.0847
1627241740623000,1,2.50403688,15.1181
1627241740623000,1,28.05297590,15.1141
1627241740623000,1,27.42934701,15.1120
1627242588880000,0,2.51743568,15.0903
1627242588880000,0,2.47374700,15.0935
1627242588880000,0,2.51894322,15.0968
1627242588880000,0,9.40766856,15.0970
1627243151133000,0,6.25000000,15.0497
1627243158076000,0,6.25000000,15.0497
1627243165614000,0,1.58050897,15.0497
1627243358721000,1,1.77762480,15.0094
1627244242713000,1,28.23222100,15.0234
1627244242713000,1,6.76777900,15.0200
1627244399719000,0,2.41669782,15.0342
1627244399719000,0,2.52475138,15.0373
1627244399719000,0,1.68309499,15.0386
1627248809554000,0,23.72475170,15.1555
1627254308575000,0,2.50445551,15.2254
1627254308575000,0,1.34606342,15.2283
1627254308575000,0,27.88703424,15.2287
1627254308575000,0,2.49905736,15.2290
1627254308575000,0,2.60688138,15.2322
1627254308575000,0,83.66912885,15.2342
1627254308575000,0,61.39064906,15.2427
1627254951075000,1,2.57343313,15.1747
1627254951075000,1,2.46481150,15.1696
1627254951075000,1,2.44063393,15.1696
1627254951075000,1,111.62000000,15.1690
1627254951075000,1,2.53829899,15.1686
1627254951075000,1,27.95361168,15.1681
1627254951075000,1,32.31248059,15.1583
1627255437874000,0,27.76876599,15.2962
1627255437874000,0,3.56740704,15.3007
1627255437874000,0,94.39776636,15.3008
1627255437874000,0,54.58832535,15.3008
1627256137096000,0,66.15160680,15.4000
1627256158098000,1,6.25000000,15.4120
1627256476140000,0,1.66666666,15.4500
1627256979246000,1,2.43442316,15.4331
1627256979246000,1,109.81870000,15.4300
1627256979246000,1,27.47770665,15.4299
1627256979246000,1,2.79396533,15.4298
1627256979246000,1,37.79746960,15.4194
