timestamp ms,type,amount,price
1621900921958000,0,15.00000000,20.16
1621900980190000,0,8.41020407,20.27
1621900980191000,0,0.00000001,20.27
1621900991197000,0,15.00000000,20.33
1621901008599000,0,14.99999999,20.46
1621901008630000,0,0.00000001,20.46
1621901115656000,0,15.00000000,20.55
1621901344008000,0,38.48624565,20.79
1621901449483000,0,24.02984314,20.81
1621901866725000,0,8.14560000,20.82
1621901868214000,0,1.20000000,20.84
1621902108139000,0,68.06662500,21.00
1621902108139000,0,4.66189382,21.00
1621902216622000,0,50.00000000,21.09
1621902363969000,1,52.51876287,21.32
1621902364011000,1,24.16732919,21.32
1621902364812000,1,47.18044146,21.32
1621902566988000,0,127.65836901,21.50
1621902567992000,0,245.34173458,21.50
1621902567992000,0,28.00000000,21.50
1621902805724000,1,56.81631473,21.56
1621902805724000,1,71.44069046,21.55
1621902805729000,1,23.24135133,21.55
1621902805729000,1,50.29065618,21.53
1621902811205000,0,30.90000000,21.57
1621902822761000,0,30.87219000,21.51
1621902822761000,0,11.34185408,21.51
1621902920913000,0,27.89126682,21.56
1621902937222000,0,0.00000001,21.56
1621902937222000,0,57.02580226,21.56
1621902942597000,0,1.49999999,21.60
1621902943162000,0,0.00000001,21.60
1621902955509000,0,2.67190044,21.62
1621902955613000,0,0.00000001,21.62
1621903080755000,0,10.36129277,21.81
1621903213518000,0,9.20876453,21.72
1621903669417000,1,33.32856000,21.57
1621904317286000,0,35.00000000,21.36
1621904317369000,1,11.82311044,21.33
1621904528583000,0,30.44525999,21.53
1621904528601000,0,57.10177789,21.54
1621904528885000,0,27.85851589,21.54
1621904617366000,1,5.12331457,21.53
1621904792006000,1,48.55601688,21.37
1621904792007000,1,8.82324202,21.37
1621905336522000,0,5.12331457,21.16
1621906266950000,1,5.23125616,20.72
1621906266950000,1,26.10732384,20.72
1621906267388000,1,56.66274262,20.46
1621907145908000,0,5.23125616,20.54
1621907622050000,1,21.97019628,20.62
1621908790405000,0,32.82495000,20.21
1621909034466000,0,17.30660200,19.94
1621909085204000,1,61.73373605,19.86
1621909085204000,1,11.05089118,19.85
1621909202870000,0,61.21107386,20.10
1621909202870000,0,51.03862778,20.11
1621909281343000,1,60.39118815,20.30
1621909281343000,1,34.83601297,20.29
1621909494919000,0,48.54316300,20.33
1621909712857000,0,14.99999999,20.35
1621910235120000,1,11.25587510,20.54
1621911053669000,1,10.10759330,20.16
1621911097098000,0,21.38378979,20.11
1621911173980000,1,10.16721406,20.05
1621911294054000,1,10.25958388,19.91
1621911346874000,0,70.27933728,20.12
1621911346874000,0,61.15322669,20.13
1621911346874000,0,15.00000000,20.13
1621911346874000,0,52.26616177,20.15
1621911414153000,1,10.26058605,19.92
1621911427297000,1,61.68822298,19.87
1621911427297000,1,50.56147866,19.87
1621911534462000,1,10.31569322,19.67
1621911534507000,1,23.30443678,19.67
1621911534507000,1,17.30430652,19.66
1621911544174000,0,62.29179269,19.76
1621911559515000,1,61.89933740,19.80
1621911559516000,1,0.00000001,19.80
1621911559516000,1,61.89933739,19.79
1621911559518000,1,0.00000002,19.79
1621911616274000,1,62.12458287,19.74
1621911616274000,1,5.45723760,19.73
1621911654596000,1,10.38906206,19.62
1621911774748000,1,10.30234497,19.87
1621911894892000,1,10.30234497,19.58
1621912082706000,0,22.82839000,19.51
1621912134949000,1,10.51251009,19.61
1621912173849000,1,33.88589000,19.51
1621912249309000,0,22.82839000,19.46
1621912255088000,1,10.49354500,19.45
1621912316474000,0,22.82838999,19.56
1621912495431000,1,10.43528059,19.59
1621913132559000,1,33.73081000,19.60
1621913133113000,1,116.91500000,19.59
1621913215853000,1,10.42132586,19.53
1621913315265000,0,33.82796000,19.55
1621913386851000,1,2.00000000,19.50
1621913572559000,0,100.00000000,19.65
1621913816249000,1,10.44331016,19.63
1621913854887000,1,8.68745151,19.69
1621914093943000,0,33.62684000,19.65
1621914618190000,0,10.33622925,19.85
1621914618213000,0,0.00000001,19.85
1621914755254000,0,23.74811478,19.63
1621915241305000,0,62.28273729,19.75
1621915241305000,0,62.24662842,19.76
1621915241305000,0,22.84920700,19.77
1621915241305000,0,124.59116173,19.77
1621915241305000,0,124.52403250,19.78
1621915241305000,0,116.91500000,19.79
1621915241305000,0,2.72093335,19.79
1621915980078000,0,15.00000000,19.97
1621915980078000,0,3.07905303,19.97
1621916139934000,0,8.69424054,19.88
1621916250098000,0,2.41473077,19.67
1621916897841000,0,64.06217071,19.22
1621916897849000,0,0.00000001,19.22
1621916898176000,1,3.10192854,19.17
1621916898242000,1,32.38013137,19.17
1621916898299000,1,81.43294009,19.17
1621916898299000,1,5.62611828,19.16
1621917297128000,0,15.33709452,19.50
1621917538484000,1,10.42553706,19.59
1621917588612000,1,1.80727986,19.64
1621918070514000,1,9.83446626,19.78
1621918120513000,0,12.98165438,19.88
1621918175901000,0,15.00000000,20.07
1621918176423000,0,49.00000000,20.21
1621918176423000,0,0.48968709,20.21
1621918470970000,0,21.95234205,20.15
1621918471011000,0,14.06366121,20.15
1621918471019000,0,24.98154890,20.15
1621918491988000,0,5.55595221,20.16
1621918491996000,0,50.55830443,20.16
1621918613374000,1,32.83561000,20.13
1621919030855000,0,53.13628860,19.79
1621919122188000,1,6.56711766,19.66
1621919133788000,0,33.00534000,19.70
1621919133788000,0,7.61346744,19.70
1621919273519000,1,2.87262498,19.60
1621919689868000,1,3.50719902,19.66
1621920126614000,1,61.46294557,19.94
1621920126615000,1,0.00000001,19.94
1621920126615000,1,56.40426000,19.94
1621920126615000,1,61.48226703,19.94
1621920135707000,1,56.40425429,19.94
1621920313515000,0,40.61880744,20.00
1621920821638000,0,212.04643837,19.67
1621921058096000,0,47.89611724,19.55
1621921597794000,0,1.76310425,19.89
1621921816552000,0,5.20977462,19.98
1621922021591000,0,1.00000000,20.00
1621922114349000,1,53.13628860,19.98
1621922507299000,1,6.16470801,19.87
1621922827422000,0,1.00000000,20.00
1621922827422000,0,74.00000000,20.00
1621923082730000,0,9.80632410,20.20
1621923212818000,1,2.22747009,20.30
1621923290922000,0,40.18204265,20.22
1621923587720000,0,60.18232429,20.44
1621923712018000,0,2.32096219,20.47
1621924471595000,1,24.00000000,20.86
1621924487665000,1,95.83712060,20.82
1621924517343000,0,2.40358499,20.80
1621924763632000,0,38.29993962,20.85
1621924789253000,0,58.84171176,20.90
1621924789253000,0,58.83013746,20.90
1621924789253000,0,25.83753482,20.92
1621924802276000,1,0.99113528,20.84
1621924805201000,0,58.84171176,20.90
1621924805201000,0,58.83013746,20.90
1621924805201000,0,98.07496946,20.90
1621924805201000,0,46.77845181,20.92
1621924805201000,0,117.74324458,20.92
1621924805201000,0,117.75506094,20.92
1621924805201000,0,252.00000000,21.28
1621924805201000,0,49.00000000,21.50
1621924805201000,0,40.18204265,21.50
1621924805201000,0,100.00000000,21.53
1621924805201000,0,50.00000000,21.84
1621924805201000,0,49.00000000,21.84
1621924805201000,0,14.99687301,21.84
1621924809146000,0,2.39210185,20.90
1621924851932000,0,5.59747455,20.90
1621924855863000,0,49.00000000,20.87
1621924857941000,1,8.67260604,20.83
1621924859242000,0,9.90304977,20.87
1621924859470000,1,39.09695023,20.87
1621924863409000,0,49.00000000,20.86
1621924873034000,1,49.00000000,20.87
1621924891813000,1,49.00000000,20.84
1621924909478000,1,49.00000000,20.82
1621924939734000,0,58.94283822,20.85
1621924939734000,0,58.96325394,20.86
1621924939734000,0,34.03736522,20.88
1621924939738000,0,22.78652397,20.88
1621924939751000,0,61.14939185,20.88
1621925006642000,1,55.00000000,20.86
1621925014154000,1,49.00000000,20.81
1621925702973000,1,97.84373195,20.97
1621925724115000,1,10.00000000,20.90
1621925753622000,0,41.29504456,20.92
1621925835968000,0,11.86352767,21.07
1621925963608000,1,10.00000000,20.90
1621926027022000,1,18.15874189,20.90
1621926027024000,1,35.58325321,20.90
1621926029937000,1,16.23387471,20.87
1621926031731000,1,24.85113125,20.87
1621926614828000,0,14.37326113,20.87
1621927200299000,0,36.12165749,20.84
1621927426003000,0,16.28949289,20.62
1621927511782000,0,1.21188441,20.63
1621927844914000,1,4.99999999,20.50
1621927872822000,1,0.00000001,20.50
1621927887822000,1,60.05522398,20.38
1621927887822000,1,186.18633000,20.37
1621927887822000,1,60.04194262,20.37
1621927887822000,1,119.94551669,20.37
1621927887822000,1,100.02913372,20.36
1621927887822000,1,51.00000000,20.34
1621927887822000,1,120.11514133,20.34
1621927887822000,1,32.48489000,20.30
1621927887822000,1,71.09331336,20.17
1621927887822000,1,252.25099997,20.17
1621927985736000,1,24.02984314,20.37
1621928027314000,0,12.23110980,20.44
1621928123470000,0,48.81016647,20.49
1621928216033000,0,6.93801359,20.54
1621928366954000,0,75.22261028,20.41
1621928366954000,0,32.24410000,20.41
1621928366954000,0,60.13673483,20.41
1621928366954000,0,43.77069018,20.43
1621928448333000,0,24.50682466,20.40
1621928465282000,1,10.03529614,20.40
1621928830123000,1,59.83340014,20.46
1621928830123000,1,59.86402579,20.45
1621928830123000,1,99.77337632,20.43
1621928830123000,1,87.72939547,20.42
1621928858377000,0,43.73855811,20.58
1621929109077000,1,41.29504456,20.50
1621929350937000,0,30.28617636,20.58
1621929350937000,0,15.00000000,20.58
1621929350937000,0,59.66475075,20.58
1621929350937000,0,8.70083797,20.59
1621929423478000,0,2.43573318,20.53
1621929432348000,0,4.87717150,20.50
1621929583876000,0,25.73487167,20.63
1621930028341000,0,44.24193653,20.34
1621930028881000,1,198.00000000,20.30
1621930258076000,0,0.99784898,20.47
1621930260719000,1,5.14669308,20.44
1621930370702000,0,50.91597919,20.51
1621930508161000,1,111.26551724,20.30
1621930765288000,1,10.09540683,20.11
1621931037855000,1,10.00000000,20.04
1621931038342000,1,17.03775789,20.04
1621931063807000,1,100.00000000,20.00
1621931063807000,1,24.44942133,20.00
1621931064175000,1,5.59747455,19.97
1621931274572000,1,36.12165749,20.12
1621931288830000,1,11.86352767,20.14
1621931356082000,0,6.17664521,20.16
1621931671529000,0,49.73172222,20.11
1621931807516000,0,1.71450112,20.18
1621932022954000,0,42.39289080,19.97
1621932200683000,0,1.72675974,19.84
1621932362444000,0,5.00000000,19.84
1621932422848000,1,61.52091466,19.89
1621932422848000,1,116.91500000,19.89
1621932422848000,1,32.93822063,19.89
1621932773894000,1,6.17664521,19.70
1621932850092000,0,1.74974686,19.77
1621932947532000,1,42.39289080,19.81
1621933060110000,1,30.31127765,19.79
1621933060113000,1,0.00000001,19.79
1621933281143000,1,1.40410202,19.77
1621933334385000,0,2.49119861,19.81
1621933346278000,0,4.97295169,19.81
1621933380322000,0,1.74053485,19.81
1621933494610000,1,1.41075344,19.67
1621933578037000,0,1.26540440,19.76
1621934005042000,0,13.00000000,19.82
1621934044437000,0,15.00000000,19.80
1621934044437000,0,11.80075655,19.81
1621934071945000,1,5.93324440,19.75
1621934161448000,1,2.87818285,19.58
1621934198493000,1,30.00000000,19.55
1621934518875000,0,2.39639985,19.82
1621934749272000,1,14.99999999,19.67
1621934749275000,1,0.00000001,19.67
1621934765320000,0,77.89417384,19.68
1621934765320000,0,23.16965498,19.68
1621934888903000,0,94.07277000,19.50
1621935406304000,1,2.87818286,19.31
1621935713630000,0,188.49445071,19.39
1621935722817000,0,188.49445071,19.39
1621935722817000,0,125.66296714,19.39
1621935816808000,0,1.77772896,19.51
1621935938983000,1,2.00000000,19.40
1621936146757000,0,10.00000000,19.46
1621936904809000,1,76.78093583,19.14
1621937039258000,1,4.00000000,19.00
1621937039258000,1,2.00000000,19.00
1621937039258000,1,3.00000000,19.00
1621937039521000,1,34.77324000,18.97
1621937039521000,1,64.51306949,18.97
1621937039521000,1,80.17776485,18.97
1621937039521000,1,53.36628214,18.96
1621937061496000,1,20.15006471,19.04
1621937123124000,1,27.91329929,18.88
1621937123736000,1,19.61325986,18.88
1621937181535000,1,2.00000000,18.80
1621937182302000,1,5.00000000,18.75
1621937371772000,1,3.19303983,18.53
1621937371890000,1,20.62631611,18.53
1621937399267000,0,1.07984950,18.53
1621937406001000,0,2.91462103,18.53
1621937407840000,0,1.08002902,18.53
1621937448337000,1,2.54808059,18.41
1621937449678000,0,66.35152877,18.48
1621937449678000,0,1.91466000,18.49
1621937449678000,0,34.75483000,18.49
1621937449678000,0,62.30393068,18.49
1621937543649000,1,66.46890362,18.39
1621937543649000,1,17.29780679,18.38
1621937618302000,1,2.85895233,18.43
1621937927456000,1,1.19462112,18.80
1621938013237000,1,35.17528000,18.75
1621938013237000,1,13.36788300,18.75
1621938029449000,0,2.00000000,18.75
1621938368073000,0,10.00000000,18.48
1621938433902000,1,21.47601370,18.33
1621938604451000,0,82.12580328,18.32
1621938604451000,0,10.93483377,18.34
1621938606100000,1,18.07905303,18.25
1621938657697000,1,29.90034948,18.39
1621938674406000,0,1.08599388,18.42
1621938760048000,1,36.25144000,18.20
1621938775678000,0,1.09954419,18.17
1621938775913000,0,1.09954419,18.17
1621938776340000,0,2.52768780,18.17
1621938810277000,1,8.32815101,18.01
1621938810641000,1,0.00000001,18.01
1621938810641000,1,1.12000000,18.00
1621938810641000,1,3.86280701,17.97
1621938854374000,1,4.67566435,17.98
1621938854539000,1,63.38315834,17.98
1621938854539000,1,68.10618592,17.97
1621938854539000,1,116.91500000,17.96
1621938854539000,1,81.31585905,17.96
1621938854539000,1,113.47820769,17.96
1621938854539000,1,113.64072398,17.94
1621938854678000,0,230.37034043,17.94
1621938882082000,1,34.69860085,17.93
1621938895753000,1,12.12232720,17.84
1621938914435000,0,36.83689000,17.92
1621938991415000,1,37.76120011,17.89
1621938993421000,0,11.94751381,17.95
1621939061755000,1,6.00000000,17.69
1621939095991000,1,3.00000000,17.82
1621939222826000,1,62.94594390,17.81
1621939230752000,0,1.12368447,17.80
1621939231916000,0,2.35855811,17.80
1621939236232000,0,1.12417751,17.75
1621939248461000,0,10.82333630,17.75
1621939272228000,1,2.82799999,17.68
1621939272247000,1,0.00000001,17.68
1621939288887000,0,11.68688524,17.71
1621939316332000,1,2.63039926,17.62
1621939330556000,1,16.69094347,17.64
1621939361213000,1,20.58878301,17.73
1621939363348000,1,50.61655734,17.77
1621939363350000,1,18.26832750,17.77
1621939363350000,1,116.91500000,17.77
1621939377000000,1,37.10576000,17.79
1621939377000000,1,12.89424000,17.79
1621939378568000,0,10.00000000,17.86
1621939571584000,0,67.97036722,18.05
1621939571584000,0,67.95431277,18.06
1621939571584000,0,79.63088937,18.06
1621939571584000,0,341.76750192,18.08
1621939571584000,0,135.99700783,18.08
1621939571584000,0,135.92957323,18.09
1621939571584000,0,51.00000000,18.14
1621939571584000,0,3.00407939,18.14
1621939651314000,0,2.35855811,18.16
1621939651314000,0,1.12368447,18.16
1621939720528000,0,1.12417751,18.21
1621939735637000,0,3.16096119,18.28
1621939764875000,0,2.95350466,18.27
1621939829749000,0,9.92721973,18.27
1621939888410000,0,243.45093012,18.33
1621939908865000,0,2.71927410,18.39
1621939959312000,0,27.19566957,18.39
1621940007646000,1,206.42757116,18.35
1621940007646000,1,351.93809641,18.35
1621940224241000,1,445.89039208,18.35
1621940224310000,1,66.88355882,18.35
1621940224552000,1,58.45800000,18.35
1621940224788000,1,446.45089874,18.35
1621940224951000,1,53.25925450,18.35
1621940225283000,1,418.03337269,18.35
1621940342253000,0,20.16568720,18.35
1621940342253000,0,187.89866758,18.35
1621940342253000,0,53.25925451,18.35
1621940353576000,0,49.85675194,18.35
1621940361916000,1,446.37618496,18.32
1621940362439000,1,446.43939290,18.32
1621940362945000,1,329.72060799,18.32
1621940507628000,1,66.17382687,18.48
1621940507628000,1,47.47793821,18.47
1621940630489000,0,2.52768780,18.56
1621940631394000,0,1.09954419,18.56
1621940652809000,0,22.82839000,18.57
1621940652809000,0,4.08812784,18.61
1621940665577000,0,1.09954419,18.62
1621940665577000,0,25.73600362,18.63
1621940672138000,0,53.57276789,18.67
1621940798637000,0,22.82839000,18.62
1621940798637000,0,24.48075969,18.62
1621940811492000,0,2.55283563,18.61
1621940856003000,1,44.12313427,18.54
1621940951087000,0,9.64401894,18.51
1621940952601000,0,0.00000001,18.51
1621941443781000,1,2.70345147,18.38
1621941491118000,1,25.00000000,18.26
1621941495579000,1,11.10645133,18.20
1621941516094000,0,1.09964631,18.19
1621941529215000,0,1.09996004,18.16
1621941532675000,0,2.58759847,18.16
1621941533280000,1,38.29993962,18.10
1621941557571000,1,11.68688524,18.07
1621941615234000,0,4.17323460,18.06
1621941616686000,0,11.24628141,18.01
1621941803070000,0,132.71032250,18.15
1621942440121000,1,181.29713252,18.05
1621942487659000,1,3.00000000,18.00
1621942616942000,0,80.14806680,18.05
1621942888688000,1,11.90431367,18.33
1621943077089000,0,5.42673982,18.43
1621943271814000,1,180.85620500,18.22
1621943777465000,0,11.16148662,17.98
1621943897504000,1,11.38388933,17.91
1621943913928000,0,1.11697914,17.91
1621943940439000,1,68.82581339,17.76
1621943961006000,0,1.12662829,17.71
1621943961817000,0,2.30843378,17.71
1621944017846000,1,11.51387145,17.80
1621944019322000,0,2.11919797,17.89
1621944031144000,1,36.51689000,17.82
1621944122820000,0,31.44596000,17.80
1621944140930000,1,47.30914969,17.79
1621944251273000,0,1.20000000,18.01
1621944289425000,0,23.22126709,17.95
1621944389391000,0,11.39501408,18.07
1621944498282000,1,11.31954672,18.04
1621944733213000,1,11.46737441,18.02
1621944738695000,1,11.32534126,17.94
1621944902836000,0,22.86977020,18.10
1621944918298000,0,2.30843378,18.11
1621944918298000,0,4.80393402,18.16
1621944976679000,0,1.12662829,18.17
1621944979168000,1,11.25892325,18.18
1621945063106000,0,1.11697914,18.27
1621945089996000,0,22.03360766,18.28
1621945099338000,1,11.24953539,18.21
1621945203283000,1,25.00000000,18.30
1621945473770000,1,1.50000000,18.10
1621945492836000,0,5.52203374,18.11
1621945514997000,0,2.74767093,18.20
1621945641828000,1,5.46448088,18.00
1621945865456000,1,3.00000000,18.00
1621945869943000,0,1.11166667,17.99
1621945902653000,0,47.50028713,17.97
1621945902653000,0,68.14072187,17.99
1621945902653000,0,51.11763304,18.00
1621945950476000,1,63.48312007,17.85
1621946102777000,1,11.90431367,17.92
1621946434703000,1,8.00000000,17.85
1621946462547000,0,1.12100840,17.84
1621946496612000,1,16.92322808,17.90
1621946511493000,0,50.00000000,17.96
1621946563751000,0,2.00000000,18.04
1621946651939000,1,11.00000000,17.95
1621946738105000,0,16.80258912,18.09
1621946904754000,0,12.60217349,18.25
1621946948015000,0,1.12100840,18.27
1621946988309000,0,30.00000000,18.29
1621947003124000,0,4.00000000,18.29
1621947008171000,0,45.91220033,18.29
1621947020243000,0,3.00000000,18.35
1621947023877000,1,82.25586114,18.30
1621947023877000,1,66.83575453,18.29
1621947069388000,0,5.49279729,18.21
1621947633917000,0,1.11166667,18.36
1621947737386000,0,66.20193508,18.52
1621947737386000,0,2.58759847,18.53
1621947737386000,0,66.17227555,18.53
1621947737386000,0,29.79223073,18.53
1621947737394000,0,73.95278614,18.53
1621947739702000,0,1.09964631,18.56
1621947937316000,1,11.00000000,18.50
1621948109463000,0,66.36758369,18.48
1621948158640000,1,50.00000000,18.42
1621948166018000,0,7.87453552,18.44
1621948300725000,0,41.22451883,18.44
1621948502671000,1,30.20415709,18.33
1621948505501000,1,28.68961748,18.30
1621948518672000,0,13.27194599,18.29
1621948661146000,0,20.05939772,18.49
1621948693268000,0,8.00000000,18.50
1621948781256000,0,1.09996004,18.62
1621949111556000,0,21.72103363,18.87
1621949116822000,1,35.00000000,18.86
1621949269926000,0,2.91462103,18.90
1621949280746000,0,5.46448088,18.90
1621949280746000,0,1.07984950,18.90
1621949284698000,0,1.08002902,18.96
1621949289052000,0,30.00000000,19.00
1621949318670000,0,15.91220033,19.00
1621949350892000,1,64.13890926,19.08
1621949350892000,1,96.63049160,19.08
1621949350893000,1,10.17912185,19.08
1621949350893000,1,64.16886798,19.07
1621949385856000,0,4.71303807,19.18
1621949385861000,0,88.96338293,19.18
1621949385861000,0,31.85075486,19.18
1621949386090000,0,425.52896756,19.18
1621949386600000,0,7.59204410,19.18
1621949665807000,0,10.57279874,19.04
1621949681190000,1,23.22126709,18.98
1621949702948000,0,10.00000000,19.03
1621949722291000,1,10.74730689,18.99
1621950142837000,0,10.65598226,19.07
1621950262690000,1,10.70299863,19.07
1621950270264000,0,60.00000000,19.12
1621950326732000,1,5.65264341,19.01
1621950616476000,0,5.65264341,19.04
1621950814259000,0,10.76554199,19.02
1621951018479000,0,25.89540255,19.03
1621951276273000,0,2.50499813,18.96
1621951317628000,1,415.34391534,18.90
1621951341678000,1,5.71041941,18.84
1621951639191000,1,22.38745094,18.95
1621951652942000,0,5.71041941,19.04
1621951985449000,0,1.66502343,19.42
1621952446622000,0,5.34803422,19.45
1621952650043000,1,1.19462112,19.53
1621952661054000,0,62.64084036,19.62
1621952661480000,0,143.62946379,19.62
1621952820448000,1,62.80114348,19.50
1621952876982000,0,3.00000000,19.54
1621952924008000,0,14.47716873,19.63
1621953197753000,0,61.96753792,19.84
1621953210277000,0,61.88086533,19.85
1621953210277000,0,61.37932664,19.86
1621953210476000,0,5.50000000,19.90
1621953210545000,1,61.68954861,20.03
1621953210553000,1,61.66043464,20.03
1621953210585000,1,82.08931675,20.03
1621953210599000,0,33.04647000,19.94
1621953211711000,0,5.73064569,20.03
1621953214417000,0,1.00000000,20.10
1621953255726000,1,91.73805154,20.18
1621953255983000,1,2.33860919,20.18
1621953263973000,0,60.99268011,20.15
1621953263973000,0,33.08398062,20.15
1621953264106000,0,27.90869949,20.15
1621953264106000,0,4.72041051,20.16
1621953264533000,0,2.12052510,20.23
1621953265355000,0,30.20519181,20.35
1621953269686000,1,33.71682000,20.31
1621953324661000,0,5.42290775,20.17
1621953353993000,1,61.03302302,20.04
1621953358580000,1,0.00000001,20.04
1621953485249000,0,15.91093705,20.23
1621953608031000,0,19.60775529,19.99
1621953611971000,1,13.09114000,19.99
1621953747083000,0,0.99316503,20.14
1621953897510000,0,33.03082000,20.06
1621953897510000,0,28.00220303,20.06
1621954011710000,1,33.05934000,19.96
1621954011710000,1,102.24810615,19.94
1621954011710000,1,19.19963815,19.93
1621954082669000,1,3.16096119,19.91
1621954199177000,0,1.00540050,19.89
1621954250181000,0,8.60351422,19.89
1621954408310000,0,10.06300447,19.87
1621954758430000,1,94.70826270,19.64
1621954821964000,1,33.61269000,19.64
1621955134712000,1,63.41548675,19.31
1621955134728000,1,0.00000001,19.31
1621955192631000,0,34.40162000,19.28
1621955192631000,0,37.95171333,19.28
1621955215202000,1,34.40162000,19.23
1621955288221000,1,63.46732463,19.30
1621955330379000,1,1.90455762,19.30
1621955421836000,0,106.24180720,19.29
1621955421836000,0,52.26045101,19.30
1621955516501000,1,18.79513491,19.36
1621956021535000,1,33.58390000,19.66
1621956021535000,1,17.33207919,19.66
1621956031036000,0,5.91187777,19.75
1621956041816000,1,2.67401711,19.74
1621956053761000,1,21.16495924,19.77
1621956053773000,1,40.74209419,19.77
1621956114576000,1,1.33700855,19.62
1621956233286000,0,62.19993467,19.75
1621956233286000,0,62.17159317,19.75
1621956233286000,0,27.89451133,19.76
1621956444614000,1,33.61206999,19.65
1621956612298000,0,1.75402982,19.45
1621956834957000,0,33.50134000,19.38
1621956834957000,0,1.86475981,19.39
1621957639019000,0,50.93576643,19.63
1621957690324000,0,2.02249520,19.78
1621957734882000,0,1.00608480,19.88
1621957751141000,1,62.40460400,19.61
1621957799057000,0,1.01606087,19.68
1621958133215000,0,12.61709293,19.81
1621958315134000,1,33.45083000,19.76
1621958315134000,1,28.52477955,19.76
1621958315200000,1,33.45083001,19.76
1621958854429000,0,62.10850802,19.79
1621958854429000,0,33.55882000,19.80
1621958854429000,0,61.42407929,19.80
1621958854645000,1,14.00000000,19.85
1621958854792000,1,19.29870000,19.85
1621958855078000,0,13.99099526,19.85
1621958855115000,1,28.30576474,19.88
1621958855523000,0,3.00000000,19.85
1621958937047000,1,62.17417403,19.70
1621958937047000,1,32.53408867,19.69
1621959034354000,1,44.52543756,19.80
1621959034553000,1,17.33153108,19.80
1621959401015000,0,5.17343154,19.82
1621959721351000,1,20.00000000,19.72
1621960545232000,1,10.57279874,19.71
1621960983800000,0,22.82839000,19.71
1621961081551000,0,27.94478288,19.79
1621961088584000,1,3.48579000,19.71
1621961088751000,0,2.87981306,19.71
1621961214649000,1,93.29254926,19.89
1621961468446000,0,61.78632658,19.93
1621961494486000,0,70.27599058,20.00
1621961495032000,0,1.12000000,20.00
1621961495032000,0,50.93576643,20.00
1621961495032000,0,23.22252794,20.00
1621961756075000,0,1.00203563,19.96
1621962448770000,1,1.00540050,19.94
1621963452964000,0,4.85731012,19.56
1621963592718000,0,419.73118750,19.47
1621963593208000,0,419.54197956,19.47
1621963593822000,0,107.35747012,19.47
1621963665271000,1,5.00000000,19.42
1621963690530000,1,13.27194599,19.43
1621963735895000,1,2.00000000,19.49
1621964375665000,0,1.62266187,19.50
1621964447346000,1,2.45750961,19.49
1621964472832000,0,10.27599260,19.46
1621964523698000,0,4.24253030,19.50
1621964685074000,0,10.13822455,19.73
1621965513200000,0,10.09013008,19.82
1621965534223000,1,21.00312597,19.77
1621965836577000,1,186.55306544,19.86
1621966031336000,1,62.05091643,19.73
1621966031336000,1,25.89384128,19.72
1621966414801000,1,1.79674923,19.88
1621966427540000,0,9.54243520,19.91
1621966535456000,0,1.30428064,19.93
1621966583920000,1,4.43478232,19.83
1621967153090000,1,32.96353000,20.02
1621967153090000,1,49.33416715,20.02
1621967915866000,1,60.69643768,20.14
1621967915871000,1,85.62759643,20.14
1621967915871000,1,32.26350679,20.14
1621968028714000,0,60.55907933,20.25
1621968028714000,0,93.41997131,20.26
1621968028743000,0,27.80374817,20.26
1621968028743000,0,124.01185091,20.28
1621968028821000,0,32.52450000,20.28
1621968158287000,1,154.05862392,20.12
1621968417550000,0,10.42306733,20.15
1621968424950000,1,52.53562822,20.11
1621968559492000,1,11.25977778,20.09
1621968606169000,1,6.90635334,20.12
1621968994089000,0,15.00000000,20.11
1621969088673000,0,5.00000000,20.09
1621969307895000,1,61.24073618,19.95
1621969307912000,1,0.00000001,19.95
1621969507944000,1,9.09090909,19.80
1621970112681000,0,53.55421460,19.73
1621971045647000,0,7.01672006,19.81
1621971453990000,0,5.59080586,19.68
1621972018331000,1,53.55421460,19.73
1621972130094000,1,1.33700856,19.63
1621972140418000,0,1.77801366,19.69
1621972475405000,1,63.43033834,19.29
1621972593404000,1,63.74038084,19.18
1621972618683000,1,63.75254084,19.19
1621972618683000,1,23.85250565,19.18
1621972687157000,1,9.49240655,19.03
1621972824822000,1,26.45419830,19.21
1621973021922000,0,22.82839000,19.29
1621973021922000,0,31.92009162,19.31
1621973354675000,1,8.60351422,19.41
1621973546562000,1,82.74646790,19.40
1621973690385000,0,5.15474545,19.40
1621973941163000,0,2.43535041,19.50
1621974018085000,0,1.03000000,19.50
1621974336345000,0,62.65244042,19.60
1621974336347000,0,0.00000001,19.60
1621974336356000,0,62.62142176,19.60
1621974651748000,0,7.17210175,19.52
1621974821814000,1,54.74848162,19.42
1621974836861000,1,2.21862819,19.43
1621975040370000,1,71.78014425,19.43
1621975906414000,1,2.50000000,19.64
1621977036811000,1,10.36753662,19.66
1621977397282000,1,10.43723236,19.48
1621977517541000,1,10.47413036,19.47
1621977637717000,1,10.47413036,19.31
1621977709123000,1,10.50156299,19.38
1621977757896000,1,10.54055774,19.46
1621977878043000,1,10.48722823,19.56
1621978427494000,0,33.52873000,19.71
1621978427494000,0,116.47127000,19.71
1621979178882000,0,5.61695977,19.76
1621980005836000,0,33.60429149,20.04
1621980312754000,0,5.00000000,20.11
1621981138956000,1,5.17343154,20.31
1621981224026000,0,8.20094475,20.36
1621981741610000,0,10.09540683,20.41
1621981748492000,0,28.68961748,20.45
1621981858104000,1,28.76990443,20.55
1621981858671000,1,55.29608017,20.55
1621981878160000,0,59.66199313,20.55
1621981878160000,0,59.66366031,20.56
1621981878160000,0,32.32957241,20.57
1621981974553000,0,20.00000000,20.72
1621982008388000,0,5.00000000,20.75
1621982062123000,0,20.00000000,20.79
1621982170507000,1,59.24557300,20.64
1621982170507000,1,34.04697626,20.63
1621982192285000,1,60.41759868,20.59
1621982192792000,1,23.15895326,20.59
1621982290906000,1,32.04243000,20.59
1621982290906000,1,17.95757000,20.58
1621982577058000,0,22.88309676,20.76
1621982673504000,0,58.75664535,20.87
1621982766979000,0,9.00000000,21.01
1621982822682000,0,58.43654985,20.96
1621982822794000,1,33.42123370,20.96
1621982915634000,0,58.50186749,20.95
1621982915634000,0,13.70865657,20.95
1621982937192000,0,1.64536796,20.95
1621983216263000,1,146.82179404,20.92
1621983234437000,1,24.78583401,20.90
1621983234446000,1,33.71055296,20.90
1621983334989000,0,31.53398000,20.83
1621983334989000,0,58.87434158,20.83
1621983409511000,0,33.71055243,20.90
1621983556103000,1,31.73857000,20.79
1621983556103000,1,58.85849197,20.78
1621983556103000,1,1.26072158,20.78
1621985266121000,1,5.00000000,20.76
1621986341023000,1,4.91601100,20.61
1621986966684000,0,59.82197172,20.48
