timestamp ms,type,amount,price
1621900921958000,0,15.00000000,20.16
1621900980190000,0,8.41020407,20.27
1621900980191000,0,0.00000001,20.27
1621900991197000,0,15.00000000,20.33
1621901008599000,0,14.99999999,20.46
1621901008630000,0,0.00000001,20.46
1621901115656000,0,15.00000000,20.55
1621901344008000,0,38.48624565,20.79
1621901449483000,0,24.02984314,20.81
1621901866725000,0,8.14560000,20.82
1621901868214000,0,1.20000000,20.84
1621902108139000,0,68.06662500,21.00
1621902108139000,0,4.66189382,21.00
1621902216622000,0,50.00000000,21.09
1621902363969000,1,52.51876287,21.32
1621902364011000,1,24.16732919,21.32
1621902364812000,1,47.18044146,21.32
1621902566988000,0,127.65836901,21.50
1621902567992000,0,245.34173458,21.50
1621902567992000,0,28.00000000,21.50
1621902805724000,1,56.81631473,21.56
1621902805724000,1,71.44069046,21.55
1621902805729000,1,23.24135133,21.55
1621902805729000,1,50.29065618,21.53
1621902811205000,0,30.90000000,21.57
1621902822761000,0,30.87219000,21.51
1621902822761000,0,11.34185408,21.51
1621902920913000,0,27.89126682,21.56
1621902937222000,0,0.00000001,21.56
1621902937222000,0,57.02580226,21.56
1621902942597000,0,1.49999999,21.60
1621902943162000,0,0.00000001,21.60
1621902955509000,0,2.67190044,21.62
1621902955613000,0,0.00000001,21.62
1621903080755000,0,10.36129277,21.81
1621903213518000,0,9.20876453,21.72
1621903669417000,1,33.32856000,21.57
1621904317286000,0,35.00000000,21.36
1621904317369000,1,11.82311044,21.33
1621904528583000,0,30.44525999,21.53
1621904528601000,0,57.10177789,21.54
1621904528885000,0,27.85851589,21.54
1621904617366000,1,5.12331457,21.53
1621904792006000,1,48.55601688,21.37
1621904792007000,1,8.82324202,21.37
1621905336522000,0,5.12331457,21.16
1621906266950000,1,5.23125616,20.72
1621906266950000,1,26.10732384,20.72
1621906267388000,1,56.66274262,20.46
1621907145908000,0,5.23125616,20.54
1621907622050000,1,21.97019628,20.62
1621908790405000,0,32.82495000,20.21
1621909034466000,0,17.30660200,19.94
1621909085204000,1,61.73373605,19.86
1621909085204000,1,11.05089118,19.85
1621909202870000,0,61.21107386,20.10
1621909202870000,0,51.03862778,20.11
1621909281343000,1,60.39118815,20.30
1621909281343000,1,34.83601297,20.29
1621909494919000,0,48.54316300,20.33
1621909712857000,0,14.99999999,20.35
1621910235120000,1,11.25587510,20.54
1621911053669000,1,10.10759330,20.16
1621911097098000,0,21.38378979,20.11
1621911173980000,1,10.16721406,20.05
1621911294054000,1,10.25958388,19.91
1621911346874000,0,70.27933728,20.12
1621911346874000,0,61.15322669,20.13
1621911346874000,0,15.00000000,20.13
1621911346874000,0,52.26616177,20.15
1621911414153000,1,10.26058605,19.92
1621911427297000,1,61.68822298,19.87
1621911427297000,1,50.56147866,19.87
1621911534462000,1,10.31569322,19.67
1621911534507000,1,23.30443678,19.67
1621911534507000,1,17.30430652,19.66
1621911544174000,0,62.29179269,19.76
1621911559515000,1,61.89933740,19.80
1621911559516000,1,0.00000001,19.80
1621911559516000,1,61.89933739,19.79
1621911559518000,1,0.00000002,19.79
1621911616274000,1,62.12458287,19.74
1621911616274000,1,5.45723760,19.73
1621911654596000,1,10.38906206,19.62
1621911774748000,1,10.30234497,19.87
1621911894892000,1,10.30234497,19.58
1621912082706000,0,22.82839000,19.51
1621912134949000,1,10.51251009,19.61
1621912173849000,1,33.88589000,19.51
1621912249309000,0,22.82839000,19.46
1621912255088000,1,10.49354500,19.45
1621912316474000,0,22.82838999,19.56
1621912495431000,1,10.43528059,19.59
1621913132559000,1,33.73081000,19.60
1621913133113000,1,116.91500000,19.59
1621913215853000,1,10.42132586,19.53
1621913315265000,0,33.82796000,19.55
1621913386851000,1,2.00000000,19.50
1621913572559000,0,100.00000000,19.65
1621913816249000,1,10.44331016,19.63
1621913854887000,1,8.68745151,19.69
1621914093943000,0,33.62684000,19.65
1621914618190000,0,10.33622925,19.85
1621914618213000,0,0.00000001,19.85
1621914755254000,0,23.74811478,19.63
1621915241305000,0,62.28273729,19.75
1621915241305000,0,62.24662842,19.76
1621915241305000,0,22.84920700,19.77
1621915241305000,0,124.59116173,19.77
1621915241305000,0,124.52403250,19.78
1621915241305000,0,116.91500000,19.79
1621915241305000,0,2.72093335,19.79
1621915980078000,0,15.00000000,19.97
1621915980078000,0,3.07905303,19.97
1621916139934000,0,8.69424054,19.88
1621916250098000,0,2.41473077,19.67
1621916897841000,0,64.06217071,19.22
1621916897849000,0,0.00000001,19.22
1621916898176000,1,3.10192854,19.17
1621916898242000,1,32.38013137,19.17
1621916898299000,1,81.43294009,19.17
1621916898299000,1,5.62611828,19.16
1621917297128000,0,15.33709452,19.50
1621917538484000,1,10.42553706,19.59
1621917588612000,1,1.80727986,19.64
1621918070514000,1,9.83446626,19.78
1621918120513000,0,12.98165438,19.88
1621918175901000,0,15.00000000,20.07
1621918176423000,0,49.00000000,20.21
1621918176423000,0,0.48968709,20.21
1621918470970000,0,21.95234205,20.15
1621918471011000,0,14.06366121,20.15
1621918471019000,0,24.98154890,20.15
1621918491988000,0,5.55595221,20.16
1621918491996000,0,50.55830443,20.16
1621918613374000,1,32.83561000,20.13
1621919030855000,0,53.13628860,19.79
1621919122188000,1,6.56711766,19.66
1621919133788000,0,33.00534000,19.70
1621919133788000,0,7.61346744,19.70
1621919273519000,1,2.87262498,19.60
1621919689868000,1,3.50719902,19.66
1621920126614000,1,61.46294557,19.94
1621920126615000,1,0.00000001,19.94
1621920126615000,1,56.40426000,19.94
1621920126615000,1,61.48226703,19.94
1621920135707000,1,56.40425429,19.94
1621920313515000,0,40.61880744,20.00
1621920821638000,0,212.04643837,19.67
1621921058096000,0,47.89611724,19.55
1621921597794000,0,1.76310425,19.89
1621921816552000,0,5.20977462,19.98
1621922021591000,0,1.00000000,20.00
1621922114349000,1,53.13628860,19.98
1621922507299000,1,6.16470801,19.87
1621922827422000,0,1.00000000,20.00
1621922827422000,0,74.00000000,20.00
1621923082730000,0,9.80632410,20.20
1621923212818000,1,2.22747009,20.30
1621923290922000,0,40.18204265,20.22
1621923587720000,0,60.18232429,20.44
1621923712018000,0,2.32096219,20.47
1621924471595000,1,24.00000000,20.86
1621924487665000,1,95.83712060,20.82
1621924517343000,0,2.40358499,20.80
1621924763632000,0,38.29993962,20.85
1621924789253000,0,58.84171176,20.90
1621924789253000,0,58.83013746,20.90
1621924789253000,0,25.83753482,20.92
1621924802276000,1,0.99113528,20.84
1621924805201000,0,58.84171176,20.90
1621924805201000,0,58.83013746,20.90
1621924805201000,0,98.07496946,20.90
1621924805201000,0,46.77845181,20.92
1621924805201000,0,117.74324458,20.92
1621924805201000,0,117.75506094,20.92
1621924805201000,0,252.00000000,21.28
1621924805201000,0,49.00000000,21.50
1621924805201000,0,40.18204265,21.50
1621924805201000,0,100.00000000,21.53
1621924805201000,0,50.00000000,21.84
1621924805201000,0,49.00000000,21.84
1621924805201000,0,14.99687301,21.84
1621924809146000,0,2.39210185,20.90
1621924851932000,0,5.59747455,20.90
1621924855863000,0,49.00000000,20.87
1621924857941000,1,8.67260604,20.83
1621924859242000,0,9.90304977,20.87
1621924859470000,1,39.09695023,20.87
1621924863409000,0,49.00000000,20.86
1621924873034000,1,49.00000000,20.87
1621924891813000,1,49.00000000,20.84
1621924909478000,1,49.00000000,20.82
1621924939734000,0,58.94283822,20.85
1621924939734000,0,58.96325394,20.86
1621924939734000,0,34.03736522,20.88
1621924939738000,0,22.78652397,20.88
1621924939751000,0,61.14939185,20.88
1621925006642000,1,55.00000000,20.86
1621925014154000,1,49.00000000,20.81
1621925702973000,1,97.84373195,20.97
1621925724115000,1,10.00000000,20.90
1621925753622000,0,41.29504456,20.92
1621925835968000,0,11.86352767,21.07
1621925963608000,1,10.00000000,20.90
1621926027022000,1,18.15874189,20.90
1621926027024000,1,35.58325321,20.90
1621926029937000,1,16.23387471,20.87
1621926031731000,1,24.85113125,20.87
1621926614828000,0,14.37326113,20.87
1621927200299000,0,36.12165749,20.84
1621927426003000,0,16.28949289,20.62
1621927511782000,0,1.21188441,20.63
1621927844914000,1,4.99999999,20.50
1621927872822000,1,0.00000001,20.50
1621927887822000,1,60.05522398,20.38
1621927887822000,1,186.18633000,20.37
1621927887822000,1,60.04194262,20.37
1621927887822000,1,119.94551669,20.37
1621927887822000,1,100.02913372,20.36
1621927887822000,1,51.00000000,20.34
1621927887822000,1,120.11514133,20.34
1621927887822000,1,32.48489000,20.30
1621927887822000,1,71.09331336,20.17
1621927887822000,1,252.25099997,20.17
1621927985736000,1,24.02984314,20.37
1621928027314000,0,12.23110980,20.44
1621928123470000,0,48.81016647,20.49
1621928216033000,0,6.93801359,20.54
1621928366954000,0,75.22261028,20.41
1621928366954000,0,32.24410000,20.41
1621928366954000,0,60.13673483,20.41
1621928366954000,0,43.77069018,20.43
1621928448333000,0,24.50682466,20.40
1621928465282000,1,10.03529614,20.40
1621928830123000,1,59.83340014,20.46
1621928830123000,1,59.86402579,20.45
1621928830123000,1,99.77337632,20.43
1621928830123000,1,87.72939547,20.42
1621928858377000,0,43.73855811,20.58
1621929109077000,1,41.29504456,20.50
1621929350937000,0,30.28617636,20.58
1621929350937000,0,15.00000000,20.58
1621929350937000,0,59.66475075,20.58
1621929350937000,0,8.70083797,20.59
1621929423478000,0,2.43573318,20.53
1621929432348000,0,4.87717150,20.50
1621929583876000,0,25.73487167,20.63
1621930028341000,0,44.24193653,20.34
1621930028881000,1,198.00000000,20.30
1621930258076000,0,0.99784898,20.47
1621930260719000,1,5.14669308,20.44
1621930370702000,0,50.91597919,20.51
1621930508161000,1,111.26551724,20.30
1621930765288000,1,10.09540683,20.11
1621931037855000,1,10.00000000,20.04
1621931038342000,1,17.03775789,20.04
1621931063807000,1,100.00000000,20.00
1621931063807000,1,24.44942133,20.00
1621931064175000,1,5.59747455,19.97
1621931274572000,1,36.12165749,20.12
1621931288830000,1,11.86352767,20.14
1621931356082000,0,6.17664521,20.16
1621931671529000,0,49.73172222,20.11
1621931807516000,0,1.71450112,20.18
1621932022954000,0,42.39289080,19.97
1621932200683000,0,1.72675974,19.84
1621932362444000,0,5.00000000,19.84
1621932422848000,1,61.52091466,19.89
1621932422848000,1,116.91500000,19.89
1621932422848000,1,32.93822063,19.89
1621932773894000,1,6.17664521,19.70
1621932850092000,0,1.74974686,19.77
1621932947532000,1,42.39289080,19.81
1621933060110000,1,30.31127765,19.79
1621933060113000,1,0.00000001,19.79
1621933281143000,1,1.40410202,19.77
1621933334385000,0,2.49119861,19.81
1621933346278000,0,4.97295169,19.81
1621933380322000,0,1.74053485,19.81
1621933494610000,1,1.41075344,19.67
1621933578037000,0,1.26540440,19.76
1621934005042000,0,13.00000000,19.82
1621934044437000,0,15.00000000,19.80
1621934044437000,0,11.80075655,19.81
1621934071945000,1,5.93324440,19.75
1621934161448000,1,2.87818285,19.58
1621934198493000,1,30.00000000,19.55
1621934518875000,0,2.39639985,19.82
1621934749272000,1,14.99999999,19.67
1621934749275000,1,0.00000001,19.67
1621934765320000,0,77.89417384,19.68
1621934765320000,0,23.16965498,19.68
1621934888903000,0,94.07277000,19.50
1621935406304000,1,2.87818286,19.31
1621935713630000,0,188.49445071,19.39
1621935722817000,0,188.49445071,19.39
1621935722817000,0,125.66296714,19.39
1621935816808000,0,1.77772896,19.51
1621935938983000,1,2.00000000,19.40
1621936146757000,0,10.00000000,19.46
1621936904809000,1,76.78093583,19.14
1621937039258000,1,4.00000000,19.00
1621937039258000,1,2.00000000,19.00
1621937039258000,1,3.00000000,19.00
1621937039521000,1,34.77324000,18.97
1621937039521000,1,64.51306949,18.97
1621937039521000,1,80.17776485,18.97
1621937039521000,1,53.36628214,18.96
1621937061496000,1,20.15006471,19.04
1621937123124000,1,27.91329929,18.88
1621937123736000,1,19.61325986,18.88
1621937181535000,1,2.00000000,18.80
1621937182302000,1,5.00000000,18.75
1621937371772000,1,3.19303983,18.53
1621937371890000,1,20.62631611,18.53
1621937399267000,0,1.07984950,18.53
1621937406001000,0,2.91462103,18.53
1621937407840000,0,1.08002902,18.53
1621937448337000,1,2.54808059,18.41
1621937449678000,0,66.35152877,18.48
1621937449678000,0,1.91466000,18.49
1621937449678000,0,34.75483000,18.49
1621937449678000,0,62.30393068,18.49
1621937543649000,1,66.46890362,18.39
1621937543649000,1,17.29780679,18.38
1621937618302000,1,2.85895233,18.43
1621937927456000,1,1.19462112,18.80
1621938013237000,1,35.17528000,18.75
1621938013237000,1,13.36788300,18.75
1621938029449000,0,2.00000000,18.75
1621938368073000,0,10.00000000,18.48
1621938433902000,1,21.47601370,18.33
1621938604451000,0,82.12580328,18.32
1621938604451000,0,10.93483377,18.34
1621938606100000,1,18.07905303,18.25
1621938657697000,1,29.90034948,18.39
1621938674406000,0,1.08599388,18.42
1621938760048000,1,36.25144000,18.20
1621938775678000,0,1.09954419,18.17
1621938775913000,0,1.09954419,18.17
1621938776340000,0,2.52768780,18.17
1621938810277000,1,8.32815101,18.01
1621938810641000,1,0.00000001,18.01
1621938810641000,1,1.12000000,18.00
1621938810641000,1,3.86280701,17.97
1621938854374000,1,4.67566435,17.98
1621938854539000,1,63.38315834,17.98
1621938854539000,1,68.10618592,17.97
1621938854539000,1,116.91500000,17.96
1621938854539000,1,81.31585905,17.96
1621938854539000,1,113.47820769,17.96
1621938854539000,1,113.64072398,17.94
1621938854678000,0,230.37034043,17.94
1621938882082000,1,34.69860085,17.93
1621938895753000,1,12.12232720,17.84
1621938914435000,0,36.83689000,17.92
1621938991415000,1,37.76120011,17.89
1621938993421000,0,11.94751381,17.95
1621939061755000,1,6.00000000,17.69
1621939095991000,1,3.00000000,17.82
1621939222826000,1,62.94594390,17.81
1621939230752000,0,1.12368447,17.80
1621939231916000,0,2.35855811,17.80
1621939236232000,0,1.12417751,17.75
1621939248461000,0,10.82333630,17.75
1621939272228000,1,2.82799999,17.68
1621939272247000,1,0.00000001,17.68
1621939288887000,0,11.68688524,17.71
1621939316332000,1,2.63039926,17.62
1621939330556000,1,16.69094347,17.64
1621939361213000,1,20.58878301,17.73
1621939363348000,1,50.61655734,17.77
1621939363350000,1,18.26832750,17.77
1621939363350000,1,116.91500000,17.77
1621939377000000,1,37.10576000,17.79
1621939377000000,1,12.89424000,17.79
1621939378568000,0,10.00000000,17.86
1621939571584000,0,67.97036722,18.05
1621939571584000,0,67.95431277,18.06
1621939571584000,0,79.63088937,18.06
1621939571584000,0,341.76750192,18.08
1621939571584000,0,135.99700783,18.08
1621939571584000,0,135.92957323,18.09
1621939571584000,0,51.00000000,18.14
1621939571584000,0,3.00407939,18.14
1621939651314000,0,2.35855811,18.16
1621939651314000,0,1.12368447,18.16
1621939720528000,0,1.12417751,18.21
1621939735637000,0,3.16096119,18.28
1621939764875000,0,2.95350466,18.27
1621939829749000,0,9.92721973,18.27
1621939888410000,0,243.45093012,18.33
1621939908865000,0,2.71927410,18.39
1621939959312000,0,27.19566957,18.39
1621940007646000,1,206.42757116,18.35
1621940007646000,1,351.93809641,18.35
1621940224241000,1,445.89039208,18.35
1621940224310000,1,66.88355882,18.35
1621940224552000,1,58.45800000,18.35
1621940224788000,1,446.45089874,18.35
1621940224951000,1,53.25925450,18.35
1621940225283000,1,418.03337269,18.35
1621940342253000,0,20.16568720,18.35
1621940342253000,0,187.89866758,18.35
1621940342253000,0,53.25925451,18.35
1621940353576000,0,49.85675194,18.35
1621940361916000,1,446.37618496,18.32
1621940362439000,1,446.43939290,18.32
1621940362945000,1,329.72060799,18.32
1621940507628000,1,66.17382687,18.48
1621940507628000,1,47.47793821,18.47
1621940630489000,0,2.52768780,18.56
1621940631394000,0,1.09954419,18.56
1621940652809000,0,22.82839000,18.57
1621940652809000,0,4.08812784,18.61
1621940665577000,0,1.09954419,18.62
1621940665577000,0,25.73600362,18.63
1621940672138000,0,53.57276789,18.67
1621940798637000,0,22.82839000,18.62
1621940798637000,0,24.48075969,18.62
1621940811492000,0,2.55283563,18.61
1621940856003000,1,44.12313427,18.54
1621940951087000,0,9.64401894,18.51
1621940952601000,0,0.00000001,18.51
1621941443781000,1,2.70345147,18.38
1621941491118000,1,25.00000000,18.26
1621941495579000,1,11.10645133,18.20
1621941516094000,0,1.09964631,18.19
1621941529215000,0,1.09996004,18.16
1621941532675000,0,2.58759847,18.16
1621941533280000,1,38.29993962,18.10
1621941557571000,1,11.68688524,18.07
1621941615234000,0,4.17323460,18.06
1621941616686000,0,11.24628141,18.01
1621941803070000,0,132.71032250,18.15
1621942440121000,1,181.29713252,18.05
1621942487659000,1,3.00000000,18.00
1621942616942000,0,80.14806680,18.05
1621942888688000,1,11.90431367,18.33
1621943077089000,0,5.42673982,18.43
1621943271814000,1,180.85620500,18.22
1621943777465000,0,11.16148662,17.98
1621943897504000,1,11.38388933,17.91
1621943913928000,0,1.11697914,17.91
1621943940439000,1,68.82581339,17.76
1621943961006000,0,1.12662829,17.71
1621943961817000,0,2.30843378,17.71
1621944017846000,1,11.51387145,17.80
1621944019322000,0,2.11919797,17.89
1621944031144000,1,36.51689000,17.82
1621944122820000,0,31.44596000,17.80
1621944140930000,1,47.30914969,17.79
1621944251273000,0,1.20000000,18.01
1621944289425000,0,23.22126709,17.95
1621944389391000,0,11.39501408,18.07
1621944498282000,1,11.31954672,18.04
1621944733213000,1,11.46737441,18.02
1621944738695000,1,11.32534126,17.94
1621944902836000,0,22.86977020,18.10
1621944918298000,0,2.30843378,18.11
1621944918298000,0,4.80393402,18.16
1621944976679000,0,1.12662829,18.17
1621944979168000,1,11.25892325,18.18
1621945063106000,0,1.11697914,18.27
1621945089996000,0,22.03360766,18.28
1621945099338000,1,11.24953539,18.21
1621945203283000,1,25.00000000,18.30
1621945473770000,1,1.50000000,18.10
1621945492836000,0,5.52203374,18.11
1621945514997000,0,2.74767093,18.20
1621945641828000,1,5.46448088,18.00
1621945865456000,1,3.00000000,18.00
1621945869943000,0,1.11166667,17.99
1621945902653000,0,47.50028713,17.97
1621945902653000,0,68.14072187,17.99
1621945902653000,0,51.11763304,18.00
1621945950476000,1,63.48312007,17.85
1621946102777000,1,11.90431367,17.92
1621946434703000,1,8.00000000,17.85
1621946462547000,0,1.12100840,17.84
1621946496612000,1,16.92322808,17.90
1621946511493000,0,50.00000000,17.96
1621946563751000,0,2.00000000,18.04
1621946651939000,1,11.00000000,17.95
1621946738105000,0,16.80258912,18.09
1621946904754000,0,12.60217349,18.25
1621946948015000,0,1.12100840,18.27
1621946988309000,0,30.00000000,18.29
1621947003124000,0,4.00000000,18.29
1621947008171000,0,45.91220033,18.29
1621947020243000,0,3.00000000,18.35
1621947023877000,1,82.25586114,18.30
1621947023877000,1,66.83575453,18.29
1621947069388000,0,5.49279729,18.21
1621947633917000,0,1.11166667,18.36
1621947737386000,0,66.20193508,18.52
1621947737386000,0,2.58759847,18.53
1621947737386000,0,66.17227555,18.53
1621947737386000,0,29.79223073,18.53
1621947737394000,0,73.95278614,18.53
1621947739702000,0,1.09964631,18.56
1621947937316000,1,11.00000000,18.50
1621948109463000,0,66.36758369,18.48
1621948158640000,1,50.00000000,18.42
1621948166018000,0,7.87453552,18.44
1621948300725000,0,41.22451883,18.44
1621948502671000,1,30.20415709,18.33
1621948505501000,1,28.68961748,18.30
1621948518672000,0,13.27194599,18.29
1621948661146000,0,20.05939772,18.49
1621948693268000,0,8.00000000,18.50
1621948781256000,0,1.09996004,18.62
1621949111556000,0,21.72103363,18.87
1621949116822000,1,35.00000000,18.86
1621949269926000,0,2.91462103,18.90
1621949280746000,0,5.46448088,18.90
1621949280746000,0,1.07984950,18.90
1621949284698000,0,1.08002902,18.96
1621949289052000,0,30.00000000,19.00
1621949318670000,0,15.91220033,19.00
1621949350892000,1,64.13890926,19.08
1621949350892000,1,96.63049160,19.08
1621949350893000,1,10.17912185,19.08
1621949350893000,1,64.16886798,19.07
1621949385856000,0,4.71303807,19.18
1621949385861000,0,88.96338293,19.18
1621949385861000,0,31.85075486,19.18
1621949386090000,0,425.52896756,19.18
1621949386600000,0,7.59204410,19.18
1621949665807000,0,10.57279874,19.04
1621949681190000,1,23.22126709,18.98
1621949702948000,0,10.00000000,19.03
1621949722291000,1,10.74730689,18.99
1621950142837000,0,10.65598226,19.07
1621950262690000,1,10.70299863,19.07
1621950270264000,0,60.00000000,19.12
1621950326732000,1,5.65264341,19.01
1621950616476000,0,5.65264341,19.04
1621950814259000,0,10.76554199,19.02
1621951018479000,0,25.89540255,19.03
1621951276273000,0,2.50499813,18.96
1621951317628000,1,415.34391534,18.90
1621951341678000,1,5.71041941,18.84
1621951639191000,1,22.38745094,18.95
1621951652942000,0,5.71041941,19.04
1621951985449000,0,1.66502343,19.42
1621952446622000,0,5.34803422,19.45
1621952650043000,1,1.19462112,19.53
1621952661054000,0,62.64084036,19.62
1621952661480000,0,143.62946379,19.62
1621952820448000,1,62.80114348,19.50
1621952876982000,0,3.00000000,19.54
1621952924008000,0,14.47716873,19.63
1621953197753000,0,61.96753792,19.84
1621953210277000,0,61.88086533,19.85
1621953210277000,0,61.37932664,19.86
1621953210476000,0,5.50000000,19.90
1621953210545000,1,61.68954861,20.03
1621953210553000,1,61.66043464,20.03
1621953210585000,1,82.08931675,20.03
1621953210599000,0,33.04647000,19.94
1621953211711000,0,5.73064569,20.03
1621953214417000,0,1.00000000,20.10
1621953255726000,1,91.73805154,20.18
1621953255983000,1,2.33860919,20.18
1621953263973000,0,60.99268011,20.15
1621953263973000,0,33.08398062,20.15
1621953264106000,0,27.90869949,20.15
1621953264106000,0,4.72041051,20.16
1621953264533000,0,2.12052510,20.23
1621953265355000,0,30.20519181,20.35
1621953269686000,1,33.71682000,20.31
1621953324661000,0,5.42290775,20.17
1621953353993000,1,61.03302302,20.04
1621953358580000,1,0.00000001,20.04
1621953485249000,0,15.91093705,20.23
1621953608031000,0,19.60775529,19.99
1621953611971000,1,13.09114000,19.99
1621953747083000,0,0.99316503,20.14
1621953897510000,0,33.03082000,20.06
1621953897510000,0,28.00220303,20.06
1621954011710000,1,33.05934000,19.96
1621954011710000,1,102.24810615,19.94
1621954011710000,1,19.19963815,19.93
1621954082669000,1,3.16096119,19.91
1621954199177000,0,1.00540050,19.89
1621954250181000,0,8.60351422,19.89
1621954408310000,0,10.06300447,19.87
1621954758430000,1,94.70826270,19.64
1621954821964000,1,33.61269000,19.64
1621955134712000,1,63.41548675,19.31
1621955134728000,1,0.00000001,19.31
1621955192631000,0,34.40162000,19.28
1621955192631000,0,37.95171333,19.28
1621955215202000,1,34.40162000,19.23
1621955288221000,1,63.46732463,19.30
1621955330379000,1,1.90455762,19.30
1621955421836000,0,106.24180720,19.29
1621955421836000,0,52.26045101,19.30
1621955516501000,1,18.79513491,19.36
1621956021535000,1,33.58390000,19.66
1621956021535000,1,17.33207919,19.66
1621956031036000,0,5.91187777,19.75
1621956041816000,1,2.67401711,19.74
1621956053761000,1,21.16495924,19.77
1621956053773000,1,40.74209419,19.77
1621956114576000,1,1.33700855,19.62
1621956233286000,0,62.19993467,19.75
1621956233286000,0,62.17159317,19.75
1621956233286000,0,27.89451133,19.76
1621956444614000,1,33.61206999,19.65
1621956612298000,0,1.75402982,19.45
1621956834957000,0,33.50134000,19.38
1621956834957000,0,1.86475981,19.39
1621957639019000,0,50.93576643,19.63
1621957690324000,0,2.02249520,19.78
1621957734882000,0,1.00608480,19.88
1621957751141000,1,62.40460400,19.61
1621957799057000,0,1.01606087,19.68
1621958133215000,0,12.61709293,19.81
1621958315134000,1,33.45083000,19.76
1621958315134000,1,28.52477955,19.76
1621958315200000,1,33.45083001,19.76
1621958854429000,0,62.10850802,19.79
1621958854429000,0,33.55882000,19.80
1621958854429000,0,61.42407929,19.80
1621958854645000,1,14.00000000,19.85
1621958854792000,1,19.29870000,19.85
1621958855078000,0,13.99099526,19.85
1621958855115000,1,28.30576474,19.88
1621958855523000,0,3.00000000,19.85
1621958937047000,1,62.17417403,19.70
1621958937047000,1,32.53408867,19.69
1621959034354000,1,44.52543756,19.80
1621959034553000,1,17.33153108,19.80
1621959401015000,0,5.17343154,19.82
1621959721351000,1,20.00000000,19.72
1621960545232000,1,10.57279874,19.71
1621960983800000,0,22.82839000,19.71
1621961081551000,0,27.94478288,19.79
1621961088584000,1,3.48579000,19.71
1621961088751000,0,2.87981306,19.71
1621961214649000,1,93.29254926,19.89
1621961468446000,0,61.78632658,19.93
1621961494486000,0,70.27599058,20.00
1621961495032000,0,1.12000000,20.00
1621961495032000,0,50.93576643,20.00
1621961495032000,0,23.22252794,20.00
1621961756075000,0,1.00203563,19.96
1621962448770000,1,1.00540050,19.94
1621963452964000,0,4.85731012,19.56
1621963592718000,0,419.73118750,19.47
1621963593208000,0,419.54197956,19.47
1621963593822000,0,107.35747012,19.47
1621963665271000,1,5.00000000,19.42
1621963690530000,1,13.27194599,19.43
1621963735895000,1,2.00000000,19.49
1621964375665000,0,1.62266187,19.50
1621964447346000,1,2.45750961,19.49
1621964472832000,0,10.27599260,19.46
1621964523698000,0,4.24253030,19.50
1621964685074000,0,10.13822455,19.73
1621965513200000,0,10.09013008,19.82
1621965534223000,1,21.00312597,19.77
1621965836577000,1,186.55306544,19.86
1621966031336000,1,62.05091643,19.73
1621966031336000,1,25.89384128,19.72
1621966414801000,1,1.79674923,19.88
1621966427540000,0,9.54243520,19.91
1621966535456000,0,1.30428064,19.93
1621966583920000,1,4.43478232,19.83
1621967153090000,1,32.96353000,20.02
1621967153090000,1,49.33416715,20.02
1621967915866000,1,60.69643768,20.14
1621967915871000,1,85.62759643,20.14
1621967915871000,1,32.26350679,20.14
1621968028714000,0,60.55907933,20.25
1621968028714000,0,93.41997131,20.26
1621968028743000,0,27.80374817,20.26
1621968028743000,0,124.01185091,20.28
1621968028821000,0,32.52450000,20.28
1621968158287000,1,154.05862392,20.12
1621968417550000,0,10.42306733,20.15
1621968424950000,1,52.53562822,20.11
1621968559492000,1,11.25977778,20.09
1621968606169000,1,6.90635334,20.12
1621968994089000,0,15.00000000,20.11
1621969088673000,0,5.00000000,20.09
1621969307895000,1,61.24073618,19.95
1621969307912000,1,0.00000001,19.95
1621969507944000,1,9.09090909,19.80
1621970112681000,0,53.55421460,19.73
1621971045647000,0,7.01672006,19.81
1621971453990000,0,5.59080586,19.68
1621972018331000,1,53.55421460,19.73
1621972130094000,1,1.33700856,19.63
1621972140418000,0,1.77801366,19.69
1621972475405000,1,63.43033834,19.29
1621972593404000,1,63.74038084,19.18
1621972618683000,1,63.75254084,19.19
1621972618683000,1,23.85250565,19.18
1621972687157000,1,9.49240655,19.03
1621972824822000,1,26.45419830,19.21
1621973021922000,0,22.82839000,19.29
1621973021922000,0,31.92009162,19.31
1621973354675000,1,8.60351422,19.41
1621973546562000,1,82.74646790,19.40
1621973690385000,0,5.15474545,19.40
1621973941163000,0,2.43535041,19.50
1621974018085000,0,1.03000000,19.50
1621974336345000,0,62.65244042,19.60
1621974336347000,0,0.00000001,19.60
1621974336356000,0,62.62142176,19.60
1621974651748000,0,7.17210175,19.52
1621974821814000,1,54.74848162,19.42
1621974836861000,1,2.21862819,19.43
1621975040370000,1,71.78014425,19.43
1621975906414000,1,2.50000000,19.64
1621977036811000,1,10.36753662,19.66
1621977397282000,1,10.43723236,19.48
1621977517541000,1,10.47413036,19.47
1621977637717000,1,10.47413036,19.31
1621977709123000,1,10.50156299,19.38
1621977757896000,1,10.54055774,19.46
1621977878043000,1,10.48722823,19.56
1621978427494000,0,33.52873000,19.71
1621978427494000,0,116.47127000,19.71
1621979178882000,0,5.61695977,19.76
1621980005836000,0,33.60429149,20.04
1621980312754000,0,5.00000000,20.11
1621981138956000,1,5.17343154,20.31
1621981224026000,0,8.20094475,20.36
1621981741610000,0,10.09540683,20.41
1621981748492000,0,28.68961748,20.45
1621981858104000,1,28.76990443,20.55
1621981858671000,1,55.29608017,20.55
1621981878160000,0,59.66199313,20.55
1621981878160000,0,59.66366031,20.56
1621981878160000,0,32.32957241,20.57
1621981974553000,0,20.00000000,20.72
1621982008388000,0,5.00000000,20.75
1621982062123000,0,20.00000000,20.79
1621982170507000,1,59.24557300,20.64
1621982170507000,1,34.04697626,20.63
1621982192285000,1,60.41759868,20.59
1621982192792000,1,23.15895326,20.59
1621982290906000,1,32.04243000,20.59
1621982290906000,1,17.95757000,20.58
1621982577058000,0,22.88309676,20.76
1621982673504000,0,58.75664535,20.87
1621982766979000,0,9.00000000,21.01
1621982822682000,0,58.43654985,20.96
1621982822794000,1,33.42123370,20.96
1621982915634000,0,58.50186749,20.95
1621982915634000,0,13.70865657,20.95
1621982937192000,0,1.64536796,20.95
1621983216263000,1,146.82179404,20.92
1621983234437000,1,24.78583401,20.90
1621983234446000,1,33.71055296,20.90
1621983334989000,0,31.53398000,20.83
1621983334989000,0,58.87434158,20.83
1621983409511000,0,33.71055243,20.90
1621983556103000,1,31.73857000,20.79
1621983556103000,1,58.85849197,20.78
1621983556103000,1,1.26072158,20.78
1621985266121000,1,5.00000000,20.76
1621986341023000,1,4.91601100,20.61
1621986966684000,0,59.82197172,20.48
1621986966684000,0,71.37436549,20.48
1621987255319000,0,32.26104000,20.65
1621987255319000,0,86.41809732,20.65
1621987541620000,0,72.65140019,20.75
1621987652778000,0,71.03583714,20.67
1621987652778000,0,59.34197434,20.67
1621987652778000,0,59.31316225,20.68
1621987652778000,0,98.90329057,20.69
1621987652778000,0,80.62045012,20.71
1621988742413000,0,9.72276374,20.35
1621988992790000,1,6.48450730,20.08
1621988992793000,1,44.95823633,20.08
1621988992796000,1,9.41772014,20.08
1621988992796000,1,32.86710000,20.08
1621988992796000,1,101.38940360,20.07
1621988992796000,1,10.02102862,20.05
1621989894290000,0,5.00000000,20.30
1621993174416000,0,58.23890000,21.07
1621993175760000,0,23.00000000,21.11
1621993490420000,0,9.36123026,21.12
1621993974830000,1,4.85731012,21.05
1621994450807000,0,16.80214575,21.30
1621994450807000,0,309.26551724,21.30
1621994451318000,0,68.33557546,21.31
1621994761184000,0,57.40188798,21.37
1621994761184000,0,50.74081144,21.38
1621994924834000,0,57.22594604,21.43
1621994930060000,0,13.09328429,21.44
1621994989722000,0,10.00000000,21.50
1621994989722000,0,22.40286100,21.50
1621994989722000,0,15.00000000,21.50
1621994989722000,0,93.61994946,21.50
1621994991676000,0,7.10170984,21.50
1621994991815000,0,199.27834070,21.50
1621995177491000,1,56.97627985,21.46
1621995177494000,1,0.00000001,21.46
1621995379103000,0,57.03766279,21.50
1621995379103000,0,59.25800194,21.50
1621995939477000,1,11.56146701,21.58
1621996204074000,0,13.61897215,21.78
1621996688896000,0,8.69424054,21.60
1621996776010000,0,2.31136275,21.63
1621997422787000,0,5.03958851,21.63
1621998190741000,0,56.82603181,21.57
1621998190745000,0,0.00000001,21.57
1621998958259000,0,30.50027000,21.85
1621998958259000,0,1.00000000,21.86
1621998958259000,0,15.00000000,21.86
1621998958259000,0,14.73257634,21.86
1621999383863000,0,4.31644708,21.76
1621999955173000,1,56.74850581,21.53
1622000097140000,1,2.13467872,21.65
1622000716718000,0,22.82838999,21.97
1622000716721000,0,0.00000001,21.97
1622000773039000,0,19.19982796,22.00
1622000773039000,0,1.00000000,22.00
1622000773039000,0,49.89144921,22.00
1622000773039000,0,0.91000000,22.00
1622000773039000,0,24.44942133,22.00
1622001317005000,0,369.30325440,21.93
1622001523627000,1,29.84805000,22.09
1622001614640000,0,30.00000000,22.15
1622001696923000,1,14.55317634,22.07
1622001696993000,1,0.00000001,22.07
1622001715439000,0,55.69713010,22.00
1622001715439000,0,55.67084033,22.01
1622001715439000,0,92.83330051,22.02
1622001715439000,0,71.30090460,22.02
1622001715439000,0,92.79427417,22.04
1622001715439000,0,92.73232287,22.05
1622001715650000,1,371.14999891,22.13
1622001715669000,1,5.21610500,22.13
1622001715720000,1,29.74813000,22.13
1622001715844000,1,118.30373070,22.13
1622001715989000,1,29.74813000,22.13
1622001716013000,1,5.21142872,22.13
1622001716097000,1,29.74813000,22.13
1622001716143000,1,371.08536562,22.13
1622001716247000,1,50.44438900,22.13
1622001716442000,1,2.58979388,22.13
1622001716496000,1,34.81673400,22.13
1622001716503000,1,21.72834400,22.13
1622001716660000,1,371.08536562,22.13
1622001716682000,1,43.83066800,22.13
1622001716711000,1,55.67069322,22.13
1622001716711000,1,111.34138643,22.13
1622001716711000,1,92.78448870,22.13
1622001716717000,1,55.67069322,22.13
1622001716756000,1,92.78448870,22.13
1622001716809000,1,4.95636416,22.13
1622001716884000,1,55.66280500,22.13
1622001717006000,1,56.24249500,22.13
1622001717098000,1,58.88310900,22.13
1622001717116000,1,33.18096400,22.13
1622001717221000,1,20.45808761,22.13
1622001717234000,1,371.06260002,22.13
1622001717242000,1,66.82141100,22.13
1622001717307000,1,53.08726300,22.13
1622001717371000,1,24.60388815,22.13
1622001717384000,1,56.79987600,22.13
1622001717426000,1,105.29464200,22.13
1622001717590000,1,24.49797300,22.13
1622001717733000,1,371.01503715,22.13
1622001717799000,1,30.31609100,22.13
1622001717833000,1,15.57650300,22.13
1622001717869000,1,20.43242100,22.13
1622001717905000,1,55.65741599,22.13
1622001717906000,1,92.78448870,22.13
1622001717908000,1,92.78448870,22.13
1622001717909000,1,36.71087510,22.13
1622001718312000,1,17.95353958,22.03
1622001718312000,1,55.65741017,22.03
1622001718601000,0,4.91352323,22.13
1622001731764000,1,30.01221000,21.97
1622001765513000,0,8.10770063,22.01
1622001783136000,1,2.17481273,21.99
1622001842672000,1,29.95100000,22.02
1622002293326000,0,4.91352322,21.70
1622002293489000,0,0.00000001,21.70
1622003011209000,0,8.99312030,21.90
1622003052757000,0,2.99298929,21.93
1622003312638000,0,9.84967872,21.82
1622004376046000,0,40.36970157,21.61
1622004419354000,0,7.01934374,21.59
1622004452363000,0,9.24864472,21.62
1622004701326000,0,43.19963422,21.66
1622005802976000,0,55.74856039,21.99
1622005910703000,0,1.13763002,21.98
1622006047358000,0,43.02613974,21.89
1622006286109000,1,4.00000000,21.90
1622006952884000,0,1.00000000,22.01
1622007177763000,1,372.14518873,21.95
1622007178344000,1,372.15685990,21.95
1622007178968000,1,95.41779484,21.95
1622007254859000,0,2.98073624,21.95
1622007293507000,0,4.48793565,21.87
1622007624503000,0,11.33130095,22.06
1622007691199000,0,4.52646397,22.09
1622008040748000,0,4.57282289,21.87
1622008706146000,0,9.23017139,21.67
1622008706376000,1,70.36848207,21.63
1622008706376000,1,46.63151793,21.61
1622008896197000,0,1.15611320,21.62
1622009122907000,1,1.71456934,21.70
1622009153719000,0,1.81602136,21.76
1622009200083000,0,1.83617213,21.78
1622009382967000,0,9.17021898,21.81
1622009631832000,0,2.28045386,21.93
1622009746081000,0,1.00000000,21.99
1622009810186000,0,24.84364148,22.00
1622009810189000,0,41.45399917,22.00
1622009812225000,0,4.47727273,22.07
1622009986905000,0,38.94124662,22.05
1622010051465000,0,18.14115725,22.05
1622010209215000,1,3.18189772,22.04
1622010360669000,0,5.00000000,22.20
1622010385136000,0,45.03749822,22.20
1622010611439000,0,11.16729002,22.39
1622010642964000,0,10.00000000,22.50
1622010763252000,0,10.00000000,22.37
1622010869520000,0,4.40225234,22.52
1622010912926000,0,2.22042811,22.52
1622010927186000,0,345.61286436,22.53
1622010932669000,0,5.00000000,22.60
1622011018890000,0,10.00000000,22.59
1622011154782000,0,54.20758252,22.58
1622011306352000,0,4.41989340,22.62
1622011497012000,1,40.36970157,22.58
1622011588507000,0,13.27440676,22.60
1622011590961000,0,23.00000000,22.60
1622011941024000,0,10.00000000,22.45
1622011999495000,0,1.00000000,22.51
1622012185701000,0,15.18662594,22.48
1622012431408000,0,54.52593209,22.51
1622012431408000,0,54.55183115,22.51
1622012431408000,0,1.96956496,22.53
1622013246560000,0,13.32941744,22.51
1622013279764000,0,66.05948888,22.58
1622013279764000,0,54.42144518,22.59
1622013279764000,0,54.39392902,22.60
1622013279764000,0,2.21085574,22.61
1622013323065000,0,2.17790065,22.67
1622013654031000,0,4.45660602,22.44
1622013998779000,0,2.22002094,22.52
1622014049110000,0,10.00000000,22.52
1622014432693000,1,20.00000000,22.65
1622014442777000,1,24.36026490,22.65
1622014637572000,0,6.00000000,22.70
1622014717398000,0,2.20264317,22.70
1622014778970000,0,25.79617268,22.70
1622014799362000,0,53.50118415,22.70
1622014859982000,0,40.12541723,22.72
1622015045729000,1,10.00000000,22.79
1622015047566000,0,1.15611320,22.81
1622015229250000,1,28.88035097,22.70
1622015276520000,0,11.42761073,22.69
1622015322272000,0,4.42000000,22.59
1622015655914000,1,2.00000000,22.67
1622015894916000,0,53.91241217,22.78
1622016170220000,0,53.84210849,22.85
1622016170220000,0,53.81125110,22.85
1622016170220000,0,111.74823000,22.86
1622016170220000,0,69.39815763,22.86
1622016170220000,0,107.77999415,22.86
1622016170220000,0,20.66570135,22.87
1622016295846000,0,9.00000000,22.75
1622016377109000,1,2.00000000,22.40
1622016411588000,1,54.57764002,22.45
1622016411588000,1,54.58342742,22.44
1622016411588000,1,36.75350147,22.44
1622016512258000,1,73.06040736,22.19
1622016563934000,0,9.99999999,22.20
1622016564015000,0,0.00000001,22.20
1622016772929000,1,27.19566957,21.88
1622016773228000,1,21.38378979,21.88
1622016790491000,0,1.13656718,22.00
1622016817118000,0,101.49614170,22.00
1622016963102000,0,22.82839000,21.88
1622017054599000,1,2.51606760,21.83
1622017127200000,0,25.73901000,21.97
1622017366326000,1,55.56957485,22.05
1622017366326000,1,73.62412198,22.04
1622017366326000,1,92.55161283,22.04
1622017366326000,1,55.58623642,22.04
1622017366326000,1,110.99692448,22.03
1622017366326000,1,28.91697216,22.02
1622017420617000,0,1.56562287,22.15
1622017957844000,0,55.09702006,22.30
1622017957844000,0,1.13656718,22.31
1622017957844000,0,55.06387482,22.31
1622017957844000,0,91.82836676,22.32
1622017957844000,0,67.78897518,22.32
1622017957844000,0,91.78761716,22.34
1622017957844000,0,49.19328197,22.34
1622018356414000,1,167.00726157,22.18
1622018507652000,1,55.43190145,22.10
1622018507652000,1,55.44878447,22.09
1622018507652000,1,66.92580226,22.09
1622018507652000,1,92.37915036,22.08
1622018507652000,1,110.86027835,22.08
1622018507652000,1,30.84978624,22.06
1622018581797000,0,12.47336766,22.17
1622018901401000,0,280.58464688,22.02
1622019432695000,0,18.58082191,21.98
1622019432695000,0,4.16618393,21.98
1622019489291000,0,5.44898748,22.02
1622019545351000,1,230.00000000,22.03
1622020007448000,1,4.40225234,22.13
1622020348290000,0,6.74747298,22.23
1622020531832000,0,2.25272613,22.20
1622020775895000,0,43.50003455,22.28
1622020778685000,0,1.30308499,22.28
1622021089756000,0,22.54092078,22.18
1622021309292000,0,55.49482946,22.13
1622021811678000,0,55.58480439,22.10
1622021811678000,0,6.12167562,22.12
1622022028471000,1,45.41394126,22.02
1622022623818000,1,1.85630374,22.23
1622022845825000,1,61.70648001,22.24
1622022927104000,0,22.47653674,22.25
1622023094038000,0,29.71970000,22.30
1622023094038000,0,55.10978093,22.30
1622023094038000,0,71.17062961,22.30
1622023094038000,0,55.08596790,22.31
1622023094038000,0,13.09661839,22.32
1622023270020000,1,8.20094475,22.12
1622023568359000,1,294.75895717,22.04
1622023569003000,1,265.20459015,22.03
1622023650685000,0,2.27984661,21.93
1622023743692000,1,11.14436850,21.83
1622023833392000,0,0.91361079,21.89
1622023928516000,1,74.28405490,21.85
1622023928530000,1,56.11361759,21.82
1622023929891000,1,12.65778800,21.82
1622023933817000,0,42.39368300,21.82
1622023934319000,0,57.09857703,21.82
1622024540719000,0,40.18941923,22.03
1622024707161000,0,4.57168145,21.87
1622024814200000,1,50.35137614,21.80
1622024882388000,0,11.50012719,21.74
1622024890961000,1,50.00000000,21.70
1622024941606000,0,8.69197238,21.58
1622024942077000,1,2.39210185,21.50
1622024943368000,1,43.97237885,21.50
1622025009733000,0,4.07008935,21.60
1622025221010000,1,46.31127714,21.57
1622025335445000,0,5.00000000,21.62
1622025370247000,0,100.21384818,21.65
1622025734718000,1,2.80847988,21.66
1622025974560000,0,16.80214574,21.80
1622026071721000,1,30.20796000,21.87
1622026071721000,1,56.04223709,21.87
1622026071721000,1,21.89250233,21.86
1622026096946000,1,1.29805985,21.82
1622026967333000,0,2.25760952,21.78
1622027036176000,0,4.61831049,21.64
1622027129102000,0,1.20000000,21.86
1622027518021000,1,3.01815950,21.68
1622027768690000,0,56.17668788,21.88
1622027768690000,0,56.15357701,21.88
1622027768690000,0,4.90004357,21.89
1622028265025000,1,56.51008347,21.68
1622029502000000,0,4.57044448,21.88
1622029707144000,0,50.00000000,21.78
1622030543506000,1,1.00000000,22.02
1622030577690000,0,7.12828920,22.05
1622030841511000,1,66.23845947,22.31
1622031120023000,0,2.46687748,22.35
1622031553093000,0,67.84876606,22.29
1622031805723000,1,31.94210508,22.35
1622031811838000,0,54.94183132,22.39
1622031811838000,0,67.39513785,22.40
1622031811838000,0,54.92568041,22.40
1622031811838000,0,45.98685571,22.40
1622031852664000,0,54.26754583,22.37
1622031987278000,0,8.30244837,22.40
1622032531910000,0,1.20800254,22.25
1622032695526000,0,8.55102056,22.22
1622032769555000,0,4.49811596,22.23
1622032818667000,0,77.24673537,22.23
1622033350931000,0,22.45525789,22.27
1622033447639000,1,5.00000000,22.22
1622034100097000,0,1.55162652,22.12
1622034160005000,0,45.32593022,22.00
1622034160103000,0,0.14713825,22.00
1622034160110000,1,43.94367345,22.00
1622034160152000,0,55.96273344,21.98
1622034160272000,0,0.02671894,21.98
1622034160272000,0,3.91777122,21.99
1622034160482000,0,8.10128877,21.99
1622034160482000,0,37.24578332,22.02
1622034226456000,1,35.16096671,21.93
1622034477855000,1,2.80847989,21.85
1622034692487000,0,4.59547841,21.76
1622034997845000,1,20.39746141,21.56
1622034998199000,1,19.39346159,21.55
1622035029155000,1,30.67564000,21.56
1622035029155000,1,9.44977723,21.56
1622035136997000,1,3.63551930,21.50
1622035136997000,1,1.29999999,21.50
1622035137268000,1,0.00000001,21.50
1622035137268000,1,57.20775964,21.45
1622035137268000,1,114.31413436,21.43
1622035137268000,1,109.06275287,21.42
1622035257962000,0,43.56425703,21.29
1622035281828000,0,0.94013281,21.27
1622035432097000,0,119.53614803,21.33
1622035523705000,1,71.02283084,21.34
1622035523705000,1,9.14011754,21.33
1622035649763000,0,5.74070000,21.43
1622036072508000,1,23.74811478,21.52
1622036380127000,1,11.14436850,21.13
1622036390611000,1,1.50000000,21.10
1622036390611000,1,1.00000000,21.09
1622036478118000,0,47.17915837,21.23
1622036511686000,0,23.47789298,21.30
1622036963964000,0,191.03970215,21.12
1622036963964000,0,58.04145679,21.12
1622036964565000,0,96.66632394,21.12
1622036964565000,0,96.74912605,21.12
1622037007706000,0,58.05771733,21.18
1622037046383000,0,2.23621070,21.24
1622037326380000,1,14.35975286,20.96
1622037327326000,1,15.18662594,20.86
1622037327389000,1,295.88121709,20.86
1622037327389000,1,10.00000000,20.86
1622037327389000,1,51.00000000,20.69
1622037327389000,1,5.15240729,20.69
1622037327389000,1,15.00000000,20.63
1622037327389000,1,503.00000000,20.62
1622037327389000,1,21.99326418,20.61
1622037327389000,1,6.38693461,20.52
1622037327453000,1,3.00000000,20.89
1622037328495000,1,58.63579950,20.88
1622037328495000,1,2.59704684,20.50
1622037328549000,1,15.55883840,20.50
1622037367057000,1,58.74883703,20.86
1622037402046000,0,51.00000000,20.76
1622037402730000,1,20.00000000,20.72
1622037408431000,1,51.00000000,20.76
1622037418973000,1,51.00000000,20.80
1622037424731000,1,7.94624708,20.80
1622037428387000,0,51.00000000,20.85
1622037457403000,0,51.00000000,20.81
1622037458798000,1,14.30307909,20.81
1622037477972000,0,51.00000000,20.87
1622037503759000,0,51.00000000,20.89
1622037538352000,0,5.15240729,21.03
1622037657747000,1,2.13484143,20.87
1622037739200000,1,3.96530567,20.92
1622037742277000,1,46.53031852,20.91
1622037838775000,0,20.00000000,21.02
1622038082658000,0,14.00000000,20.96
1622038295245000,0,4.93348528,21.18
1622038572624000,0,297.05148000,21.00
1622039394911000,0,14.00000000,21.28
1622039429811000,1,2.78337740,21.19
1622039742170000,0,40.43356051,21.40
1622040518233000,1,5.00000000,21.45
1622040866988000,0,42.46829142,21.49
1622041371007000,1,6.00000000,21.40
1622041547336000,1,169.68164015,21.36
1622041563611000,1,23.89609339,21.27
1622041809655000,0,117.28269798,21.33
1622041887147000,0,84.84082007,21.39
1622042388593000,1,4.80596646,20.93
1622042504681000,1,2.40298323,20.86
1622042539969000,1,1.20149162,20.92
1622042593274000,0,19.59464681,21.02
1622042593411000,0,25.62264779,21.02
1622042614523000,1,1.20149162,20.89
1622042693488000,0,19.10157645,20.94
1622042764850000,1,47.71219454,20.92
1622042784758000,1,58.45800000,20.92
1622042879630000,1,40.43356051,20.84
1622042936413000,0,14.00000000,20.94
1622043075385000,0,13.00000000,21.14
1622043307706000,1,47.17160547,21.18
1622044088628000,1,15.37591906,21.09
1622044985670000,0,304.69077484,21.36
1622045246661000,0,9.21721850,21.70
1622046799230000,1,1.20000000,21.36
1622046873865000,0,17.73667200,21.30
1622047290111000,1,57.40266818,21.40
1622047290114000,1,0.00000001,21.40
1622048035997000,1,10.00000000,21.21
1622048928066000,1,58.86172761,20.89
1622048928066000,1,58.86172761,20.88
1622048928066000,1,47.83903047,20.88
1622048928066000,1,98.09082002,20.87
1622048928066000,1,47.84709554,20.87
1622048928066000,1,311.18293476,20.87
1622048928066000,1,72.08482635,20.87
1622048928066000,1,31.75229000,20.87
1622048928066000,1,98.16545714,20.85
1622048928110000,0,15.03393397,20.85
1622048978686000,1,394.03316086,20.85
1622048979221000,1,394.05783584,20.85
1622049005026000,0,4.60134382,20.88
1622049045433000,0,1.00412648,20.91
1622049215799000,1,16.93747340,20.93
1622049798866000,0,100.00000000,21.22
1622050201288000,0,47.07545429,21.26
1622050893592000,1,296.76220263,21.37
1622052458139000,1,25.04223075,21.35
1622053193720000,0,35.16096671,21.51
1622053470060000,0,66.89617971,21.60
1622053869737000,0,39.27685505,21.45
1622054226737000,1,1.59046170,21.41
1622054226747000,0,5.00000000,21.45
1622054474191000,0,2.33225381,21.44
1622055428505000,1,19.35870410,21.43
1622055654571000,0,2.33266292,21.43
1622056662155000,0,9.19069193,21.24
1622056717399000,0,20.77668303,21.27
1622056802099000,1,31.20869000,21.24
1622059621163000,1,4.07008935,21.42
1622059675905000,0,1.50000000,21.50
1622060131703000,1,15.00000000,21.47
1622060301818000,0,15.00000000,21.61
1622060727879000,0,1.00000000,21.74
1622060727879000,0,15.00000000,21.77
1622060727879000,0,29.97876266,21.77
1622061148298000,0,1.14654337,21.80
1622062019341000,1,50.00000000,21.78
1622062097265000,0,30.00000000,21.84
1622062142431000,0,15.09542366,21.86
1622062398598000,1,50.00000000,21.73
1622062432808000,0,32.07512124,21.79
1622062495891000,0,15.00000000,21.81
1622062495891000,0,1.32657974,21.81
1622062587887000,0,269.87733025,21.80
1622063045955000,0,22.82839000,21.92
1622063045955000,0,69.08227142,21.92
1622063071006000,0,1.20000000,21.93
1622063159057000,0,2.28772793,21.89
1622063202982000,1,1.37500000,21.86
1622063289867000,0,2.04163219,21.99
1622063386453000,0,1.00000000,22.00
1622063386453000,0,30.31677000,22.00
1622063386453000,0,56.01997974,22.00
1622063386453000,0,56.03045686,22.02
1622063386453000,0,45.42851658,22.02
1622063386453000,0,93.37279255,22.02
1622063386453000,0,113.55199879,22.04
1622063386453000,0,131.48944570,22.04
1622063902022000,0,15.00000000,21.77
1622064206438000,0,4.59370937,21.77
1622064502973000,1,120.23870967,21.70
1622064944396000,1,24.50000000,21.62
1622065402059000,1,1.19691704,21.64
1622065705090000,0,23.72013000,21.80
1622065931149000,0,1.59046170,22.06
1622066411228000,1,19.08393461,21.91
1622066847262000,0,15.00000000,22.00
1622067045699000,1,45.32437165,22.04
1622067527853000,1,2.22042811,22.25
1622068154263000,0,14.99999999,22.49
1622068154264000,0,0.00000001,22.49
1622068174665000,0,19.80000000,22.52
1622069295259000,0,117.23030846,22.83
1622069297676000,0,9.54196730,22.85
1622069360299000,0,50.00000000,22.90
1622069520155000,0,3.51719202,23.00
1622069877337000,0,5.83877354,23.00
1622069877337000,0,4.16122646,23.00
1622069877337000,0,70.00000000,23.00
1622069877337000,0,50.35137614,23.00
1622069894227000,0,2.99936290,23.03
1622069984636000,0,2.78337739,23.17
1622069986627000,0,0.00000001,23.17
1622070035906000,0,30.01474000,23.09
1622070035906000,0,53.42526903,23.10
1622070035906000,0,43.34687783,23.11
1622070035906000,0,53.39510481,23.11
1622070035906000,0,64.41228235,23.13
1622070035906000,0,9.16550376,23.13
1622070118648000,0,30.01474000,23.18
1622070118648000,0,53.21002604,23.21
1622070118648000,0,43.20586053,23.23
1622070118648000,0,43.09488587,23.23
1622070118648000,0,53.15743694,23.23
1622070118648000,0,215.49131292,23.24
1622070126711000,0,43.12319443,23.21
1622070126711000,0,30.01474000,23.21
1622070126711000,0,35.42107595,23.21
1622070149587000,0,30.01474000,23.16
1622070149587000,0,5.91598248,23.16
1622070525320000,0,3.64350923,23.30
1622070525429000,0,9.97546291,23.30
1622071106538000,0,29.60689000,23.43
1622071106538000,0,30.90510187,23.44
1622071252910000,0,2.47796243,23.46
1622071252920000,0,0.00000001,23.46
1622071290717000,0,23.47789298,23.50
1622071290717000,0,0.99811097,23.50
1622071327738000,0,1.04347826,23.54
1622071343890000,0,80.00000000,23.56
1622071363202000,0,9.54196731,23.60
1622071691279000,0,15.00000000,23.56
1622071872152000,0,60.00000000,23.77
1622071872653000,0,1.06730557,23.78
1622071889818000,0,1.00000000,23.81
1622071955608000,0,1.10702411,23.96
1622071955608000,0,6.64290000,23.96
1622071956438000,0,2.76595745,23.97
1622071956438000,0,48.00000000,24.00
1622071956438000,0,7.63404255,24.00
1622071957019000,0,7.56145169,24.00
1622071957111000,0,24.08136081,24.00
1622071962135000,0,1.19319894,24.01
1622072171472000,1,51.67787422,23.78
1622072524673000,1,1.72523338,23.87
1622072966089000,0,25.00000000,24.03
1622073214754000,1,41.95631551,23.82
