timestamp ms,type,amount,price
1622074374083000,0,4.17536534,23.9500
1622075643999000,1,7.85291241,23.1446
1622075997661000,0,2.00000000,23.1500
1622076470705000,0,2.50000000,23.2989
1622076526929000,0,52.98357202,23.2796
1622076526929000,0,29.74880000,23.2891
1622076526929000,0,52.96576475,23.2895
1622076526929000,0,42.95597673,23.2994
1622076527008000,1,21.34588650,23.3000
1622076537481000,1,21.36262000,23.2462
1622076576549000,0,91.38640902,23.3000
1622076576549000,0,21.34588541,23.3000
1622077384463000,1,66.42790261,23.3001
1622077397903000,0,52.89818009,23.2867
1622077397908000,0,0.30342315,23.2867
1622077401259000,0,99.81543171,23.2867
1622077530611000,1,29.50781000,23.3604
1622077809867000,0,29.81846000,23.0291
1622078026602000,1,53.49080999,23.0140
1622078026604000,1,0.00000001,23.0140
1622078051566000,1,4.71744781,22.9633
1622078109511000,0,4.71744781,22.9174
1622079164894000,1,2.04584351,22.6477
1622079753174000,1,0.90632895,22.6972
1622080175923000,1,62.61713739,22.3135
1622080303648000,1,5.00000000,22.2222
1622080407710000,1,7.01672006,21.9013
1622080464281000,1,4.39404571,22.0066
1622080532058000,1,15.00000000,22.1124
1622080988406000,0,44.89530179,22.2975
1622080988406000,0,112.23999778,22.2976
1622080990975000,0,291.73033281,22.3052
1622082493466000,0,55.00520565,22.4292
1622082493467000,0,0.00000001,22.4292
1622084500665000,1,35.00000000,22.1152
1622084586662000,1,31.24930000,22.0586
1622084653515000,0,23.72013000,21.9362
1622084653849000,1,15.00000000,21.8920
1622084707368000,0,23.72013000,21.9499
1622084806099000,1,4.95537130,21.8166
1622084810417000,0,1.60428151,21.8163
1622084811902000,0,5.31704728,21.7980
1622084816923000,0,1.42215013,21.7964
1622084856811000,1,1.00000000,21.7000
1622084873066000,1,56.81141474,21.6705
1622084897406000,1,56.79911960,21.6619
1622084897406000,1,46.17634959,21.6451
1622084897406000,1,38.33035447,21.6451
1622084897417000,1,28.03629323,21.6451
1622084996145000,0,56.81141412,21.6732
1622085046165000,0,4.95537130,21.8499
1622085046165000,0,126.74577313,21.8681
1622085371169000,0,45.79905143,21.8633
1622085454561000,1,31.87153000,21.6279
1622085536397000,1,115.78470766,21.5650
1622085545874000,0,1.39114177,21.5470
1622085573295000,0,46.32473939,21.6049
1622085573295000,0,19.89821748,21.6083
1622085578902000,0,38.34448095,21.6409
1622085578941000,0,75.98690707,21.6409
1622086054790000,1,31.50638000,21.8786
1622086100821000,1,67.70741007,21.7600
1622086149258000,0,114.74152715,21.8085
1622086245444000,0,31.66811000,21.9512
1622086489940000,0,1.39114177,22.0675
1622087094931000,0,56.51212610,21.8229
1622087094931000,0,16.24234030,21.8331
1622087332962000,0,298.34540317,21.8125
1622087345950000,0,1.42120214,21.7958
1622087994078000,0,27.33983972,21.8575
1622088893813000,1,1.50000000,21.7159
1622089187344000,1,15.00000000,21.6330
1622090668418000,1,31.54263000,21.8535
1622090668418000,1,43.45737000,21.8503
1622091393672000,0,6.93607231,22.1552
1622091516719000,0,1.42215013,22.2339
1622091519992000,0,5.31704728,22.2508
1622091617095000,1,369.00270511,22.2758
1622091617571000,1,10.99729489,22.2758
1622092052212000,0,25.00000000,22.2299
1622092330706000,1,20.13321910,21.9556
1622092898430000,0,45.30303389,22.0899
1622093903270000,1,3.92126696,22.1000
1622094406284000,0,1.42120214,22.3208
1622094406865000,0,1.60428151,22.3250
1622094449919000,1,65.14680452,22.3207
1622094450484000,1,13.90329618,22.3249
1622094489047000,0,44.69289606,22.3977
1622095225349000,0,49.14231484,22.7972
1622095228285000,0,13.63730874,22.7972
1622095243153000,1,49.65260218,22.7180
1622095243523000,1,43.99577342,22.6883
1622095314876000,0,1.00000000,22.7734
1622095370637000,1,20.29993875,22.6806
1622095799229000,0,7.02423622,22.5761
1622096228613000,0,41.84201823,22.5285
1622097017426000,1,41.84201823,22.5352
1622097311263000,1,1.40114292,22.6872
1622098241419000,0,41.19698987,22.8881
1622098400042000,0,14.84896942,22.7791
1622098793026000,0,4.42509931,22.8733
1622099231649000,0,54.11277546,22.7845
1622099231649000,0,77.29569232,22.7919
1622100006894000,0,364.91065678,22.4859
1622100006991000,0,8.60193640,22.4859
1622100372676000,0,15.00000000,22.6666
1622100372676000,0,114.83849951,22.6779
1622100960303000,1,54.07183455,22.7339
1622100960303000,1,25.72357099,22.7131
1622101046360000,0,1.09169352,22.9002
1622101665087000,0,1.40000000,22.8434
1622101856939000,0,10.97703034,22.7748
1622102110001000,0,8.80729420,22.7084
1622102219647000,0,3.00000000,22.6294
1622102535827000,1,30.29189000,22.7558
1622102536344000,1,30.29188464,22.7538
1622102567260000,1,44.31705989,22.5472
1622102631043000,1,4.85262480,22.3134
1622103176497000,0,4.39146194,22.7715
1622103550974000,0,54.02684948,22.7781
1622103550974000,0,25.53392344,22.7890
1622103670763000,0,0.87685070,22.8089
1622104086174000,0,4.85262480,22.7080
1622104284938000,0,4.31644707,22.9261
1622104285083000,0,0.00000001,22.9261
1622104416998000,0,354.99165685,23.0500
1622104445074000,0,276.82479000,23.0500
1622104445338000,0,354.91435886,23.0500
1622104445468000,0,33.22086854,23.0500
1622104445982000,0,354.77992737,23.0500
1622104446420000,0,354.79140627,23.0500
1622104446853000,0,354.78026078,23.0500
1622104447405000,0,354.77990803,23.0500
1622104447990000,0,354.84375321,23.0500
1622104448520000,0,354.74957003,23.0500
1622104449048000,0,354.77177600,23.0500
1622104449260000,0,33.22747982,23.0500
1622104449432000,0,19.99831583,23.0500
1622104449568000,0,354.77866553,23.0500
1622104449954000,0,13.23270281,23.0500
1622104450003000,0,13.23270281,23.0500
1622104450090000,0,13.23216052,23.0500
1622104450133000,0,51.84013900,23.0500
1622104450153000,0,0.00000535,23.0500
1622104487437000,1,25.00000000,23.0100
1622105054260000,1,0.96333259,23.0751
1622105434664000,0,0.99659077,23.1812
1622105806955000,0,3.42023213,23.1254
1622106069748000,0,4.32369610,23.1284
1622106133186000,1,13.28283000,23.1051
1622106133186000,1,53.23731519,23.1051
1622106133186000,1,116.91500000,23.0970
1622106133186000,1,65.23484775,23.0969
1622106133186000,1,53.23466189,23.0964
1622106133186000,1,43.29979699,23.0842
1622106133186000,1,15.79554818,23.0842
1622106410777000,0,4.73266210,23.2977
1622106465914000,0,10.06660955,23.4868
1622107013813000,0,52.06571197,23.4554
1622107050989000,0,52.49920957,23.4883
1622107050989000,0,42.57704459,23.4968
1622107050989000,0,52.51184752,23.4968
1622107050989000,0,25.14977679,23.5039
1622107050989000,0,87.54944774,23.5099
1622107050989000,0,62.40013580,23.5128
1622107050989000,0,83.34152638,23.5143
1622107067903000,0,4.24018799,23.5839
1622107160500000,0,8.80729420,23.7000
1622107436260000,0,61.66172530,23.7028
1622107436260000,0,25.31341168,23.7029
1622107436260000,0,18.49746631,23.7029
1622107650058000,0,1.00000000,23.6200
1622108266030000,0,52.17080016,23.6321
1622108266030000,0,24.83475242,23.6433
1622108617050000,1,52.20964682,23.5509
1622108617050000,1,24.06775571,23.5409
1622108957984000,0,5.08225763,23.6378
1622109029173000,0,29.20420000,23.8694
1622109029476000,0,41.89400892,23.8800
1622109029618000,0,343.27838048,23.8800
1622109029692000,0,134.66517507,23.8800
1622109030095000,0,343.11761448,23.8800
1622109030616000,0,178.93882997,23.8800
1622109037247000,0,4.00000000,23.8923
1622109037247000,0,10.93661186,23.9000
1622109038215000,0,12.91636441,23.9000
1622109041188000,0,2.46339697,23.9000
1622109042169000,0,2.50501369,23.9000
1622109137201000,1,42.06653701,23.7493
1622109207953000,0,11.70867327,23.7824
1622109904341000,1,42.17696670,23.6580
1622109904374000,1,42.24664443,23.6580
1622109904374000,1,71.58876640,23.6580
1622109904570000,1,13.94986452,23.6580
1622110163943000,0,1.45722254,23.7846
1622110410739000,0,9.99999999,23.7900
1622110410740000,0,0.00000001,23.7900
1622110479159000,0,51.54650000,23.9062
1622110507831000,0,200.95429142,24.0000
1622110507831000,0,100.00000000,24.0000
1622110797084000,0,28.96100933,23.7520
1622111029819000,0,2.00298972,23.7145
1622111033064000,1,29.12398000,23.6683
1622111476063000,0,2.11282089,23.7763
1622111588620000,0,1.58262874,23.8069
1622111611594000,0,1.18874137,23.7709
1622111629390000,0,0.89289438,23.7346
1622111643931000,1,39.13588322,23.6686
1622111669986000,0,0.88317451,23.7779
1622111674477000,0,1.44987816,23.7635
1622111718308000,0,0.85000000,23.8086
1622111718308000,0,0.04420013,23.8163
1622111729978000,1,4.32369610,23.7205
1622111861155000,0,42.05663683,23.7775
1622111896595000,1,0.89753702,23.7205
1622112279251000,0,1.80000000,23.5553
1622112279424000,1,27.33983972,23.5418
1622112672867000,1,51.82968867,23.6778
1622112672867000,1,15.00000000,23.6540
1622112672867000,1,274.34710960,23.6540
1622112672867000,1,103.61809791,23.6540
1622112672867000,1,103.66255315,23.6408
1622112672867000,1,0.94366855,23.6352
1622112697486000,1,42.20062714,23.6800
1622112698955000,1,42.20062094,23.6701
1622113846873000,0,52.30893172,23.5409
1622113846873000,0,52.28079354,23.5525
1622113846873000,0,44.02284392,23.5618
1622113937840000,1,41.19698987,23.5228
1622114482935000,1,11.98610959,23.7268
1622114750468000,0,41.94735694,23.8543
1622114752719000,1,10.00000000,23.8543
1622114784912000,0,29.01015106,23.8941
1622114796238000,1,3.36332088,23.8543
1622114951596000,0,41.94705107,23.8490
1622115353886000,0,2.02153300,23.7691
1622115363123000,1,51.81632781,23.6971
1622115392224000,1,29.01015106,23.6477
1622115484476000,1,116.91500000,23.6658
1622116340270000,0,1.81494839,23.7913
1622116390089000,0,24.41059154,23.7518
1622116445624000,0,15.00000000,23.8093
1622116445624000,0,9.35136406,23.8093
1622116467169000,0,40.63522228,23.8480
1622116620447000,0,51.81143615,23.7770
1622116620447000,0,42.07717087,23.7871
1622116620447000,0,51.82123960,23.7871
1622116620447000,0,105.14860949,23.7954
1622116620447000,0,67.29419426,23.7954
1622116620447000,0,273.35137077,23.7991
1622116620447000,0,86.36329105,23.7991
1622116620447000,0,58.14256630,23.8018
1622116814484000,0,28.76881161,23.8463
1622117056093000,1,20.00000000,23.9348
1622117056295000,0,51.35519971,23.9829
1622117056295000,0,51.35687548,23.9932
1622117056295000,0,15.00000000,24.0000
1622117056295000,0,18.15588524,24.0000
1622117056295000,0,0.51323477,24.0124
1622117056296000,0,41.15029118,24.0124
1622117056296000,0,95.23090402,24.0124
1622117056297000,0,7.58522452,24.0124
1622117061303000,0,5.03330000,24.1000
1622117061346000,0,0.00000478,24.1000
1622117379689000,1,2.02153300,23.7336
1622118129948000,1,29.18275000,23.6051
1622118129948000,1,52.07600455,23.6048
1622118129948000,1,52.07160301,23.5947
1622118129948000,1,3.06463613,23.5819
1622118345553000,0,14.67477298,23.7370
1622118382377000,1,1.00000000,23.7113
1622118849724000,0,2.10043084,23.8046
1622119039037000,1,46.96285304,23.6591
1622119306485000,1,31.71571661,23.5505
1622119306690000,1,10.69476579,23.5505
1622119306690000,1,1.20000000,23.5500
1622119307664000,1,106.07406387,23.5361
1622119312588000,1,11.85905688,23.5228
1622119312615000,1,264.12787252,23.5228
1622119312615000,1,4.39956875,23.5228
1622119597609000,0,2.01859143,23.5313
1622120066348000,1,51.99840710,23.6267
1622120309822000,1,86.06971530,23.6179
1622121076987000,0,23.72013000,23.6746
1622121076987000,0,25.14705664,23.6785
1622121168516000,0,66.41288610,23.6901
1622121429608000,0,42.07264283,23.7818
1622121429608000,0,40.31317237,23.8231
1622122423963000,0,51.18810270,24.0714
1622122423963000,0,41.55129425,24.0820
1622122423963000,0,13.77764559,24.0821
1622122423970000,0,37.41290449,24.0821
1622122423970000,0,85.33736180,24.0865
1622122423970000,0,14.37396176,24.1072
1622122690926000,0,7.07905770,24.0978
1622122701928000,0,1.09521923,24.0591
1622122887288000,0,5.03330477,24.0624
1622122924817000,0,34.11339136,24.1355
1622123101815000,0,2.07546214,24.0910
1622123206360000,1,24.79338843,24.2000
1622123207585000,1,89.64793388,24.2000
1622123352086000,0,7.00000000,24.1617
1622123582840000,0,2.58505218,24.1777
1622123826840000,1,1.85851107,23.8737
1622123827199000,1,0.00000001,23.8737
1622123843093000,1,28.76881161,23.8181
1622124032078000,0,66.40467728,24.0173
1622124032629000,0,5.00000000,24.0000
1622124052004000,1,51.12839473,24.0365
1622124054215000,0,12.47474008,24.0302
1622124054215000,0,17.39350467,24.0302
1622124339078000,1,28.32362000,24.3132
1622124339078000,1,41.11112906,24.3113
1622124339078000,1,0.56525094,24.3113
1622124651195000,0,28.55265000,24.2631
1622124651195000,0,11.44735000,24.2641
1622124785533000,0,3.88927858,24.2641
1622124794222000,1,5.00000000,24.2440
1622124992258000,0,20.00000000,24.3200
1622125100895000,0,1.21489936,24.3477
1622125228739000,0,53.32771376,24.3589
1622125272173000,1,2.74237439,24.2719
1622125365412000,1,45.57047993,24.2492
1622125711757000,0,5.31541282,24.3170
1622125975631000,0,12.38917879,24.2147
1622126330227000,0,0.82206927,24.3288
1622126367174000,0,0.82152156,24.3451
1622126490463000,0,1.41609780,24.3715
1622126914193000,0,175.86217165,24.3101
1622127280799000,1,1.97279945,24.3204
1622127648359000,0,16.45774136,24.3500
1622127648466000,0,0.00000657,24.3500
1622127699721000,0,28.61033057,24.4000
1622127719410000,0,1.25679244,24.4265
1622127730642000,0,3.16666667,24.4776
1622127731933000,0,5.00000000,24.5000
1622127731933000,0,14.34327405,24.5000
1622127731933000,0,5.29520783,24.5000
1622127731933000,0,7.95503756,24.5071
1622127876170000,0,20.42718138,24.4772
1622128325208000,0,20.40283505,24.4750
1622128451432000,0,16.15073845,24.5347
1622128451559000,0,24.64823986,24.5347
1622128451789000,0,9.99999999,24.5501
1622128451794000,0,0.00000001,24.5501
1622128640693000,0,28.20164000,24.3273
1622128640693000,0,50.62817405,24.3274
1622128732717000,1,41.42664125,24.1090
1622128732717000,1,93.17066761,24.0879
1622128732917000,1,41.56956522,23.9920
1622128732917000,1,103.94368403,23.9920
1622128732917000,1,2.48675075,23.8405
1622128882843000,1,16.03741485,24.2171
1622128977356000,1,51.15308319,24.0375
1622129004028000,1,28.69322999,24.0059
1622129085485000,1,11.16178118,24.0000
1622129085505000,1,34.21910550,24.0000
1622129085657000,1,30.89994665,24.0000
1622129178756000,0,41.75989449,23.9668
1622129225724000,0,41.67593193,24.0279
1622129225724000,0,5.31811702,24.0296
1622129227075000,0,145.77307718,24.0296
1622129249733000,1,5.93324440,24.0200
1622129440840000,0,41.53029464,24.0944
1622129441038000,1,264.99754358,24.1019
1622129605654000,0,41.34599388,24.2229
1622129605654000,0,93.04875091,24.2304
1622129605656000,0,10.20880383,24.2304
1622129607238000,0,75.00000000,24.2400
1622129701850000,1,50.81635291,24.2229
1622129701850000,1,26.18919967,24.2183
1622130012686000,0,166.65222771,24.0508
1622130121704000,1,40.63522228,24.1177
1622130408623000,0,64.95815472,24.3492
1622130408837000,1,135.04184528,24.3492
1622130430652000,0,40.65407714,24.4000
1622130472102000,0,50.57592686,24.3748
1622130472102000,0,30.16177806,24.3869
1622130660727000,0,65.54299786,24.4941
1622130660727000,0,50.36612942,24.4941
1622130660727000,0,28.47815000,24.5018
1622130660727000,0,8.20190344,24.5042
1622131400850000,0,2.85436553,24.2063
1622131401104000,1,16.03741485,24.1556
1622131534340000,0,8.29644182,24.1067
1622131599687000,0,21.03925830,24.1330
1622131651750000,1,51.12153864,24.0488
1622131651750000,1,41.57742711,24.0372
1622131651750000,1,28.66293000,24.0372
1622131651750000,1,62.44984750,24.0369
1622131651750000,1,51.12034347,24.0369
1622131651750000,1,28.53802405,24.0310
1622131861395000,1,41.22459222,23.9100
1622131861395000,1,5.96300000,23.9000
1622131956854000,0,10.00000000,23.8500
1622132108444000,1,51.58814527,23.8318
1622133075297000,0,25.13525911,23.8709
1622133296467000,1,8.40625747,23.7930
1622133300400000,1,167.79276081,23.7843
1622133619898000,1,52.05439562,23.6296
1622133619898000,1,86.70599697,23.6184
1622133619898000,1,13.82878813,23.6182
1622133842076000,0,1.64943842,23.8559
1622134034799000,0,41.97674662,23.8470
1622134073844000,1,5.49074991,23.8620
1622134472394000,1,51.84201794,23.7282
1622134472394000,1,116.91500000,23.7138
1622134472394000,1,61.35097985,23.7138
1622134472394000,1,103.55234884,23.7138
1622134472394000,1,42.11986729,23.7012
1622134472394000,1,103.59224794,23.7012
1622134472394000,1,42.10654602,23.6958
1622134472394000,1,103.63215677,23.6958
1622134472394000,1,50.00000000,23.6141
1622134472394000,1,15.00000000,23.6141
1622134472394000,1,149.98883535,23.6141
1622134513871000,0,13.58770296,23.8451
1622134515896000,0,28.91815000,23.8438
1622134515896000,0,41.95956791,23.8451
1622134515896000,0,38.15297136,23.8451
1622134515896000,0,66.49375451,23.8545
1622134515896000,0,15.00000000,23.8545
1622134515896000,0,104.84852784,23.8561
1622134515896000,0,51.75190750,23.8561
1622134515896000,0,272.56190850,23.8670
1622134515896000,0,214.18205268,23.8670
1622134667890000,0,41.88586064,23.8925
1622134667890000,0,5.46577067,23.8925
1622134808056000,0,51.63184935,23.8987
1622134808056000,0,35.87881787,23.9101
1622135006917000,0,20.87219039,23.9553
1622135492385000,1,95.30906243,23.8541
1622135546070000,1,20.40283505,23.7870
1622135652680000,0,51.54144061,23.9495
1622135652680000,0,4.13902718,23.9574
1622135746490000,0,3.98298635,23.8514
1622135934415000,0,77.24777649,23.8991
1622136871789000,1,4.59370937,23.8737
1622137502261000,0,15.51142021,24.0827
1622137998387000,0,9.19839699,24.1346
1622138437875000,1,1.00000000,24.0000
1622138514817000,0,23.99157889,24.0063
1622138560479000,0,4.16497638,24.0097
1622138906154000,0,10.00000000,24.0321
1622139035749000,0,1.84687116,24.0370
1622139462780000,0,41.01757298,23.8929
1622139476458000,1,6.89879774,23.8432
1622139704626000,0,12.12174917,23.9239
1622139809424000,0,11.95133153,23.8199
1622140018831000,1,41.93942475,23.8309
1622140325336000,1,10.00000000,23.6683
1622140325694000,1,87.51066722,23.6683
1622140610699000,0,51.92173175,23.7407
1622140610699000,0,51.90075544,23.7526
1622140610699000,0,261.85203000,23.7629
1622140610699000,0,42.12094459,23.7629
1622140610699000,0,86.51931801,23.7675
1622140610699000,0,103.53167195,23.7727
1622140639986000,0,2.28601396,23.7642
1622140952660000,0,2.10247107,23.7815
1622140976869000,1,1.10247107,23.6728
1622141143127000,1,28.89629000,23.8255
1622141143127000,1,12.12128298,23.8247
1622141368499000,1,6.83867314,23.7794
1622141854493000,0,1.99975377,23.7180
1622141990802000,1,2.43573318,23.7308
1622142031345000,0,8.74746119,23.7612
1622142205161000,1,2.03974471,23.5450
1622142223074000,1,2.00000000,23.5000
1622142223074000,1,21.06297872,23.5000
1622142223194000,1,13.58770296,23.4688
1622142223820000,1,4.39956875,23.4688
1622142249669000,0,23.72012999,23.5535
1622142249694000,0,0.00000001,23.5535
1622142834157000,0,131.40846778,23.5918
1622142948655000,1,0.87685070,23.6689
1622143185926000,1,2.27045996,23.4513
1622143642756000,0,42.70398891,23.4333
1622143642756000,0,64.95213931,23.4333
1622143642756000,0,52.63557277,23.4341
1622143642756000,0,52.63057168,23.4454
1622143642756000,0,0.41987822,23.4531
1622143672295000,1,4.16497638,23.3222
1622143687017000,1,2.29959925,23.2265
1622143687592000,1,4.73266210,23.0817
1622143704994000,1,53.05644650,23.1891
1622143704994000,1,29.70315000,23.1821
1622143704994000,1,65.03925270,23.1799
1622143704994000,1,53.04737913,23.1799
1622143704994000,1,43.14153928,23.1594
1622143704994000,1,88.35819931,23.1594
1622143704994000,1,73.68302147,23.1548
1622143712039000,1,5.66605957,23.2005
1622144029665000,0,21.36635260,23.4013
1622144123668000,0,1.19639080,23.3953
1622145037219000,0,10.68698961,23.3929
1622145187638000,0,4.14163539,23.4207
1622146291771000,0,2.07072846,23.4169
1622146437675000,0,6.79224812,23.4488
1622146549992000,1,4.00000000,23.2546
1622146640372000,0,9.88944032,23.2657
1622146788913000,1,5.00000000,23.3088
1622146951661000,0,42.71758491,23.4231
1622146951661000,0,52.62190352,23.4231
1622146951661000,0,52.63583069,23.4309
1622146951661000,0,15.00000000,23.4409
1622146951661000,0,116.91500000,23.4409
1622146951661000,0,65.23013864,23.4409
1622146951661000,0,56.29304391,23.4488
1622147389365000,0,1.00000000,23.2647
1622147836606000,0,24.29663510,23.2635
1622148010772000,1,82.38581520,23.1259
1622148305752000,1,52.82013817,23.2870
1622148305752000,1,29.58872000,23.2832
1622148305752000,1,47.42964134,23.2830
1622148786409000,1,53.04589213,23.1796
1622148786409000,1,9.38794682,23.1703
1622148786423000,1,53.06646051,23.1703
1622148786423000,1,11.65057514,23.1506
1622148814019000,0,1.64142614,23.1436
1622148835624000,0,5.18502547,23.1257
1622148835677000,0,3.24064092,23.1257
1622148930570000,1,3.00000000,23.0000
1622148930847000,1,10.00000000,22.9990
1622148930847000,1,3.04824938,22.9736
1622149138475000,0,27.33349502,22.9652
1622149297557000,1,53.71154659,22.8927
1622149297557000,1,63.95472899,22.8869
1622149297557000,1,53.74035110,22.8772
1622149297557000,1,89.55252511,22.8746
1622149297557000,1,140.45434988,22.8542
1622149298101000,1,6.50000000,22.8772
1622149340834000,0,1.57362052,22.8715
1622150365831000,1,27.48874792,23.1935
1622150724205000,0,27.23864575,23.4064
1622150994359000,0,1.57362051,23.4102
1622150999729000,0,0.00000001,23.4102
1622151314240000,0,1.42526904,23.6041
1622151315317000,0,3.75975643,23.6041
1622151315872000,0,3.24064092,23.6064
1622151677140000,0,1.64142614,23.6900
1622151717174000,0,51.86658032,23.7511
1622151717174000,0,17.15351320,23.7614
1622152000492000,1,24.50682466,23.6437
1622152180118000,1,62.05716496,23.7249
1622152427500000,0,1.66070387,23.8852
1622152500627000,0,51.65638583,23.8500
1622152500627000,0,41.92885138,23.8619
1622152500627000,0,51.65638583,23.8619
1622152500627000,0,86.14885378,23.8621
1622152500627000,0,116.91500000,23.8753
1622152500627000,0,36.39803999,23.8753
1622152689599000,1,222.59544928,23.8422
1622152694152000,1,29.87457119,23.8422
1622153418000000,0,6.32292972,23.7232
1622153955230000,1,52.35040214,23.4832
1622153955230000,1,2.37699153,23.4730
1622154045432000,1,69.02009352,23.5939
1622154603969000,0,2.07072845,23.9095
1622154603971000,0,0.00000001,23.9095
1622154845272000,1,1.91326460,23.7741
1622156596497000,0,105.97576423,23.6089
1622156867976000,0,4.00000000,23.5966
1622157640884000,0,52.94142969,23.2947
1622157640884000,0,2.36633105,23.3135
1622157640884000,0,9.07534567,23.3135
1622158474011000,1,9.75199704,23.1100
1622159260273000,0,2.94095773,23.5708
1622160111432000,1,4.75095261,23.1910
1622160175102000,0,2.93217829,23.1779
1622160175255000,0,1.55232968,23.1779
1622160175653000,0,4.87259039,23.1779
1622160378006000,1,24.07499778,23.0751
1622160433722000,0,4.75095260,23.2674
1622161044895000,0,4.87259039,23.6525
1622161045440000,0,2.93217829,23.6548
1622161159971000,0,1.55232968,23.7313
1622162824320000,1,61.78654537,23.2121
1622163100180000,0,4.82507592,23.2111
1622163101304000,0,1.50783622,23.2111
1622163101674000,0,2.97259141,23.2111
1622163245947000,1,13.00000000,23.0300
1622163259635000,1,0.95418608,23.1000
1622163306103000,1,53.26677735,23.1042
1622163593460000,0,53.56873991,22.9960
1622163649987000,1,3.34135641,22.8715
1622163654582000,0,1.39911995,22.8660
1622163657282000,0,4.63569556,22.8660
1622163747741000,0,2.79891052,22.8598
1622164288217000,1,54.17559868,22.7256
1622164288219000,1,0.00000001,22.7256
1622164672858000,0,2.47802358,22.7369
1622164798817000,0,30.40984000,22.9454
1622164798817000,0,105.18270083,22.9457
1622164807831000,1,2.47802358,22.8755
1622164858261000,0,282.94790804,23.0087
1622165650297000,0,4.63569556,23.3211
1622165651305000,0,2.79891052,23.3234
1622166918361000,0,2.11161685,23.1294
1622167780244000,0,1.39911995,23.4044
1622168268780000,1,42.60708712,23.4441
1622169661870000,0,4.82507592,23.6740
1622169662372000,0,2.97259141,23.6763
1622170003995000,0,1.31092953,23.6168
1622170596699000,0,1.50783622,23.7529
1622171149474000,0,1.45140111,23.8904
1622171512103000,1,11.95133153,23.7778
1622172846963000,0,8.33476066,23.9959
1622172994555000,0,40.34042405,24.2251
1622174169242000,0,2.10072431,23.9013
1622175473015000,1,52.97112578,23.2392
1622175474638000,0,2.96912625,23.2392
1622175480252000,0,1.46304772,23.2392
1622175486943000,0,4.43217397,23.2392
1622175518708000,0,44.09570226,23.2392
1622175970718000,0,73.94394516,23.2154
1622175970735000,0,74.20562443,23.2154
1622176144589000,1,1.41505051,23.1472
1622176144604000,1,32.40517521,23.1472
1622176144916000,1,43.12804439,23.1316
1622176144920000,1,0.00000001,23.1316
1622177330022000,1,53.70539043,22.9399
1622177333108000,1,36.33952772,22.9137
1622177379845000,0,3.75320659,22.9068
1622177381637000,1,19.40232730,22.8400
1622177382740000,0,1.09138041,22.9045
1622177470598000,1,3.09640851,22.8107
1622177624610000,1,5.00000000,22.8587
1622177676557000,0,2.40608714,22.8586
1622178028819000,1,9.17021898,22.7357
1622178029650000,1,27.41635419,22.7160
1622178053939000,1,54.14870227,22.7529
1622178053939000,1,30.30949000,22.7388
1622178053939000,1,54.18716717,22.7383
1622178053939000,1,116.91500000,22.7304
1622178053939000,1,61.52807628,22.7303
1622178053939000,1,43.97858845,22.7303
1622178054034000,0,58.40000000,22.7303
1622178054046000,0,360.98013688,22.7303
1622178054131000,0,11.08837675,22.7303
1622178071379000,1,8.33476066,22.8093
1622178237200000,1,54.00765052,22.7918
1622178237200000,1,43.86090054,22.7809
1622178237200000,1,54.02783800,22.7779
1622178237200000,1,116.91500000,22.7734
1622178237200000,1,62.84029536,22.7734
1622178237200000,1,53.05183239,22.7720
1622178555401000,1,36.04308023,22.9266
1622178800962000,1,1.14151450,23.0181
1622179802109000,1,54.15205542,22.7361
1622180309721000,1,5.00000000,22.7148
1622180412143000,1,54.54940343,22.5855
1622180412566000,1,2.33266292,22.5000
1622180412641000,1,30.00000000,22.5000
1622180509279000,1,16.81205350,22.5000
1622180515442000,1,8.18794650,22.5000
1622180523105000,0,2.31111111,22.4990
1622180525018000,0,3.68904629,22.4990
1622180533072000,0,1.02226675,22.4642
1622180627370000,1,6.01051115,22.3134
1622180637960000,1,0.00000001,22.3134
1622180696895000,1,44.28425400,22.2248
1622180697239000,1,0.68478032,22.2248
1622180697239000,1,63.86147305,22.2248
1622180697454000,1,55.47991689,22.2235
1622180697454000,1,67.87797538,22.2109
1622180697454000,1,45.01802281,22.2009
1622180697454000,1,112.41520326,22.2009
1622180697454000,1,110.91199540,22.2009
1622180697454000,1,135.50684648,22.1879
1622180700674000,0,23.72013000,22.2811
1622180739410000,1,6.77155799,22.1500
1622180739441000,1,0.00000001,22.1500
1622180745553000,0,2.16704289,22.1281
1622180746088000,0,3.47629797,22.1281
1622180747159000,0,0.99421188,22.1281
1622181002736000,1,15.00000000,22.0000
1622181002736000,1,5.00000000,22.0000
1622181004859000,1,10.83826879,21.9500
1622181004859000,1,35.36085115,21.9255
1622181008077000,1,10.30168872,21.9100
1622181037713000,1,56.74583818,21.6959
1622181650920000,1,7.00000000,22.0031
1622181761729000,1,14.49169825,22.1868
1622181993870000,1,10.97703034,21.8251
1622182018884000,0,0.91683387,21.8226
1622182028789000,0,3.16186407,21.7838
1622182112340000,1,56.51693130,21.7999
1622182112349000,1,0.00000001,21.7999
1622182143125000,0,2.01835418,21.7684
1622182388151000,1,2.85436553,21.6957
1622182450666000,0,12.72741083,21.6835
1622182592224000,0,13.69340288,21.9084
1622182612585000,0,13.71738976,21.8700
1622182681134000,1,12.72740457,21.6791
1622182692128000,1,50.00000000,21.6500
1622182694486000,1,25.78604374,21.6330
1622182704023000,1,4.00000000,21.5966
1622182709375000,1,1.20000000,21.5500
1622182713797000,0,0.92853828,21.5316
1622182713829000,1,55.00000000,21.5000
1622182713829000,1,2.90000000,21.5000
1622182713829000,1,4.70000000,21.5000
1622182714023000,1,2.30752018,21.4516
1622182714023000,1,1.19247982,21.4376
1622182714030000,1,15.23450000,21.4376
1622182753239000,1,14.00000000,21.4635
1622182774673000,1,34.20163551,21.4000
1622182774673000,1,8.00000000,21.4000
1622182812551000,1,30.00000000,21.3605
1622182819803000,1,57.66794632,21.3670
1622182819803000,1,57.64879558,21.3578
1622182819803000,1,24.54490420,21.3455
1622182819803000,1,46.80977260,21.3413
1622182819803000,1,67.47418214,21.3413
1622182819803000,1,31.99786092,21.3413
1622182829273000,0,56.17106191,21.4489
1622182831865000,1,57.44098348,21.4385
1622182831865000,1,57.44098348,21.4337
1622182831865000,1,25.39274638,21.4229
1622182847524000,0,1.72712539,21.4172
1622182852169000,0,2.66141357,21.4172
1622183461712000,0,85.53611921,21.4401
1622183500285000,1,15.00000000,21.3000
1622183756838000,1,4.82749649,21.4421
1622183756857000,1,27.34282152,21.4421
1622183757033000,1,3.65504773,21.4421
1622184312247000,0,2.66141357,21.8434
1622184410887000,0,1.72712538,21.8513
1622184411088000,0,0.00000001,21.8513
1622184415721000,0,50.00000000,21.9000
1622184615198000,0,1.00000000,21.9447
1622184899634000,1,23.99157889,21.6825
1622184899698000,1,7.82329111,21.6825
1622184899698000,1,13.38602512,21.6818
1622185247725000,0,2.27148828,21.6781
1622185635079000,0,2.27187493,21.5592
1622185635973000,0,157.64988819,21.5592
1622185890032000,1,114.53479485,21.7955
1622185911225000,0,1.00000000,21.7949
1622185985566000,1,56.35406274,21.8303
1622185985566000,1,56.33289420,21.8226
1622185985566000,1,12.74063686,21.8181
1622186156109000,0,0.92853828,22.0521
1622186553838000,1,15.00000000,22.0409
1622186588042000,1,157.87783703,22.0409
1622186831071000,1,2.30752018,21.9006
1622186879097000,1,3.96934982,21.9185
1622187135915000,1,8.55102056,21.9123
1622187471485000,0,1.89427659,21.9368
1622187495922000,1,1.80000000,21.9123
1622187526713000,1,10.00000000,21.8400
1622187994691000,0,2.29599404,21.7771
1622187998838000,0,0.91885682,21.7728
1622188393907000,0,23.72012999,21.8872
1622188807395000,1,24.67433615,21.9714
1622188881083000,0,27.38490580,21.9099
1622189908742000,0,55.79159915,22.0855
1622189908860000,1,372.09196290,22.0901
1622189908885000,1,55.79159915,22.0901
1622189909025000,1,15.99194061,22.0901
1622189909145000,1,37.63463305,22.0901
1622189909428000,1,39.92283431,22.0901
1622189960953000,0,21.74611456,22.0901
1622189960953000,0,15.89095500,22.0901
1622189960953000,0,55.80143428,22.0969
1622189960953000,0,7.03909799,22.0982
1622190028848000,1,10.00000000,22.0000
1622190038124000,0,18.81669690,21.9866
1622190215189000,1,25.00000000,21.9075
1622190442045000,1,10.00000000,21.9373
1622190613774000,1,2.63974471,21.9439
1622190770130000,1,55.81721104,22.0221
1622190770130000,1,31.28387000,22.0143
1622190770130000,1,116.91500000,22.0143
1622190770130000,1,230.19282000,22.0143
1622190770130000,1,55.83939454,22.0140
1622190770130000,1,87.95500000,22.0066
1622190770130000,1,45.42458929,22.0065
1622190770130000,1,67.77605197,22.0065
1622190770130000,1,18.35719845,22.0004
1622190899990000,1,10.00000000,21.9837
1622190947078000,0,1.00000000,22.0132
1622191042437000,0,2.23729297,22.0405
1622191183934000,0,45.32125307,22.0792
1622191183934000,0,31.31232000,22.0792
1622191183934000,0,8.95481733,22.0798
1622191233926000,1,45.38879000,22.0033
1622191233926000,1,45.36608348,22.0033
1622191672576000,1,2.63974471,21.8760
1622192116122000,1,47.84169928,21.5000
1622192116323000,1,28.39411467,21.5000
1622192116323000,1,1.00000000,21.5000
1622192116656000,1,27.38490580,21.4339
1622192189750000,1,0.99000000,21.3637
1622192198133000,0,0.93663375,21.3456
1622192202419000,0,2.57664343,21.3456
1622192203874000,0,2.99827740,21.2780
1622192210861000,1,10.00000000,21.1535
1622192210869000,1,46.85743277,21.1318
1622192216554000,1,5.00000000,21.1111
1622192262113000,0,332.41714121,21.1707
1622192264299000,1,75.45879000,21.1253
1622192264299000,1,66.33009534,21.1253
1622192264299000,1,25.00000000,21.1000
1622192264299000,1,3.22280256,21.0100
1622192264299000,1,4.12071428,21.0000
1622192264299000,1,10.00000000,21.0000
1622192264299000,1,2.00000000,21.0000
1622192264299000,1,58.19759782,20.7745
1622192264825000,1,58.20052112,21.1692
1622192264825000,1,58.20052112,21.1587
1622192264825000,1,97.00086852,21.1480
1622192264825000,1,52.88158595,21.1374
1622192264877000,1,10.00000000,21.1374
1622192373899000,1,7.50000000,21.2449
1622192550286000,1,6.50342833,21.0254
1622192557761000,1,31.34146989,21.0244
1622192600878000,1,58.44769014,21.0316
1622192600878000,1,5.67104003,21.0168
1622192600879000,1,91.71158439,21.0168
1622192600879000,1,38.94497393,21.0122
1622192604036000,0,47.67126857,21.0252
1622192604038000,0,0.00000001,21.0252
1622192609265000,1,58.56233844,20.9772
1622192609265000,1,20.15718460,20.9622
1622192636847000,0,0.95457583,20.9510
1622192637235000,0,2.71918154,20.9510
1622192638771000,1,32.96265000,20.8949
1622192638771000,1,66.39060348,20.8946
1622192638771000,1,58.89097636,20.8800
1622192638771000,1,58.89844158,20.8665
1622192638771000,1,47.91279956,20.8510
1622192638771000,1,19.77538219,20.8510
1622192644733000,1,45.19361802,20.9339
1622192676317000,1,11.94511935,20.9495
1622192697060000,0,1.42244475,21.0905
1622192749626000,0,1.00000000,21.0909
1622192767919000,1,3.39515930,21.0584
1622192797777000,1,9.48848863,21.1472
1622192817788000,1,42.80397455,21.1112
1622192830144000,1,47.42409325,21.0627
1622192837257000,0,2.18395449,21.0269
1622192841447000,1,58.71275633,20.9267
1622192886414000,1,58.72687149,20.9333
1622192886414000,1,36.21904617,20.9229
1622192969647000,0,58.97703292,20.9077
1622192969653000,0,0.00000001,20.9077
1622192970871000,1,39.40696830,20.8550
1622192971929000,1,19.53845537,20.8550
1622192971929000,1,33.04555000,20.8476
1622192974378000,1,19.53844944,20.8476
1622192974378000,1,49.95674604,20.8432
1622192974846000,1,37.99825396,20.8432
1622192974846000,1,11.95849208,20.8432
1622193331722000,1,58.45141198,21.0068
1622193336137000,1,58.48961633,20.9945
1622193348113000,1,58.50489025,21.0071
1622193416129000,1,26.93816601,21.0543
1622193764911000,1,56.42243751,20.9012
1622193793009000,0,4.77096505,20.9601
1622193887069000,1,59.15114964,20.7967
1622193901635000,1,6.26476059,20.8056
1622193907242000,0,5.05485780,20.8355
1622193978066000,0,48.29873340,20.7506
1622193978182000,1,59.29379586,20.7254
1622193983597000,1,45.25898983,20.7254
1622194033085000,1,11.28350939,20.5561
1622194033746000,1,70.00000000,20.5561
1622194038250000,1,59.34339519,20.7069
1622194038250000,1,59.35488911,20.7020
1622194038250000,1,16.30135696,20.7017
1622194039167000,1,59.34339519,20.7069
1622194039167000,1,59.35488911,20.7020
1622194039167000,1,46.29239094,20.7017
1622194112226000,0,2.02882281,20.6953
1622194151854000,1,43.76568505,20.6812
1622194230278000,1,7.07905770,20.6807
1622194331079000,1,58.95485087,20.8392
1622194331079000,1,116.91500000,20.8146
1622194331079000,1,117.86867081,20.8146
1622194331079000,1,17.72578412,20.8109
1622194666543000,0,213.40000000,21.0200
1622194787104000,0,55.00000000,21.0900
1622194793993000,0,2.02882281,21.1136
1622194793993000,0,58.37012286,21.1227
1622194793993000,0,6.26803253,21.1232
1622195141277000,1,1.41075344,21.2135
1622195180606000,0,2.71918154,21.3814
1622195198647000,0,0.95457583,21.4506
1622195293714000,0,1.40941033,21.3990
1622195302839000,0,2.18395448,21.4819
1622195302840000,0,0.00000001,21.4819
1622195398712000,0,62.75604973,21.5851
1622195398712000,0,57.09308145,21.5879
1622195398712000,0,57.07292291,21.5943
1622195398712000,0,15.00000000,21.5993
1622195398712000,0,114.30404466,21.5994
1622195398712000,0,50.00000000,21.6174
1622195398712000,0,49.45863620,21.6174
1622195434503000,0,57.01724349,21.6076
1622195434503000,0,32.60225300,21.6170
1622195542641000,1,10.00000000,21.6100
1622195686700000,1,25.00000000,21.5000
1622195867883000,0,2.32925077,21.4661
1622195927054000,0,13.30587042,21.5078
1622195935559000,1,14.76986220,21.3822
1622196075280000,0,5.54132694,21.3318
1622196075834000,1,2.50000000,21.2920
1622196318177000,1,39.92283327,21.4635
1622196318267000,1,132.67571999,21.4635
1622196416462000,0,57.96610150,21.2826
1622196416462000,0,15.43478094,21.3008
1622196487359000,0,58.18815047,21.2050
1622196487359000,0,41.81184953,21.2161
1622196490469000,0,2.12102773,21.2050
1622196526380000,0,58.26243315,21.1825
1622196526495000,1,4.14079058,21.1829
1622197060643000,0,2.02506694,21.3696
1622198201962000,0,1.28325377,21.4299
1622198606096000,1,67.16144129,21.5470
1622198981160000,1,1.47959959,21.4018
1622199075158000,0,4.14500845,21.4340
1622199521502000,0,15.00000000,21.4247
1622199610978000,1,116.84107014,21.3745
1622199628731000,0,0.93613937,21.3643
1622199849575000,0,1.14334158,21.5093
1622200082848000,0,5.00000000,21.4000
1622200207106000,0,1.00000000,21.3887
1622200457491000,0,5.00000000,21.3200
1622201382650000,1,4.67954257,21.0000
1622201382664000,1,0.00000001,21.0000
1622201382793000,1,7.75362169,20.9252
1622201406512000,0,31.79655490,21.0000
1622202068084000,1,1.99999999,20.9745
1622202068107000,1,0.00000001,20.9745
1622202070390000,0,2.57142857,20.9562
1622202205916000,0,0.95484914,20.9122
1622202349816000,0,1.96057616,20.8927
1622202496955000,0,1.00000000,20.8329
1622202613835000,1,59.53560045,20.7100
1622202613835000,1,30.08389604,20.6975
1622202666495000,1,60.00464933,20.5472
1622203582481000,0,120.40617074,21.1379
1622203991903000,0,1.96057616,21.3284
1622203997978000,0,2.57142856,21.4200
1622203998549000,0,0.00000001,21.4200
1622204074750000,0,2.12102773,21.6383
1622204201650000,0,22.12509604,21.6682
1622204225682000,0,57.28331609,21.6065
1622204225682000,0,54.16084858,21.6065
1622204240730000,0,4.45534016,21.5882
1622204441936000,0,57.23127661,21.6093
1622204680302000,0,2.57664342,21.7704
1622204680318000,0,0.00000001,21.7704
1622204680318000,0,2.99827740,21.7725
1622204684720000,0,0.93663375,21.8615
1622204690970000,0,0.95484914,21.9327
1622204705411000,0,4.67954257,22.0500
1622204744948000,0,56.33630000,21.9561
1622204782027000,0,56.01585551,22.0950
1622204782027000,0,55.98459857,22.1066
1622204885730000,1,31.40971000,22.0291
1622204885730000,1,94.93656176,22.0265
1622205125963000,1,114.01973559,22.0100
1622205267952000,0,31.41830999,22.0004
1622205296836000,1,115.59216576,21.8895
1622205357636000,0,48.67340633,22.0017
1622205857871000,0,1.00000000,22.0741
1622205904171000,0,55.81230000,22.1932
1622205905742000,0,15.79040978,22.2359
1622205905742000,0,2.01835418,22.2359
1622206209315000,0,9.00240319,22.2163
1622206304564000,0,3.16186407,22.2568
1622206313484000,0,0.91885682,22.2845
1622206319570000,0,0.91683387,22.3336
1622206374412000,1,4.76071452,22.2845
1622206675534000,0,366.17742187,22.5000
1622206676369000,0,211.04714730,22.5000
1622206861252000,0,3.47629797,22.5908
1622206861794000,0,2.16704289,22.5930
1622206871704000,0,0.99421188,22.6437
1622206884054000,1,38.79754959,22.6950
1622206890410000,0,7.99999999,22.7000
1622206890411000,0,0.00000001,22.7000
1622207059990000,0,3.68904629,22.9468
1622207068657000,0,2.31111111,22.9500
1622207068657000,0,10.83826879,22.9500
1622207314350000,0,54.11325000,22.8865
1622207314350000,0,9.16251547,22.9011
1622207475315000,0,54.45689772,22.7318
1622207475315000,0,30.36074000,22.7425
1622207475315000,0,54.43312213,22.7428
1622207475315000,0,37.51213959,22.7539
1622207475315000,0,90.80622421,22.7539
1622207475315000,0,90.74725914,22.7581
1622207475315000,0,43.95265513,22.7591
1622207475315000,0,60.58029361,22.7591
1622207475315000,0,445.98768076,22.7649
1622207475315000,0,48.87869090,22.7649
1622207664073000,0,24.44614446,22.8611
1622207680696000,0,54.12716779,22.8702
1622207680696000,0,15.91811593,22.8815
1622207717442000,0,11.25133760,22.7325
1622207789069000,1,332.51427000,22.7543
1622207798263000,1,71.31891112,22.7325
1622207830515000,0,20.00000000,22.7451
1622207956258000,0,2.19524317,22.7765
1622208078153000,0,23.72013000,22.8169
1622208078153000,0,54.24655070,22.8209
1622208495480000,0,5.00000000,22.7200
1622208572332000,0,361.24055226,22.8000
1622208572874000,0,138.75944774,22.8000
1622208583827000,1,8.35784009,22.7726
1622209297064000,1,1.24469950,22.9135
1622209643074000,0,4.38501674,22.8049
1622209659885000,1,267.67942317,22.8229
1622210146419000,0,10.75316761,22.9958
1622210146427000,0,43.01763428,22.9958
1622210147103000,0,1.02226675,23.0233
1622211027687000,1,5.91187777,22.9291
1622211107736000,0,5.62645789,22.9612
1622211311750000,1,70.04528372,22.7361
1622211738813000,0,4.41632131,22.6433
1622211739398000,1,2.50000000,22.5930
1622211758637000,0,5.00000000,22.6319
1622212112522000,1,11.35459784,22.5885
1622212275676000,1,54.23839999,22.7007
1622212275676000,1,66.02020174,22.6791
1622212275676000,1,9.74139827,22.6783
1622212953092000,0,1.10545315,22.6152
1622213253349000,0,30.61780260,22.6523
1622213817258000,1,6.79224812,22.6012
1622213930149000,0,15.00000000,22.4000
1622214081853000,1,44.61356768,22.3864
1622214250798000,0,3.12689847,22.3738
1622214252174000,0,0.89435044,22.3738
1622214252300000,0,2.77110082,22.3738
1622215965954000,0,30.73285718,22.7361
1622216255969000,0,1.51631040,22.7617
1622216291166000,1,4.72373877,22.7324
1622216318180000,1,1.18093469,22.7208
1622216493534000,0,2.77110082,22.8190
1622216494055000,0,3.12689847,22.8341
1622216501315000,0,62.69050818,22.8871
1622216915132000,0,6.35573929,22.7346
1622217541451000,0,28.83599969,22.8726
1622217550414000,0,2.31618000,22.8789
1622217812846000,0,51.57154997,22.9813
1622217813919000,0,10.25612932,22.9813
1622218400603000,1,4.92357727,22.4506
1622218400610000,1,0.00000001,22.4506
1622218614006000,0,4.92357729,22.5241
1622218713368000,1,51.24335221,22.3767
1622218749541000,1,38.79754959,22.2608
1622218767036000,0,2.42579101,22.2594
1622218994595000,0,2.83026370,22.2527
1622219785006000,0,5.00000000,22.4033
1622220321538000,0,111.44416467,22.4000
1622221132707000,1,5.03570097,22.0238
1622221333293000,1,116.91500000,21.8311
1622221333293000,1,63.93590976,21.8311
1622221333293000,1,56.27140047,21.8223
1622221333293000,1,45.82867052,21.8074
1622221333293000,1,25.45167868,21.8074
1622221386943000,0,5.03570097,22.0019
1622221474144000,0,364.24003819,22.1580
1622221560159000,0,45.37671809,22.2579
1622221583021000,0,2.63974470,22.1540
1622221583359000,0,0.00000001,22.1540
1622221677588000,1,55.19881763,22.2518
1622221677879000,0,58.40000000,22.2447
1622221677904000,0,33.22297641,22.2447
1622221685352000,0,40.34042405,22.3104
1622222230999000,0,4.47033263,22.3697
1622222368122000,0,40.44103605,22.2549
1622222368253000,1,5.62645789,22.1802
1622222713118000,1,40.44103605,22.3313
1622223307998000,0,55.16422165,22.3243
1622223307998000,0,55.17515829,22.3328
1622223307998000,0,44.79456005,22.3360
1622223307998000,0,68.75670105,22.3360
1622223815260000,0,40.33920487,22.3877
1622225288307000,0,45.10780267,22.1824
1622225288307000,0,40.18539789,22.1824
1622225422545000,0,9.03632420,22.1340
1622225902220000,1,2.68518900,21.8967
1622225902761000,1,9.03632420,21.9075
1622226351105000,1,9.99530972,22.1046
1622226450299000,0,5.85210543,22.1681
1622226592200000,0,38.08697960,22.1532
1622226601635000,1,1.50434000,22.0839
1622227371720000,0,44.75000000,22.3642
1622228325993000,0,54.79845635,22.4883
1622228325993000,0,29.30635905,22.4965
1622228325993000,0,116.91500000,22.4965
1622228325993000,0,44.47917458,22.4965
1622228325993000,0,107.34369372,22.4965
1622228408023000,0,1.22510366,22.4471
1622228583847000,0,1.53583450,22.4326
1622228956496000,1,5.85210543,22.4033
1622229621525000,1,1.65780738,22.3005
1622229648265000,1,6.99196239,22.2255
1622231023479000,1,3.25987868,22.1518
1622231618714000,0,1.57167000,22.2087
1622231653312000,1,2.64000000,22.1500
1622232565902000,0,8.95368972,22.3372
1622232582185000,0,46.23251083,22.3372
1622232582185000,0,92.02640455,22.3458
1622232582185000,0,17.14422005,22.3483
1622232582185000,0,34.84613398,22.3483
1622233963878000,1,40.48658112,22.1768
1622234078815000,0,22.71568772,22.0112
1622234175747000,1,4.02778351,21.8674
1622234384833000,0,2.46943164,21.8499
1622234385304000,0,2.74381293,21.8499
1622234392347000,0,0.91579283,21.7769
1622234443903000,1,83.20000000,21.6854
1622234604653000,1,46.20733292,21.6157
1622234604653000,1,87.76804978,21.6157
1622234609599000,1,27.05495662,21.5949
1622234649051000,1,2.51059405,21.5995
1622235069066000,1,40.33920487,21.4371
1622235132716000,0,2.23911301,21.4253
1622235135844000,0,2.56705617,21.4149
1622235169133000,0,6.11514817,21.4402
1622235315418000,1,52.05110842,21.4249
1622235452426000,1,11.91678079,21.2088
1622235452890000,1,46.12423758,21.2088
1622235452890000,1,58.04101837,21.1983
1622235452890000,1,66.09397337,21.1960
1622235452890000,1,96.73503061,21.1875
1622235452890000,1,47.22123789,21.1655
1622235452890000,1,118.01680263,21.1655
1622235452890000,1,115.99529515,21.1655
1622235452890000,1,87.95500000,21.1520
1622235452890000,1,116.04606735,21.1520
1622235452890000,1,205.48704024,21.0287
1622235545015000,1,175.00171222,21.3173
1622235556609000,0,32.08104000,21.3110
1622235556609000,0,41.71446626,21.3136
1622235573168000,0,32.45927000,21.3093
1622235573168000,0,22.94592106,21.3093
1622235736226000,0,35.20863758,21.2004
1622235746518000,0,0.94385234,21.1913
1622235782492000,1,32.67905000,21.0797
1622235782492000,1,12.69766809,21.0760
1622235786862000,0,100.00000000,21.1092
1622235876946000,1,32.56119000,21.1560
1622235876946000,1,37.36897536,21.1538
1622236135292000,0,47.29168578,21.1760
1622236135483000,1,10.96289028,21.1760
1622236257903000,1,10.00000000,21.0000
1622236340298000,1,50.00000000,21.0395
1622236476340000,0,2.18635959,21.0391
1622236477322000,0,1.85365269,21.0391
1622236923094000,1,32.85094000,20.9694
1622236925325000,1,117.33274330,20.8919
1622236925325000,1,117.36574645,20.8817
1622236925325000,1,104.71255737,20.8674
1622237114098000,1,1.00000000,20.7000
1622237114542000,1,59.49292181,20.6456
1622237114542000,1,48.32384287,20.6411
1622237114542000,1,118.88235192,20.6321
1622237114542000,1,30.21713101,20.5000
1622237181947000,1,4.02778352,20.6803
1622237203912000,1,67.56859948,20.6722
1622237203912000,1,59.44874572,20.6702
1622237203912000,1,87.95500000,20.6603
1622237203912000,1,48.35178602,20.6603
1622237203912000,1,59.43274620,20.6602
1622237203912000,1,82.92785753,20.6449
1622237278803000,0,1.74376954,20.6184
1622237280789000,0,0.96924523,20.6184
1622237282422000,0,1.98851415,20.6184
1622237423127000,0,9.64380137,20.7387
1622237532758000,0,1.00000000,20.8209
1622237735547000,1,49.85675194,20.7681
1622237747316000,0,36.09498467,20.7785
1622239134312000,0,9.48094931,20.7595
1622239395517000,1,65.75939272,20.8548
1622239449176000,0,33.26796000,20.8939
1622239449176000,0,66.57508244,20.8947
1622239449452000,1,286.10384751,20.9000
1622239630512000,0,1.98851415,21.0308
1622239772146000,0,1.74376954,21.0558
1622239797494000,0,2.06720160,21.0816
1622239961629000,0,58.33665899,21.1471
1622239961629000,0,47.29917334,21.1565
1622239961629000,0,58.31500384,21.1565
1622239961629000,0,65.31378832,21.1656
1622239961629000,0,21.13827299,21.1694
1622240070665000,0,116.91500000,21.1791
1622240070665000,0,278.83684568,21.1791
1622240237611000,0,58.16112853,21.2022
1622240237611000,0,15.28057938,21.2148
1622240237615000,0,31.89269730,21.2148
1622240237615000,0,58.16233223,21.2148
1622240237615000,0,22.85896006,21.2279
1622240237615000,0,24.50646241,21.2279
1622240237615000,0,93.32853311,21.2279
1622240237615000,0,44.09191889,21.2294
1622240378457000,1,31.89269729,21.1891
1622240378800000,1,0.00000001,21.1891
1622240585886000,0,4.71940984,20.9141
1622240748026000,1,21.51661009,20.7103
1622240748043000,1,37.91560975,20.7103
1622240782739000,0,1.73826718,20.6880
1622240784005000,0,1.93140798,20.6880
1622243089217000,1,2.46688466,20.8581
1622243181825000,1,32.96329000,20.8979
1622243181825000,1,15.38962076,20.8969
1622243196347000,1,15.91818651,20.9285
1622243269946000,1,11.69982000,20.9787
1622243269946000,1,35.26878861,20.9787
1622243287347000,1,46.33794000,21.0031
1622243287347000,1,58.59656293,21.0031
1622243590787000,0,2.38046155,21.0043
1622244043186000,0,1.73826718,21.1224
1622244043705000,0,1.93140798,21.1245
1622244415909000,1,6.93607231,21.0741
1622244968884000,1,82.17001581,21.3362
