timestamp ms,type,amount,price
1627344320617000,0,1.28000000,15.7195
1627344861269000,1,6.25000000,15.6160
1627344870536000,0,1.28138136,15.6087
1627344891309000,0,1.28198147,15.5983
1627345175357000,0,2.48121022,15.6694
1627345175357000,0,13.64288944,15.6733
1627345177086000,0,6.25000000,15.6577
1627345239352000,0,413.66245236,15.7359
1627345241551000,0,2.50188935,15.7543
1627345241551000,0,2.50475227,15.7582
1627345241551000,0,26.88993801,15.7588
1627347312430000,0,2.43639123,15.7702
1627347312430000,0,0.23506439,15.7726
1627348028674000,1,99.05726150,15.6555
1627348304567000,1,27.11011711,15.6083
1627348304567000,1,108.26189999,15.6070
1627348701228000,1,1.40000000,15.5340
1627348706481000,1,1.61290322,15.5000
1627348706481000,1,64.00000000,15.5000
1627348706481000,1,242.26838709,15.5000
1627348768936000,1,7.62457760,15.4448
1627348781089000,0,1.81290908,15.4430
1627348786056000,0,6.25000000,15.4341
1627348972490000,1,6.25000000,15.4285
1627349014595000,0,27.47683481,15.4182
1627349035965000,1,109.88170000,15.3860
1627349224307000,1,27.45512175,15.4083
1627349224307000,1,73.70550066,15.3998
1627349224307000,1,8.62061525,15.3998
1627349224307000,1,49.25941925,15.3913
1627349224534000,1,6.25000000,15.3913
1627349227890000,1,2.52924872,15.3567
1627349227890000,1,2.40572459,15.3567
1627349227890000,1,2.42137665,15.3562
1627349231914000,1,2.57415189,15.3557
1627349231914000,1,2.41156261,15.3557
1627349231914000,1,2.47360456,15.3550
1627349243674000,0,1.30316028,15.3516
1627349252176000,1,95.44949447,15.3395
1627349954535000,1,6.25000000,15.2580
1627349954608000,1,27.69980259,15.2630
1627349954725000,0,89.21519741,15.2630
1627349954768000,1,27.69979622,15.2630
1627350992045000,1,80.19893688,15.3370
1627352222110000,1,2.42406597,15.3471
1627352223815000,1,2.52896207,15.3398
1627352224334000,1,92.13896223,15.3379
1627352229713000,1,18.42469940,15.2966
1627352235162000,1,2.49343639,15.2475
1627352235162000,1,2.54197360,15.2452
1627352237287000,1,36.26295988,15.2276
1627353637845000,1,5.00000000,15.1000
1627353640105000,0,1.65562914,15.0984
1627353835229000,0,1.32530775,15.0867
1627353903212000,1,2.55133756,15.0695
1627353903212000,1,2.52189346,15.0691
1627353903212000,1,2.51929257,15.0658
1627353903212000,1,2.58793043,15.0627
1627353903212000,1,74.12254298,15.0620
1627353936784000,0,431.04661396,15.0975
1627353938420000,0,2.40344247,15.1140
1627353938420000,0,2.56432312,15.1177
1627353938420000,0,28.03785226,15.1201
1627353938420000,0,2.44440665,15.1217
1627353938420000,0,81.78851320,15.1253
1627353939355000,0,2.36207891,15.1238
1627353939355000,0,2.40344247,15.1253
1627353939355000,0,96.79915287,15.1285
1627353939355000,0,152.46732678,15.1286
1627353939938000,0,2.40139305,15.1157
1627353939938000,0,6.25000000,15.1173
1627353939938000,0,28.03785226,15.1201
1627353958243000,0,6.25000000,15.1082
1627354315789000,0,6.25000000,15.1304
1627354632731000,0,2.48896825,15.1041
1627354632731000,0,1.45728781,15.1057
1627354875457000,0,8.28603663,15.0320
1627355629456000,0,2.41571708,15.2050
1627355629456000,0,0.58428292,15.2064
1627355964530000,0,6.25000000,15.2202
1627355970148000,0,6.25000000,15.2202
1627356713103000,1,6.25000000,15.2722
1627357692279000,0,2.43445744,15.3027
1627357692279000,0,4.01516576,15.3045
1627358243443000,0,2.43653876,15.2774
1627358243443000,0,2.59348769,15.2797
1627358243443000,0,36.21146736,15.2850
1627358501845000,0,3.21067887,15.2582
1627358621730000,0,27.74321826,15.2819
1627358621730000,0,110.81980000,15.2870
1627358621730000,0,2.54010416,15.2920
1627358621730000,0,2.56461231,15.2959
1627358621730000,0,83.23968997,15.2965
1627358621730000,0,12.00000000,15.2966
1627358621730000,0,65.40522434,15.3019
1627358621730000,0,2.35906306,15.3019
1627358621730000,0,15.95943736,15.3025
1627358622690000,0,27.74321826,15.2819
1627358652898000,1,2.44205656,15.2806
1627358652898000,1,2.54030089,15.2769
1627358652898000,1,2.53878225,15.2768
1627358652898000,1,4.78916944,15.2730
1627359232180000,0,1.32530775,15.4003
1627359678540000,0,6.25000000,15.3568
1627359779954000,1,6.25000000,15.3500
1627359795412000,1,0.27000000,15.3500
1627360266940000,0,27.76558089,15.2718
1627360266940000,0,83.30393465,15.2772
1627360712961000,1,22.27531622,15.3003
1627361066938000,0,2.59858399,15.3397
1627361066938000,0,0.66060398,15.3474
1627361571971000,0,9.01762304,15.3776
1627361639366000,0,9.70915891,15.3725
1627361929419000,0,5.53981317,15.3438
1627362232738000,1,27.63511264,15.3463
1627362239795000,0,6.25000000,15.3485
1627362296754000,0,27.59680334,15.3677
1627362296754000,0,2.47506926,15.3693
1627362296754000,0,2.52876166,15.3724
1627362296754000,0,2.61422993,15.3765
1627362296754000,0,82.82535623,15.3778
1627362296754000,0,116.91500000,15.3819
1627362296754000,0,443.11111351,15.3819
1627362831385000,0,6.65477963,15.3177
1627362965968000,0,6.52419137,15.3276
1627363007785000,0,6.25000000,15.3312
1627363863681000,0,2.56461036,15.4357
1627363863681000,0,2.43538964,15.4367
1627364215866000,0,3.39970747,15.4399
1627364551771000,0,27.53706318,15.4011
1627364674664000,0,6.25000000,15.3930
1627364714083000,1,6.25000000,15.4020
1627364740659000,0,6.25000000,15.4254
1627364825578000,0,21.81107265,15.4265
1627364835601000,0,2.58120735,15.4224
1627364835601000,0,5.67965200,15.4265
1627364835601000,0,2.46359972,15.4267
1627365104383000,0,1.65562914,15.4654
1627365450904000,0,27.38716073,15.4871
1627365450904000,0,52.01246223,15.4938
1627365627818000,0,21.96396417,15.5168
1627365916684000,1,27.51887180,15.4112
1627365917260000,1,1.94955562,15.4112
1627365918062000,1,27.51887180,15.4112
1627365921330000,0,6.25000000,15.4163
1627365924135000,0,6.25000000,15.4224
1627366252621000,0,3.80247717,15.4659
1627366361216000,0,7.34340035,15.4547
1627366730560000,0,2.49499923,15.4767
1627366730560000,0,0.94037879,15.4802
1627367084965000,0,8.28217539,15.4775
1627367349297000,0,2.51951304,15.5148
1627367696153000,0,1.60565808,15.4896
1627367800661000,0,2.43668422,15.4812
1627367800661000,0,0.93384166,15.4815
1627368103034000,0,2.45843669,15.4995
1627368103034000,0,0.79039934,15.5000
1627368155104000,0,6.42888782,15.4959
1627368439924000,0,6.53911604,15.4354
1627368537391000,1,301.58053828,15.4112
1627368602885000,1,3.73672514,15.3789
1627368859497000,1,27.60322530,15.3810
1627368859588000,1,82.54347470,15.3810
1627369235298000,0,3.27911489,15.4459
1627370439582000,0,27.36757573,15.5260
1627370439582000,0,82.11022819,15.5326
1627370439582000,0,13.92535880,15.5329
1627370439582000,0,102.35623933,15.5344
1627370467758000,0,27.35853237,15.5315
1627370467758000,0,82.10656966,15.5335
1627370467758000,0,380.64032887,15.5344
1627370492665000,0,3.25738226,15.5344
1627371064617000,0,27.52093414,15.4370
1627371064617000,0,37.24231116,15.4437
1627371065230000,1,2.52878851,15.4204
1627371065230000,1,0.68189036,15.4148
1627371412021000,0,1.62392237,15.4379
1627371587562000,0,16.18448409,15.4537
1627371715110000,0,1.94261137,15.4431
1627371920418000,0,1.61111541,15.4348
1627372091848000,0,6.25000000,15.4015
1627372091861000,0,21.33889521,15.4015
1627372091902000,0,15.63167332,15.4170
1627372091902000,0,101.22534235,15.4199
1627372091902000,0,554.04298433,15.4215
1627372092146000,0,23.45323587,15.4857
1627372092195000,0,30.81120000,15.4857
1627372586430000,0,6.25000000,15.5891
1627372892109000,0,16.57713493,15.6147
1627373038613000,1,6.25000000,15.5610
1627373643728000,1,6.25000000,15.6321
1627373724836000,0,1.30316028,15.6621
1627373950699000,0,2.40588330,15.6676
1627373950699000,0,36.31885342,15.6680
1627373951187000,0,36.31885342,15.6680
1627374340259000,0,6.25000000,15.6491
1627375355436000,1,2.06502448,15.6015
1627376511545000,1,2.41824552,15.6463
1627376511545000,1,2.48328404,15.6431
1627376511545000,1,27.13567444,15.6416
1627376511545000,1,2.54475359,15.6371
1627376511545000,1,116.91500000,15.6361
1627376511545000,1,81.38165229,15.6361
1627376511545000,1,91.09989579,15.6330
1627376511545000,1,2.54930320,15.6325
1627376511545000,1,32.04002863,15.6300
1627376899683000,1,9.57420664,15.6661
1627377344753000,0,2.41709074,15.6570
1627377344753000,0,27.12726656,15.6614
1627377344753000,0,2.51376931,15.6674
1627377344753000,0,2.57380475,15.6721
1627377344753000,0,46.31888623,15.6753
1627377362131000,1,6.25000000,15.6437
1627377362296000,1,29.88711735,15.6437
1627378036028000,0,6.25000000,15.7000
1627378090425000,0,0.27000000,15.7000
1627378307851000,0,6.25000000,15.7496
1627378433243000,0,2.49191408,15.7443
1627378433243000,0,2.51072472,15.7480
1627378433243000,0,26.97214910,15.7490
1627378433243000,0,2.42309590,15.7532
1627378433243000,0,21.24034101,15.7550
1627378886931000,0,2.06502448,15.8000
1627378909495000,0,2.50849823,15.7950
1627378909495000,0,107.47810000,15.8010
1627378909495000,0,26.88903858,15.8011
1627378909495000,0,15.63549022,15.8102
1627378909495000,0,12.44325438,15.8102
1627379011076000,0,1.81290908,15.8186
1627379068420000,1,2.13529000,15.8315
1627379131834000,0,2.56140361,15.8487
1627379131834000,0,0.59686479,15.8524
1627379193894000,1,6.25000000,15.8591
1627379196703000,1,26.79349911,15.8591
1627379196843000,1,226.82384544,15.8591
1627380037531000,0,6.25000000,15.7722
1627381750526000,0,1.90093623,15.8080
1627382449603000,0,2.53106730,15.8438
1627382449603000,0,2.34853322,15.8449
1627382824011000,0,1.98928487,15.8626
1627383604618000,1,26.73859379,15.8602
1627383604618000,1,106.77600000,15.8550
1627383604618000,1,2.53436131,15.8495
1627383604618000,1,28.90542631,15.8480
1627383775194000,1,26.76210485,15.8468
1627383775194000,1,54.18871274,15.8435
1627384549535000,0,2.42592762,15.8474
1627384549535000,0,26.80005360,15.8485
1627384549535000,0,107.00770000,15.8490
1627384550015000,0,26.80005360,15.8485
1627384550015000,0,106.85190000,15.8490
1627384636424000,0,6.25000000,15.8760
1627384655681000,0,100.45820000,15.8760
1627385309820000,0,2.52057167,15.8420
1627385309820000,0,16.41454305,15.8438
1627385459487000,0,2.47885209,15.8532
1627385459487000,0,10.46163845,15.8553
1627385732090000,0,1.25730257,15.9071
1627385905495000,0,1.28138136,15.9283
1627385990183000,0,1.61290322,15.9650
1627386201144000,1,2.00000000,15.9724
1627386531515000,0,1.40000000,16.0000
1627386531515000,0,6.25000000,16.0000
1627386531515000,0,29.88711735,16.0000
1627387010739000,0,6.25000000,16.0983
1627387612331000,1,6.25000000,15.9889
1627387631353000,1,26.51472454,15.9889
1627387631651000,1,144.23961533,15.9889
1627387640706000,0,1.96710804,15.9792
1627388208769000,0,6.25000000,16.0025
1627388768667000,0,2.53431972,16.0349
1627388768667000,0,2.43398486,16.0382
1627388768667000,0,26.41348986,16.0429
1627388768738000,1,6.25000000,16.0429
1627388768777000,1,26.41348986,16.0429
1627388769692000,1,528.46305632,16.0429
1627388770253000,1,26.42515577,16.0429
1627388770300000,1,68.07447971,16.0429
1627389419082000,0,1.96710804,16.1000
1627389596190000,0,6.25000000,16.1483
1627389757542000,0,2.02792581,16.1584
1627389991514000,1,6.25000000,16.1168
1627390136284000,0,18.52766798,16.1920
1627390225142000,0,104.72452701,16.2078
1627390358378000,0,26.13863745,16.2086
1627390358469000,1,26.13863745,16.2086
1627390358567000,1,221.01389565,16.2086
1627390437309000,1,2.52841024,16.1630
1627390582453000,1,2.48590492,16.1618
1627390582453000,1,10.45458562,16.1557
1627390884798000,0,1.25849057,16.2180
1627391891127000,0,6.25000000,16.1000
1627391895717000,0,6.25000000,16.1000
1627391901093000,0,229.76838709,16.1000
1627392006433000,1,6.25000000,16.1186
1627392223179000,1,2.40213182,16.1630
1627392223179000,1,0.01742865,16.1617
1627392371961000,0,1.30000000,16.1800
1627392424620000,1,2.51720957,16.1645
1627392424620000,1,16.41790515,16.1635
1627392763176000,0,5.00000000,16.1650
1627392802444000,1,6.28171806,16.1913
1627392827487000,1,1.30000000,16.1860
1627392862678000,1,1.57042951,16.1995
1627392886231000,0,4.71128855,16.2000
1627393335577000,1,240.03200000,16.2500
1627393470910000,1,6.25000000,16.2579
1627394111883000,1,6.25000000,16.1693
1627394530253000,1,26.21611820,16.1600
1627394531314000,1,19.65826298,16.1600
1627394926744000,1,2.49057520,15.8787
1627394926744000,1,76.90904776,15.8740
1627395397690000,0,63.36416918,15.7995
1627395556211000,1,2.55157694,15.7900
1627395556211000,1,2.55174382,15.7882
1627395556331000,0,6.25000000,15.7882
1627395556334000,0,2.45206948,15.7882
1627395556373000,0,226.22660976,15.7882
1627396204148000,0,7.62457760,15.9135
1627396289213000,0,1.32280091,16.0039
1627396355039000,1,6.25000000,16.0576
1627396445689000,1,2.49591290,15.9492
1627396445689000,1,14.60058717,15.9468
1627396445868000,0,6.25000000,15.9388
1627397488768000,1,2.55488722,15.9110
1627397488768000,1,2.00723015,15.9067
1627397600106000,0,6.25000000,15.9482
1627397619341000,0,6.25000000,15.9482
1627397619386000,0,144.45240312,15.9482
1627397619386000,0,62.77999173,15.9482
1627397619440000,0,17.58992690,15.9690
1627397621059000,0,2.56073576,15.9804
1627397621059000,0,2.48565164,15.9845
1627397621059000,0,95.40115544,15.9884
1627397622001000,0,6.25000000,15.9725
1627397694170000,1,6.25000000,15.9750
1627399168823000,1,6.25000000,15.9710
1627399322727000,0,6.25000000,15.9877
1627399335628000,1,6.25000000,15.9710
1627399364365000,1,124.85842299,15.9710
1627399866707000,0,6.25000000,15.9168
1627400222627000,1,3.73370468,15.8010
1627400226507000,1,0.00000001,15.8010
1627400228116000,1,6.25000000,15.8000
1627400277156000,1,6.59952830,15.8000
1627400292061000,0,6.25000000,15.7689
1627400332215000,0,6.25000000,15.7299
1627400536297000,1,6.25000000,15.7413
1627400655183000,1,2.40287216,15.7471
1627400655183000,1,2.48174650,15.7471
1627400655183000,1,2.50388214,15.7471
1627400655183000,1,2.50123968,15.7471
1627400655256000,0,6.25000000,15.7418
1627400661692000,1,6.25000000,15.7418
1627401920069000,0,2.41903896,15.7930
1627403026713000,0,2.18516862,15.5594
1627403028654000,0,1.28603683,15.5594
1627403318452000,1,1.40000000,15.5340
1627404008150000,1,6.25000000,15.6068
1627404555621000,1,1.61290322,15.5000
1627404556384000,1,87.95500000,15.4570
1627404556384000,1,2.43778250,15.4442
1627404556384000,1,98.63546788,15.4442
1627404556384000,1,64.56454269,15.4442
1627404556384000,1,297.08442211,15.4435
1627404694849000,1,2.42650874,15.4997
1627404694849000,1,53.21171607,15.4942
1627405078258000,1,6.25000000,15.4000
1627405078885000,1,1.90093623,15.4000
1627405086736000,1,2.46769275,15.4077
1627405165908000,0,6.25000000,15.4145
1627405189537000,1,6.25000000,15.4000
1627405197580000,0,6.25000000,15.4051
1627405200119000,1,6.25000000,15.4000
1627405204346000,0,6.25000000,15.4128
1627405218177000,1,6.25000000,15.4000
1627405219124000,1,5.56659623,15.4000
1627405563564000,1,2.41174846,15.4464
1627405563564000,1,13.54460623,15.4437
1627405564098000,1,13.54460623,15.4437
1627405956902000,0,6.25000000,15.3984
1627407222615000,0,2.51080792,15.4622
1627407222615000,0,27.33290534,15.4642
1627407222615000,0,2.44920698,15.4685
1627407222615000,0,50.00615375,15.4711
1627407350094000,0,6.25000000,15.4100
1627407351208000,0,6.59952830,15.4100
1627408588728000,0,11.00000000,15.4953
1627408589738000,0,2.43588815,15.4949
1627408589738000,0,15.68368284,15.4972
1627408590243000,0,2.40377406,15.4894
1627408590243000,0,6.25000000,15.4921
1627408590243000,0,2.44583076,15.4933
1627408590243000,0,4.58409151,15.4972
1627409002814000,1,27.44510249,15.3852
1627409002814000,1,109.64770000,15.3850
1627409002814000,1,82.26535904,15.3832
1627409002814000,1,116.91500000,15.3780
1627409002814000,1,64.99706541,15.3753
1627409002814000,1,88.83520396,15.3741
1627409356838000,0,6.25000000,15.3306
1627411039881000,0,9.67782519,15.4993
1627411798940000,0,27.34090048,15.4726
1627411798940000,0,2.44109499,15.4736
1627411798940000,0,2.47667663,15.4769
1627411798940000,0,49.17567263,15.4804
1627413072748000,0,8.05084855,15.4763
1627413316323000,0,3.17135369,15.4579
1627413675755000,0,7.56321117,15.4002
1627413824941000,0,6.39600837,15.4293
1627414588306000,1,17.28506787,15.4600
1627414671299000,0,6.11642950,15.4709
1627414817051000,0,25.18572218,15.4566
1627415287543000,0,27.36390994,15.4674
1627415499025000,0,27.37105181,15.4623
1627415499114000,1,27.37105181,15.4623
1627415500306000,1,27.38327882,15.4623
1627415500306000,1,82.15386852,15.4623
1627415501418000,1,27.38327882,15.4623
1627415501420000,1,82.15740016,15.4623
1627415502583000,1,27.39475952,15.4623
1627415502585000,1,82.15740016,15.4623
1627415503159000,1,27.39779231,15.4623
1627415504225000,1,82.15740016,15.4623
1627415504225000,1,27.39475952,15.4623
1627415506223000,1,27.39475952,15.4623
1627415506224000,1,82.15740016,15.4623
1627415508222000,1,24.31544332,15.4623
1627415577814000,0,3.44158543,15.4646
1627415685438000,0,3.99337205,15.4748
1627415901251000,0,22.11587743,15.4526
1627415970036000,1,27.50627751,15.3972
1627415970038000,1,82.51883253,15.3972
1627415970662000,1,6.25000000,15.3972
1627415971113000,1,32.33457164,15.3972
1627415972225000,1,13.57946299,15.3972
1627416062828000,0,6.25000000,15.4066
1627416446887000,0,6.25000000,15.5454
1627416446944000,0,20.97717546,15.5454
1627416576553000,0,2.42798213,15.5378
1627416576553000,0,27.24654145,15.5391
1627416576553000,0,81.81487652,15.5408
1627416576553000,0,2.65287612,15.5436
1627416576553000,0,372.63213931,15.5445
1627416785288000,0,6.25000000,15.5000
1627416786431000,0,6.25000000,15.5000
1627416887076000,0,4.78506786,15.4950
1627416888534000,0,0.00000001,15.4950
1627417450392000,1,6.25000000,15.5352
1627417625607000,0,2.53038234,15.6007
1627417625607000,0,11.13667766,15.6010
1627420591586000,0,2.46366958,15.6375
1627420591586000,0,0.73365778,15.6398
1627421310448000,0,2.48932813,15.6788
1627421310448000,0,27.00343622,15.6814
1627421310448000,0,2.45450816,15.6823
1627421310448000,0,11.26021949,15.6868
1627421344192000,0,26.82673072,15.6862
1627421750961000,0,10.00000000,15.7927
1627421894858000,0,1.30803909,15.8023
1627421918556000,0,9.49948139,15.8023
1627422256881000,1,2.57561290,15.7699
1627422256881000,1,0.09584272,15.7633
1627422400519000,0,2.42474878,15.7869
1627422400519000,0,2.48717718,15.7912
1627422400519000,0,7.68430928,15.7939
1627422414452000,1,2.43360978,15.7761
1627422414452000,1,2.57376121,15.7727
1627422414452000,1,21.81935973,15.7713
1627422783008000,0,80.87158238,15.7141
1627422783040000,0,9.60101775,15.7072
1627424563549000,0,6.25000000,15.7027
1627424772387000,0,6.25000000,15.7460
1627425352543000,1,26.84020846,15.7513
1627425352641000,0,26.84020846,15.7513
1627425354237000,0,26.84241757,15.7513
1627425357802000,0,0.57089841,15.7513
1627425619929000,0,1.28603683,15.8706
1627425786104000,0,3.73370469,15.9165
1627425864041000,0,2.18516861,15.9344
1627425864041000,0,0.00000001,15.9344
1627425956237000,0,1.61290322,15.9650
1627426108123000,0,2.54453515,15.9282
1627426108123000,0,2.41392817,15.9295
1627426108123000,0,26.56510528,15.9304
1627426108123000,0,2.54949716,15.9334
1627426108123000,0,85.76256948,15.9365
1627426723128000,1,26.63381244,15.8652
1627426723128000,1,2.54704663,15.8637
1627426723128000,1,2.41652888,15.8604
1627426723128000,1,2.54694599,15.8567
1627426723128000,1,9.06315806,15.8560
1627426969642000,1,2.42215051,15.7707
1627426969642000,1,26.78339995,15.7672
1627426969642000,1,2.54180531,15.7651
1627426969642000,1,2.42199560,15.7651
1627426969642000,1,66.89800325,15.7573
1627426984858000,1,6.25000000,15.7672
1627426992099000,0,2.41098865,15.7666
1627426992099000,0,13.60308118,15.7727
1627427002759000,0,2.59368854,15.7588
1627427002759000,0,2.40808747,15.7648
1627427002759000,0,2.57501280,15.7650
1627427002759000,0,1.25350119,15.7667
1627427503483000,1,6.25000000,15.7638
1627431850861000,1,6.25000000,15.9382
1627432390284000,0,6.25000000,15.8918
1627433355830000,0,1.85944836,15.7980
1627436643690000,1,6.25000000,15.9725
1627436770527000,0,1.40000000,16.0000
1627437082030000,0,6.25000000,16.0447
1627437476556000,0,14.74710771,16.0998
1627437555335000,0,26.30610000,16.0922
1627437555561000,0,42.67904115,16.1010
1627437555607000,0,26.20977280,16.1010
1627437555852000,0,36.14128604,16.1010
1627437555853000,0,0.00000001,16.1010
1627438241275000,0,26.10816734,16.1891
1627438241671000,0,6.25000000,16.1891
1627438411683000,0,61.70457400,16.2172
1627438412384000,0,0.00000576,16.2172
1627438413149000,0,2.44626109,16.2221
1627438413149000,0,2.43915829,16.2249
1627438413149000,0,2.37129656,16.2284
1627438413561000,0,6.25000000,16.2203
1627438413561000,0,2.44810498,16.2221
1627438548409000,0,6.25000000,16.2254
1627438793831000,0,6.25000000,16.2202
1627441383363000,0,6.25000000,15.9418
1627442915585000,1,2.41652155,15.9943
1627442915585000,1,2.42154951,15.9903
1627442915585000,1,76.59627367,15.9880
1627443395743000,1,34.61663114,16.0310
1627443888303000,1,4.76896516,15.9005
1627444360555000,0,2.47890818,15.9146
1627444360555000,0,2.63671182,15.9148
1627444934223000,0,4.76896515,15.9500
1627444950071000,0,0.00000001,15.9500
1627446233944000,0,2.57508562,15.9132
1627446233944000,0,2.45311168,15.9166
1627446233944000,0,26.58770011,15.9204
1627446233944000,0,2.54018910,15.9210
1627446233944000,0,16.08920644,15.9267
1627448810042000,0,2.45778390,15.9464
1627448810042000,0,2.51779351,15.9496
1627448810042000,0,26.54042035,15.9511
1627448810042000,0,2.58095348,15.9547
1627448810042000,0,2.57759547,15.9553
1627448810042000,0,17.36372465,15.9572
1627449971006000,0,6.25000000,16.0027
1627450390953000,1,4.76002430,15.9789
1627451348933000,1,26.43943970,15.9917
1627451348933000,1,105.70650000,15.9850
1627451348933000,1,62.52384042,15.9841
1627451348933000,1,79.31932667,15.9841
1627451348933000,1,116.91500000,15.9821
1627451348933000,1,97.74696275,15.9774
1627451348933000,1,616.48546792,15.9774
1627451917610000,0,6.25000000,15.9996
1627452646671000,1,6.25000000,15.9889
1627452928547000,0,45.78603914,15.9691
1627453425970000,0,26.62264723,15.9008
1627453426086000,1,26.62264723,15.9008
1627453426179000,1,27.12090003,15.9008
1627453695959000,0,6.25000000,15.8679
1627453768054000,0,2.49360789,15.9011
1627453768054000,0,5.23281963,15.9044
1627453768538000,0,2.54638490,15.8964
1627453768538000,0,2.44685715,15.8976
1627453768538000,0,0.23957758,15.9016
1627453989899000,0,5.83622214,15.8935
1627454542004000,1,2.42418153,15.8065
1627454542004000,1,26.77457194,15.8025
1627454542004000,1,106.79120000,15.8010
1627454542004000,1,2.49579942,15.7982
1627454542004000,1,2.47336980,15.7948
1627454542004000,1,116.91500000,15.7915
1627454542004000,1,63.28439379,15.7914
1627454542004000,1,80.34332179,15.7914
1627454542004000,1,85.27257726,15.7832
1627454643490000,0,2.55698741,15.7684
1627454643490000,0,17.44301259,15.7690
1627455146536000,0,6.31117500,15.8449
1627455332152000,1,83.88361736,15.7710
1627455332423000,1,23.11718263,15.7710
1627455348606000,1,26.83205316,15.7636
1627455854605000,0,16.70970472,15.8150
1627455854606000,0,60.09630323,15.8150
1627455854647000,0,30.12199205,15.8150
1627455874322000,0,6.25000000,15.8786
1627455875613000,0,2.53124862,15.8818
1627455875613000,0,2.50673129,15.8821
1627456257287000,0,6.25000000,15.8993
1627456291813000,0,6.25000000,15.9139
1627456293108000,0,65.61189059,15.9270
1627456345861000,0,2.54340144,15.9625
1627456345861000,0,2.48250675,15.9627
1627456345861000,0,2.56178952,15.9665
1627456345861000,0,2.56903785,15.9698
1627456345861000,0,39.93885797,15.9705
1627456389956000,0,2.53496499,15.9668
1627456389956000,0,1.00958450,15.9704
1627456994914000,0,6.25000000,15.9167
1627457768730000,0,6.25000000,15.9081
1627457771808000,0,60.80524546,15.9081
1627457809227000,0,62.78013288,15.9395
1627457810537000,0,29.35031234,15.9452
1627457816464000,0,2.40494913,15.9439
1627457816464000,0,0.00200690,15.9475
1627457816987000,0,2.52899995,15.9461
1627457816987000,0,2.40494913,15.9475
1627457826083000,0,2.43910097,15.9429
1627457826083000,0,2.48926966,15.9461
1627457826083000,0,26.56507721,15.9505
1627457835079000,0,26.55101581,15.9581
1627457835079000,0,2.50200267,15.9595
1627457835079000,0,13.09109775,15.9629
1627457838534000,0,79.65811096,15.9733
1627457838534000,0,2.35394825,15.9743
1627457855704000,0,4.76002429,15.9921
1627457856391000,0,0.00000001,15.9921
1627458078484000,0,6.25000000,16.1000
1627458079325000,0,225.75940205,16.1000
1627458292554000,1,6.25000000,16.1580
1627458422092000,0,2.49889537,16.1742
1627458422092000,0,0.64938961,16.1752
1627458938646000,0,2.53627980,16.1450
1627458938646000,0,2.56490068,16.1492
1627458938646000,0,26.25097594,16.1494
1627458938646000,0,2.41437464,16.1556
1627458938646000,0,108.84069548,16.1560
1627458988676000,0,7.50000000,16.1514
1627459062214000,0,6.25000000,16.1632
1627459218325000,1,2.40161964,16.1328
1627459218325000,1,2.69777440,16.1263
1627459218325000,1,26.40172449,16.1263
1627459481230000,0,1.54689569,16.0908
1627459848606000,1,6.25000000,16.1255
1627460201640000,0,6.85450479,16.1937
1627461165452000,1,2.45340394,16.0727
1627461165452000,1,2.43263730,16.0693
1627461165452000,1,99.83848577,16.0680
1627461374855000,1,2.42660360,15.9990
1627461432541000,1,26.42244181,16.0245
1627461631872000,0,2.59538924,16.0006
1627461631872000,0,2.44168600,16.0046
1627461631872000,0,7.82294315,16.0050
1627462078685000,1,6.25000000,16.0314
1627463073022000,0,3.93538718,16.0086
1627464001585000,0,2.58978223,16.0412
1627464001585000,0,3.33243197,16.0414
1627464182247000,0,6.25000000,16.0636
1627464188557000,0,6.25000000,16.0636
1627464188677000,0,26.31882667,16.0636
1627464188721000,0,25.94441863,16.0636
1627464254661000,0,6.25000000,16.0757
1627465075438000,0,5.00000000,16.1500
1627466527242000,1,1.30000000,16.1603
1627466954342000,1,26.09029576,16.2115
1627467139533000,1,26.09173851,16.2123
1627467353628000,0,6.25000000,16.2425
1627467353766000,0,74.11619449,16.2425
1627467359827000,1,6.25000000,16.2420
1627467402176000,1,26.10893180,16.2046
1627467415254000,1,26.11693568,16.1985
1627467420842000,1,26.10652293,16.2047
1627467420842000,1,2.42441782,16.2028
1627467420842000,1,0.07913148,16.1992
1627467426389000,1,26.10652293,16.2047
1627467426389000,1,2.58791620,16.2013
1627467426389000,1,75.71746983,16.1993
1627467438870000,1,26.09710724,16.2118
1627467442380000,1,26.09710724,16.2118
1627467452229000,1,26.09710724,16.2118
1627467458827000,1,6.25000000,16.2062
1627467520743000,1,6.25000000,16.1692
1627467790264000,0,6.25000000,16.1889
1627467848557000,1,2.46422278,16.1704
1627467848557000,1,26.16496966,16.1684
1627467848557000,1,2.41418085,16.1661
1627467891057000,1,26.12982442,16.1894
1627467955160000,1,26.15262892,16.1788
1627467955160000,1,78.38794040,16.1743
1627467962112000,1,26.15262892,16.1788
1627468014253000,1,26.17648780,16.1628
1627468161542000,1,6.25000000,16.1502
1627468181118000,1,2.12683614,16.1428
1627468269496000,1,26.21195541,16.1481
1627468269496000,1,2.52073698,16.1472
1627468274923000,1,26.21195541,16.1481
1627468320998000,1,26.22225814,16.1446
1627468335090000,1,6.24249371,16.1393
1627468338476000,1,19.98542722,16.1393
1627468343981000,1,26.22034234,16.1460
1627468379471000,1,6.25000000,16.1351
1627468437071000,1,13.27625148,16.1119
1627468531645000,0,22.56840489,16.1362
1627468531646000,0,3.69548505,16.1362
1627468531809000,0,32.13620000,16.1530
1627468531890000,0,26.19527846,16.1530
1627468669695000,1,23.00388000,16.1969
1627468736779000,1,26.16296314,16.1771
1627468892909000,1,26.19485915,16.1603
1627469114510000,1,26.17441932,16.1716
1627469115020000,1,26.17441932,16.1716
1627469115020000,1,2.43214010,16.1707
1627469120519000,1,26.17441932,16.1716
1627469120519000,1,17.36837849,16.1710
1627469121001000,1,17.36837849,16.1716
1627469200658000,1,26.16947575,16.1751
1627469211601000,1,26.16220874,16.1803
1627469211601000,1,2.53531034,16.1753
1627469231779000,1,6.25000000,16.1692
1627469231855000,0,2.45621290,16.1613
1627469232449000,1,104.56360000,16.1580
1627469238258000,1,2.56351314,16.1237
1627469238258000,1,2.54157559,16.1229
1627469453094000,1,6.25000000,16.1132
1627469453109000,1,20.02367346,16.1132
1627469453334000,1,105.06130000,16.1070
1627469649061000,1,26.25887980,16.1246
1627469650975000,1,2.43430638,16.1227
1627469650975000,1,2.49269127,16.1193
1627469654548000,1,26.25279310,16.1300
1627469657130000,0,2.46649411,16.1456
1627469657130000,0,2.52945227,16.1490
1627469657130000,0,1.19656547,16.1537
1627469693127000,1,26.23571993,16.1417
1627469693127000,1,2.40469254,16.1399
1627469693127000,1,2.41268993,16.1367
1627469696629000,1,26.23571993,16.1417
1627469696629000,1,2.56322780,16.1394
1627469707699000,1,26.23571993,16.1417
1627469717960000,0,1.53981753,16.1591
1627469788133000,1,26.24285746,16.1336
1627469788133000,1,2.55887414,16.1312
1627469788133000,1,2.45364711,16.1281
1627469820376000,1,6.25000000,16.1520
1627469821463000,1,6.25000000,16.1520
1627469821901000,1,71.71005708,16.1520
1627469869650000,1,2.58678321,16.1247
1627469869650000,1,2.52889490,16.1186
1627469869650000,1,4.82021368,16.1171
1627469881163000,1,26.29985595,16.0971
1627469881704000,1,26.29985595,16.0971
1627469881704000,1,2.44641406,16.0967
1627469881704000,1,72.82066554,16.0914
1627469882185000,1,6.25000000,16.0986
1627469882185000,1,2.55393160,16.0945
1627469882185000,1,6.02749980,16.0914
1627469882185000,1,26.29447854,16.0914
1627469882185000,1,2.48780405,16.0913
1627469917495000,1,6.25000000,16.1043
1627469959100000,0,2.56177511,16.0960
1627469959100000,0,2.54708363,16.0993
1627469959100000,0,26.32842719,16.0998
1627469959100000,0,11.00075720,16.1023
1627470075283000,1,6.52419137,16.0681
1627470104386000,1,26.37745125,16.0496
1627470104386000,1,2.56183656,16.0488
1627470104386000,1,55.36242773,16.0470
1627470281972000,1,20.28937522,16.0716
1627470360183000,1,26.29313759,16.1040
1627470400179000,1,9.53397351,16.1091
1627470423138000,1,16.75235019,16.1091
1627470536779000,1,26.23993107,16.1369
1627470562360000,1,26.26268211,16.1190
1627470641033000,1,26.26795501,16.1169
1627470662940000,1,20.06899480,16.1092
1627470676450000,1,26.28802967,16.1029
1627470676450000,1,2.52360797,16.1010
1627470676450000,1,78.83696647,16.1005
1627470777494000,1,26.26297583,16.1218
1627470853604000,1,26.26864980,16.1186
1627470871126000,1,26.26864980,16.1186
1627471070893000,0,2.43290372,16.1235
1627471070893000,0,0.06709628,16.1268
1627471435928000,1,6.25000000,16.1986
1627471525245000,1,1.28000000,16.2264
1627471672862000,1,26.06645513,16.2530
1627471678351000,1,2.55128093,16.2595
1627471678351000,1,26.05804867,16.2590
1627471678351000,1,2.46979835,16.2558
1627471678880000,1,6.25000000,16.2618
1627471696915000,1,26.05804867,16.2590
1627471719911000,1,26.03355095,16.2688
1627471719911000,1,78.09334609,16.2678
1627471723396000,1,26.03355095,16.2688
1627471798003000,0,2.57933215,16.3329
1627471798003000,0,1.28198147,16.3360
1627471798003000,0,2.41162919,16.3436
1627471798003000,0,58.31328425,16.3482
1627471798527000,0,24.07414597,16.3560
1627471799497000,0,2.59768791,16.3457
1627471799497000,0,2.40236531,16.3478
1627471799497000,0,14.99994678,16.3539
1627471926695000,0,2.43592618,16.3793
1627471926695000,0,0.72888655,16.3828
1627471941448000,0,6.25000000,16.3965
1627472021820000,0,6.25000000,16.4000
1627472022024000,0,39.62438118,16.4000
1627472022024000,0,405.62100043,16.4000
1627472255935000,1,6.25000000,16.3442
1627472460083000,0,2.41719544,16.3875
1627472460083000,0,0.26767934,16.3932
1627472498350000,0,1.86266598,16.3965
1627472559707000,1,2.54292290,16.3994
1627472559707000,1,2.53296582,16.3977
1627472559707000,1,25.83001286,16.3912
1627472675761000,1,25.83107155,16.3827
1627472874987000,1,25.83552083,16.3829
1627472976650000,1,102.98190000,16.3800
1627473027265000,1,25.89128683,16.3529
1627473027265000,1,16.54675630,16.3485
1627473525676000,1,4.79512592,16.3464
1627473757830000,1,25.86326469,16.3638
1627474063541000,1,25.91933499,16.3368
1627474128571000,1,25.92104947,16.3370
1627474273089000,1,2.56461260,16.3233
1627474273089000,1,25.93532979,16.3219
1627474273089000,1,2.47186640,16.3197
1627474273089000,1,103.40680000,16.3160
1627474273089000,1,2.52681272,16.3155
1627474273089000,1,8.09576489,16.3129
1627474283397000,1,6.25000000,16.3368
1627474284809000,1,100.51318688,16.2899
1627474713764000,1,25.88238638,16.3589
1627474723781000,0,62.41381091,16.3676
1627474728462000,0,23.00000000,16.3787
1627474728745000,1,25.86612563,16.3713
1627474780004000,1,1.90835591,16.3672
1627475093624000,1,25.92776787,16.3366
1627475098119000,1,25.94471326,16.3254
1627475109098000,1,25.96385401,16.3129
1627475109628000,1,25.96385401,16.3129
1627475169709000,1,25.96037817,16.3177
1627475176713000,1,25.94755594,16.3273
1627475402867000,1,6.25000000,16.3092
1627475435419000,1,25.97158193,16.3158
1627475445906000,1,10.50957231,16.3101
1627475455172000,1,6.25000000,16.3047
1627475456428000,1,26.00573780,16.2985
1627475459977000,1,26.00573780,16.2985
1627475459977000,1,2.56166683,16.2940
1627475459977000,1,2.46762696,16.2907
1627475622547000,0,6.25000000,16.2699
1627475626513000,1,17.56583362,16.2690
1627475770679000,1,4.13044850,16.2703
1627475792273000,1,6.25000000,16.2594
1627475792274000,1,19.81123717,16.2594
1627475792468000,1,64.00697023,16.2400
1627475792559000,1,58.44571671,16.2450
1627475797285000,1,2.46514254,16.1858
1627475797285000,1,2.47802521,16.1818
1627475797285000,1,123.77776869,16.1778
1627475797943000,1,238.20000000,16.1648
1627475878271000,1,26.19488413,16.1748
1627475964890000,1,5.00871884,16.1793
1627475978825000,1,16.64987873,16.1793
1627475982396000,1,4.52873640,16.1793
1627475982396000,1,78.55455959,16.1733
1627475983323000,1,11.93064746,16.1793
1627475986491000,1,6.25000000,16.1736
1627476009256000,1,6.25000000,16.1680
1627476235664000,1,6.25000000,16.0294
1627476314244000,1,2.58877626,16.0610
1627476314244000,1,2.51049691,16.0602
1627476314244000,1,2.55376546,16.0538
1627476314244000,1,54.37909907,16.0530
1627476321223000,1,2.58115294,16.0503
1627476321223000,1,55.76790326,16.0480
1627476376552000,1,2.43641456,16.0443
1627476376552000,1,2.43287202,16.0441
1627476376552000,1,2.46327969,16.0408
1627476383567000,1,3.64094340,16.0431
1627476509434000,1,6.25000000,16.0325
1627476585481000,1,5.00000000,15.9800
1627476621321000,0,6.25000000,15.9981
1627476621584000,0,56.39000692,15.9981
1627476622330000,0,6.25000000,16.0099
1627476622478000,0,56.30454926,16.0099
1627476623410000,0,62.63715702,16.0167
1627476720579000,0,2.46960988,16.0539
1627476720579000,0,2.38971649,16.0574
1627476720579000,0,26.41869968,16.0598
1627476720579000,0,54.47009976,16.0605
1627476859669000,1,2.44460282,16.0108
1627476859669000,1,2.45621627,16.0075
1627476859669000,1,24.02656457,16.0033
1627477002475000,1,3.25487140,16.0274
1627477108886000,1,2.45950765,15.9879
1627477108886000,1,2.43878918,15.9840
1627477726204000,0,26.38520157,16.0734
1627477726296000,1,12.21275443,16.0734
1627477780911000,1,6.25000000,16.0454
1627477951360000,1,6.25000000,16.0107
1627477965637000,1,2.45826200,15.9901
1627477965637000,1,24.03332122,15.9883
1627478203175000,1,6.25000000,16.0303
1627478220907000,0,2.00000000,16.0343
1627478608126000,1,2.55602489,15.9783
1627478608126000,1,2.59394811,15.9730
1627478608126000,1,2.40432731,15.9730
1627478608126000,1,2.44901960,15.9711
1627478608126000,1,26.52778393,15.9709
1627478641895000,0,1.55498650,16.0054
1627478948183000,0,2.44618683,15.9776
1627478948183000,0,0.28651462,15.9810
1627479180045000,1,6.25000000,15.9030
1627479191898000,1,32.76155632,15.9030
1627479269583000,0,2.44816741,15.9217
1627479269583000,0,9.98641046,15.9244
1627479274279000,1,6.25000000,15.8931
1627480006050000,1,2.41646564,15.8331
1627480006050000,1,2.52924784,15.8328
1627480692426000,0,6.25000000,15.8599
1627481031414000,1,1.62050700,15.8719
1627482402039000,0,31.29890453,15.9750
1627482644400000,1,2.53227393,15.9131
1627482644400000,1,26.62991448,15.9124
1627482644400000,1,2.13671612,15.9055
1627482764124000,1,2.55401519,15.9187
1627482764124000,1,26.62417184,15.9139
1627482926702000,1,13.03268635,15.8977
1627483026043000,1,18.37916205,15.8774
1627483049642000,1,6.25000000,15.8695
1627483887211000,1,2.41551067,15.8659
1627483887211000,1,2.50115030,15.8630
1627484073247000,0,1.27000000,15.8240
1627484076904000,0,1.26453728,15.8106
1627484537821000,1,26.60894795,15.9185
1627484537821000,1,2.44056216,15.9168
1627484930461000,0,2.58353897,15.9626
1627484930461000,0,0.53680781,15.9632
1627484942181000,1,2.48957020,15.9467
1627484942181000,1,26.54939341,15.9442
1627484942181000,1,2.50099852,15.9434
1627484962199000,1,26.56328694,15.9392
1627484980147000,1,26.53986195,15.9524
1627484980147000,1,106.11530000,15.9500
1627484990654000,1,20.54842131,15.9524
1627485322033000,1,26.51091281,15.9664
1627485333090000,1,26.51131761,15.9644
1627485346941000,0,2.59176614,15.9796
1627485346941000,0,3.66590497,15.9810
1627485423100000,1,26.54633658,15.9445
1627485423100000,1,2.45952241,15.9430
1627485424171000,1,7.50307584,15.9445
1627485685869000,1,21.96396417,16.0125
1627485774479000,1,26.47389073,15.9909
1627486006325000,0,2.46691580,16.0978
1627486006325000,0,2.50118577,16.1018
1627486006325000,0,619.32000000,16.1058
1627486006325000,0,79.05104140,16.1106
1627486008643000,0,2.40422961,16.1092
1627486008643000,0,2.57966993,16.1124
1627486008643000,0,2.51899556,16.1124
1627486008643000,0,41.59429130,16.1128
1627486008643000,0,26.32710420,16.1129
1627486008643000,0,2.54009622,16.1165
1627486008643000,0,51.31629119,16.1205
1627486013987000,0,2.58034561,16.1048
1627486013987000,0,20.79714565,16.1049
1627486013987000,0,26.34124863,16.1049
1627486013987000,0,31.04124553,16.1092
1627486017691000,0,10.39857282,16.1092
1627486017691000,0,26.33027943,16.1141
1627486017691000,0,2.43415105,16.1167
1627486017691000,0,2.47619466,16.1199
1627486017691000,0,23.92714523,16.1205
1627486021998000,0,26.30730064,16.1324
1627486021998000,0,466.22825399,16.1366
1627486043213000,1,2.58705480,16.1030
1627486043213000,1,2.54047801,16.1021
1627486043213000,1,2.45039520,16.0999
1627486043213000,1,2.43253142,16.0961
1627486043213000,1,18.56742272,16.0950
1627486043638000,1,2.47582558,16.1005
1627486043638000,1,23.51500177,16.0941
1627486044232000,1,2.43129201,16.0972
1627486044232000,1,146.03396680,16.0941
1627486044651000,1,146.03396680,16.0941
1627486298993000,0,26.34927441,16.0818
1627486298993000,0,54.59825513,16.0856
1627486519325000,0,6.25000000,16.0978
1627486529703000,0,71.35951232,16.0978
1627486580675000,0,2.55416644,16.1903
1627486580675000,0,2.47309084,16.1944
1627486580675000,0,26.18351770,16.1984
1627486580675000,0,2.46360636,16.1984
1627486580675000,0,98.33368593,16.2025
1627486580675000,0,78.59712762,16.2025
1627486594807000,0,2.36728317,16.2112
1627486594807000,0,26.15498506,16.2153
1627486594807000,0,2.63322326,16.2176
1627486594807000,0,78.51022809,16.2226
1627486594807000,0,4.69678455,16.2279
1627486594807000,0,103.03875667,16.2280
1627486594807000,0,493.98000000,16.2280
1627486685594000,0,36.42517845,16.2594
1627486685637000,0,152.47146106,16.2594
1627486685662000,0,6.25000000,16.2594
1627486687549000,0,6.25000000,16.2594
1627486688885000,0,58.47070504,16.2594
1627486721368000,1,6.25000000,16.2300
1627486724337000,1,2.46909562,16.2181
1627486724337000,1,181.02156505,16.2100
1627486974493000,1,2.53762482,16.2566
1627487585276000,1,13.00293388,16.2087
1627487727532000,0,2.00000000,16.2313
1627487736061000,1,2.44048786,16.2029
1627487736061000,1,2.42255916,16.1989
1627487736061000,1,26.13132608,16.1987
1627488149312000,1,26.17633214,16.1688
1627488150801000,1,26.17633214,16.1688
1627488414496000,1,23.19215444,16.3013
1627488598679000,0,25.86100000,16.3924
1627488598778000,0,6.25000000,16.3994
1627488614446000,0,2.57276430,16.4048
1627488895048000,0,2.48354183,16.3102
1627488895048000,0,2.44338880,16.3128
1627488895048000,0,20.64760899,16.3183
1627489692057000,0,2.41803908,16.3548
1627489692057000,0,0.05678524,16.3581
1627489779819000,1,4.00000000,16.3266
1627489808423000,1,61.25532982,16.2943
1627489978303000,1,2.55725465,16.2967
1627489978303000,1,23.01728497,16.2957
1627490082505000,1,2.52524996,16.2890
1627490082505000,1,25.98195949,16.2878
1627490082505000,1,2.53502522,16.2809
1627490082505000,1,2.55176611,16.2766
1627490082505000,1,47.35352876,16.2740
1627490204845000,1,25.99731393,16.2781
1627490204845000,1,22.12195072,16.2679
1627491154368000,1,25.82798648,16.3831
1627491158005000,1,25.82798648,16.3831
1627491161485000,1,25.82798648,16.3831
1627491164001000,1,25.82798648,16.3831
1627491200867000,1,25.81805145,16.3867
1627491218511000,0,1.34374137,16.3796
1627491245398000,1,60.41375934,16.3700
1627491245851000,1,25.84397200,16.3700
1627491251424000,1,116.91500000,16.3759
1627491251424000,1,25.83632126,16.3759
1627491455067000,1,25.81106422,16.3914
1627491455067000,1,19.84796163,16.3910
1627491526237000,1,25.80213335,16.3959
1627491529742000,1,88.32172528,16.3960
1627491544822000,1,25.81198418,16.3902
1627491911856000,1,1.34374137,16.3879
1627491980958000,1,25.80520382,16.3947
1627491980958000,1,4.16391833,16.3930
1627491989044000,0,2.45853425,16.4086
1627491989044000,0,9.53536322,16.4089
1627491989095000,1,6.25000000,16.4089
1627492007911000,1,25.79728965,16.4002
1627492011429000,1,24.29901253,16.4003
1627492011429000,1,61.19359804,16.3950
1627492011910000,1,61.19359804,16.3950
1627492136022000,1,25.80274653,16.3955
1627492146572000,1,134.14756453,16.3960
1627492153620000,1,25.80340723,16.3953
1627492153620000,1,188.68370000,16.3930
1627492153620000,1,2.49926646,16.3929
1627492153620000,1,2.42202056,16.3874
1627492173607000,1,30.48710160,16.3839
1627492180284000,1,6.11986050,16.3839
1627492183317000,0,1.34349803,16.3900
1627492186081000,1,2.56432735,16.3795
1627492186081000,1,2.42563692,16.3724
1627492305660000,1,25.79634567,16.3970
1627492305660000,1,102.97840000,16.3960
1627492305660000,1,2.50409565,16.3942
1627492311124000,1,25.79634567,16.3970
1627492311124000,1,103.11880000,16.3950
1627492406672000,1,1.24369803,16.3724
1627492568438000,1,25.91331798,16.3227
1627492571938000,1,25.91331798,16.3227
1627492717512000,1,12.91624470,16.3695
1627492724047000,1,12.92503355,16.3695
1627492724576000,1,25.84127825,16.3695
1627492728068000,1,3.21159998,16.3695
1627492748186000,0,2.49561736,16.3721
1627492748186000,0,11.76674117,16.3721
1627492837689000,1,11.39409155,16.3697
1627492988896000,0,103.08340000,16.4130
1627493036311000,1,1.34349803,16.4230
1627493168037000,0,6.25000000,16.4376
1627493176659000,0,58.40000000,16.4376
1627493176674000,0,19.56005708,16.4376
1627493177641000,1,6.16839809,16.4378
1627493179586000,1,43.38855000,16.3873
1627493179586000,1,665.36000000,16.3863
1627493179586000,1,2.46832242,16.3861
1627493179586000,1,2.53635241,16.3820
1627493183026000,1,116.91500000,16.3830
1627493183026000,1,9.26942920,16.3830
1627493215789000,1,6.25000000,16.3772
1627493226558000,1,78.57482727,16.3732
1627493245100000,1,2.48594750,16.3227
1627493277480000,1,4.00000000,16.1975
1627493296977000,0,1.35851826,16.2383
1627493336358000,0,3.07089932,16.2325
1627493424655000,1,26.19139818,16.1535
1627493429500000,1,26.19139818,16.1535
1627493435171000,1,26.19139818,16.1535
1627493441082000,1,26.18021332,16.1629
1627493441082000,1,73.02611064,16.1535
1627493446794000,1,164.02560000,16.1940
1627493446794000,1,26.12001847,16.1934
1627493452674000,1,43.70068530,16.2150
1627493491388000,1,26.12568106,16.1949
1627493503106000,1,13.62063527,16.1552
1627493576049000,1,2.00000000,16.1148
1627493805069000,1,26.31807568,16.0776
1627493805139000,1,6.25000000,16.0650
1627493918194000,1,2.45370241,16.0433
1627493918194000,1,2.40902962,16.0404
1627493918194000,1,2.41986014,16.0370
1627493918262000,0,5.90584420,16.0353
1627493961823000,1,6.25000000,16.0508
1627494030127000,1,1.35851826,16.0525
1627494038247000,1,13.17404210,16.0395
1627494124838000,1,19.71772706,15.9951
1627494126688000,0,1.36161615,16.0177
1627494129073000,1,2.53359303,15.9947
1627494131071000,1,2.53145846,16.0052
1627494131071000,1,12.42998775,16.0040
1627494139830000,1,26.43858540,16.0014
1627494158496000,1,13.20097159,16.0019
1627494278619000,1,13.21990883,16.0389
1627494560498000,1,6.25000000,16.0511
1627494674526000,0,2.43829478,16.0009
1627494674526000,0,26.48141449,16.0025
1627494674526000,0,2.55454928,16.0043
1627494674526000,0,50.84296924,16.0119
1627494938520000,1,26.50530373,15.9622
1627494938520000,1,2.44065027,15.9617
1627494938520000,1,41.07053401,15.9604
1627495205020000,1,6.25000000,15.9162
1627495211025000,0,2.50636868,15.9426
1627495211025000,0,2.49516248,15.9483
1627495211025000,0,10.15065595,15.9505
1627495324424000,0,6.25000000,16.0314
1627495900723000,0,6.25000000,16.1628
1627496185477000,0,6.25000000,16.2488
1627497015918000,0,2.55035084,16.2056
1627497015918000,0,2.51196642,16.2090
1627497015918000,0,26.13514173,16.2117
1627497015918000,0,2.40702702,16.2120
1627497015918000,0,2.40357063,16.2155
1627497015918000,0,23.37451368,16.2160
1627497067491000,0,1.82227430,16.1613
1627497216465000,0,2.42969789,16.2290
1627497216465000,0,3.73162835,16.2311
1627497262878000,1,2.48168179,16.2451
1627497262878000,1,2.46670062,16.2430
1627497271875000,1,2.45561362,16.2709
1627497271875000,1,2.41284719,16.2675
1627497271875000,1,56.73513594,16.2670
1627497272309000,1,47.02576406,16.2670
1627497272309000,1,12.12221907,16.2663
1627497272958000,1,12.12221907,16.2680
1627497282197000,1,6.25000000,16.2665
1627497285355000,1,26.03660883,16.2519
1627497285355000,1,2.56622572,16.2510
1627497313972000,1,26.05268088,16.2481
1627497313972000,1,78.09771946,16.2465
1627497315426000,1,26.05268088,16.2481
1627497315426000,1,26.05267411,16.2465
1627497315426000,1,25.99236447,16.2465
1627497315902000,1,52.04503858,16.2465
1627497411891000,1,23.53516058,16.2287
1627497429152000,1,2.40483910,16.2086
1627497429152000,1,2.54834801,16.2005
1627497468364000,0,6.25000000,16.2205
1627497584900000,0,26.06837605,16.2470
1627497584900000,0,0.00000049,16.2502
1627497590297000,0,26.06837605,16.2470
1627497592080000,0,26.06837605,16.2470
1627497604125000,0,26.03057861,16.2689
1627497605388000,0,0.00000013,16.2689
1627497620702000,0,2.52139558,16.2728
1627497638910000,0,26.00058406,16.2769
1627497638910000,0,2.58904034,16.2773
1627497655994000,0,26.00058365,16.2769
1627497657598000,0,61.63511134,16.2760
1627497661195000,0,0.00000041,16.2769
1627497661195000,0,0.00000038,16.2773
1627497713059000,1,1.36161615,16.2673
1627497758984000,0,2.52471396,16.3088
1627497758984000,0,0.10719604,16.3099
1627497768802000,1,2.49130741,16.3153
1627497768802000,1,25.90669069,16.3083
1627497768802000,1,2.42223353,16.3074
1627497788245000,1,2.58341806,16.2933
1627497788245000,1,52.38151521,16.2912
1627497814689000,1,2.56449019,16.3386
1627497814689000,1,2.47105308,16.3343
1627497814689000,1,25.86061626,16.3324
1627497814689000,1,93.16037512,16.3311
1627497820712000,1,25.86061626,16.3324
1627497826650000,1,25.88413173,16.3234
1627497826650000,1,1.96498687,16.3204
1627497917629000,1,25.78163340,16.3810
1627497921630000,1,25.81871353,16.3615
1627497921630000,1,77.37779420,16.3587
1627497922419000,1,6.25000000,16.3615
1627497925457000,1,25.83164894,16.3528
1627497925457000,1,61.87841601,16.3527
1627497937004000,1,2.44591433,16.3556
1627497937004000,1,2.48389358,16.3521
1627497937004000,1,56.19508002,16.3486
1627497942926000,1,25.85057133,16.3412
1627497942926000,1,77.48368403,16.3380
1627498035989000,1,25.79389211,16.3718
1627498035989000,1,77.36914868,16.3647
1627498040307000,0,33.30000000,16.3906
1627498040373000,1,25.79389211,16.3718
1627498040373000,1,140.70763897,16.3676
1627498043836000,1,25.77487688,16.3808
1627498050956000,1,25.79129585,16.3739
1627498051757000,1,25.79129585,16.3739
1627498051757000,1,77.36914868,16.3647
1627498052499000,0,24.06250000,16.3898
1627498052679000,1,15.51875870,16.3739
1627498053876000,0,10.93750000,16.3898
1627498082855000,1,25.75952574,16.3917
1627498082855000,1,77.24574440,16.3896
1627498082855000,1,102.86690000,16.3880
1627498129959000,1,25.78787659,16.3732
1627498139678000,0,50.09999847,16.3958
1627498140083000,0,0.00000153,16.3958
1627498193084000,0,57.97818446,16.3923
1627498216377000,1,6.25000000,16.4045
1627498251349000,1,10.11522022,16.3866
1627498365078000,0,61.54423418,16.4029
1627498365078000,0,0.00000105,16.4046
1627498388130000,0,27.25038054,16.3892
1627498388130000,0,61.56888364,16.3892
1627498447361000,0,2.00000000,16.4079
1627498491631000,0,25.29363375,16.3940
1627498795314000,1,25.75198301,16.3914
1627498834972000,1,2.45459716,16.3996
1627498834972000,1,102.94020000,16.3980
1627498834972000,1,6.94624655,16.3978
1627498845902000,1,25.72397841,16.4081
1627498865700000,0,2.42637870,16.4211
1627498865700000,0,0.92274592,16.4252
1627498901073000,1,12.86833021,16.3830
1627498931850000,1,6.25000000,16.3788
1627498989851000,0,6.25000000,16.4115
1627499021273000,1,2.42113089,16.4006
1627499021368000,0,6.25000000,16.3990
1627499021399000,0,4.21081892,16.3990
1627499036852000,1,6.25000000,16.4126
1627499047203000,1,6.25000000,16.3925
1627499141425000,1,12.88181041,16.3815
1627499175952000,0,2.50446909,16.3865
1627499175952000,0,17.49553091,16.3870
1627499261496000,1,12.91058233,16.3596
1627499277862000,1,25.85089885,16.3338
1627499278079000,1,25.87477784,16.3168
1627499278079000,1,33.50779248,16.3131
1627499284414000,1,2.51924760,16.3242
1627499284414000,1,2.50185749,16.3179
1627499301299000,1,25.84582476,16.3352
1627499334758000,0,25.80247144,16.3630
1627499334963000,0,35.89690656,16.3630
1627499334963000,0,90.80146047,16.3630
1627499908980000,1,25.91875345,16.2907
1627499912379000,1,19.46497036,16.2907
1627499920471000,1,6.45378309,16.2907
1627500236275000,1,25.99652664,16.2299
1627500238549000,0,1.36330763,16.2473
1627500348001000,1,26.07394045,16.1851
1627500348230000,1,10.00000000,16.1851
1627500414782000,1,26.07680947,16.1820
1627500414782000,1,33.78015866,16.1800
1627500570322000,1,2.57844947,16.1121
1627500570322000,1,26.18936892,16.1099
1627500570322000,1,2.54391161,16.1086
1627500570322000,1,78.54953867,16.1063
1627500597297000,0,62.11173328,16.1332
1627500597297000,0,69.67890000,16.1332
1627500728149000,0,2.23887009,16.2046
1627500733805000,1,26.06364336,16.1850
1627500739215000,1,26.07435600,16.1788
1627500746265000,1,26.07435600,16.1788
1627500821925000,1,26.11915025,16.1509
1627500825351000,1,26.11915025,16.1509
1627500825351000,1,78.34014700,16.1462
1627500828787000,1,4.53633845,16.1509
1627500892369000,1,26.13310008,16.1436
1627500948111000,1,26.09455857,16.1645
1627500948111000,1,80.57002552,16.1620
1627500966966000,1,26.09189148,16.1680
1627500966966000,1,77.09970482,16.1580
1627501021609000,1,6.25000000,16.1051
1627501043209000,0,1.54993409,16.1362
1627501207075000,1,2.43675424,16.1013
1627501207075000,1,21.13082497,16.1000
1627501382336000,1,26.19293731,16.1091
1627501599547000,1,2.59258306,16.0691
1627501599547000,1,26.25709031,16.0679
1627501766505000,0,6.25000000,16.0562
1627501777208000,1,2.46809619,16.0819
1627501777208000,1,26.23502908,16.0775
1627501777208000,1,104.89050000,16.0750
1627501789714000,1,26.23055880,16.0840
1627501966368000,0,6.25000000,16.0837
1627502175237000,1,26.24255302,16.0769
1627502180679000,1,26.25444640,16.0701
1627502190057000,1,26.25444640,16.0701
1627502317068000,0,44.10143000,16.0825
1627502317068000,0,26.26525973,16.0827
1627502317068000,0,78.85227594,16.0864
1627502317068000,0,53.18357649,16.0872
1627502436432000,1,26.13739518,16.1419
1627502436439000,1,0.00000001,16.1419
1627502436548000,0,6.25000000,16.1410
1627502436548000,0,17.24628818,16.1419
1627502438422000,1,44.07108000,16.0872
1627502438422000,1,25.64882330,16.0872
1627502438422000,1,204.56577482,16.0855
1627502443328000,1,2.40394449,16.0919
1627502443328000,1,2.54177942,16.0895
1627502449317000,1,26.22303130,16.0731
1627502500775000,0,2.57739928,16.1381
1627502508413000,0,100.95647389,16.1462
1627502554226000,1,6.25000000,16.1627
1627502558940000,1,2.44959499,16.1327
1627502558940000,1,78.38346956,16.1307
1627502565999000,1,26.14779160,16.1314
1627502572904000,1,26.14779160,16.1314
1627502573914000,1,26.14779160,16.1314
1627502573914000,1,2.48787094,16.1279
1627502573914000,1,2.40555719,16.1240
1627502573914000,1,18.68416513,16.1229
1627502874220000,1,6.25000000,16.1010
1627502921967000,0,6.25000000,16.0690
1627502922360000,0,56.04997785,16.0690
1627503017142000,0,99.12692100,16.0995
1627503032419000,1,26.22530023,16.0874
1627503051963000,1,26.21654561,16.0939
1627503051963000,1,27.78469722,16.0922
1627503140790000,1,26.26440369,16.0631
1627503140790000,1,2.50054452,16.0613
1627503159477000,1,26.24691972,16.0745
1627503162790000,1,26.24691972,16.0745
1627503162790000,1,43.76083050,16.0693
1627503164404000,1,26.24691972,16.0745
1627503166693000,1,4.15308028,16.0745
1627503218825000,1,104.67070000,16.1030
1627503234024000,1,6.25000000,16.0904
1627503236829000,1,19.97013054,16.0904
1627503245759000,1,26.20895856,16.0962
1627503246744000,1,26.20895856,16.0962
1627503370928000,1,26.22344771,16.0875
1627503370928000,1,2.56772694,16.0854
1627503515092000,1,26.26178803,16.0614
1627503518491000,1,26.26178803,16.0614
1627503518491000,1,2.42817127,16.0589
1627503518491000,1,2.53732041,16.0551
1627503518491000,1,6.31595224,16.0549
1627503521955000,1,26.27171356,16.0559
1627503521955000,1,78.77895918,16.0549
1627503527432000,1,26.27171356,16.0559
1627503534424000,1,26.28895174,16.0447
1627503720878000,1,6.25000000,16.0338
1627503795768000,1,6.25000000,15.9837
1627503795889000,1,10.00000000,15.9771
1627503816229000,1,2.56200828,16.0011
1627503816229000,1,2.53778982,15.9976
1627503816229000,1,26.36395854,15.9940
1627503816229000,1,2.44214683,15.9940
1627503816229000,1,2.42567687,15.9940
1627503816229000,1,45.98564745,15.9917
1627503824671000,1,2.00000000,15.9940
1627503832150000,1,24.36395854,15.9940
1627503993215000,0,2.58081704,15.9984
1627503993215000,0,2.44162565,16.0040
1627503993215000,0,2.49037371,16.0057
1627503993215000,0,26.38288469,16.0064
1627503993215000,0,0.07690739,16.0120
1627504034118000,1,2.42250950,15.9834
1627504034118000,1,26.38850432,15.9833
1627504034118000,1,2.58149746,15.9795
1627504040914000,1,2.49064919,15.9869
1627504040914000,1,1.41383663,15.9837
1627504140330000,0,2.42974439,15.9998
1627504140383000,1,6.25000000,16.0000
1627504205634000,1,6.25000000,16.0000
1627504208414000,1,26.39287642,16.0000
1627504208822000,1,195.53237919,16.0000
1627504884097000,1,2.49148575,15.9837
1627504884097000,1,2.54560983,15.9809
1627505216486000,0,6.25000000,16.0277
1627505216664000,0,191.23353500,16.0277
1627505217486000,0,6.25000000,16.0277
1627505217540000,0,526.39467762,16.0277
1627505217838000,0,64.56374187,16.0277
1627505218065000,0,24.76804551,16.0277
1627505221277000,1,7.79353500,16.0310
1627505222290000,1,26.31303376,16.0301
1627505225147000,1,26.31303376,16.0301
1627505264523000,0,2.41588173,16.0267
1627505264523000,0,2.45113487,16.0295
1627505264523000,0,26.34865757,16.0303
1627505264523000,0,50.89669258,16.0347
1627505273017000,1,6.25000000,16.0093
1627505313916000,0,2.47836758,16.0141
1627505313916000,0,13.13223893,16.0149
1627505387351000,1,26.37370485,15.9976
1627505387351000,1,2.48768723,15.9954
1627505940683000,1,26.38949687,15.9930
1627506557190000,1,26.36757280,16.0028
1627506563531000,1,2.59013675,16.0022
1627506563531000,1,2.58471889,15.9987
1627506644103000,1,2.59627208,15.9722
1627506644103000,1,10.60610772,15.9696
1627506906432000,1,26.47115540,15.9381
1627506906432000,1,55.64121135,15.9300
1627507004146000,1,13.23871359,15.9293
1627507109190000,1,6.25000000,15.9445
1627507114608000,1,6.25000000,15.9445
1627507241241000,1,1.50000000,15.9445
1627507244292000,1,2.51594678,15.9278
1627507244292000,1,2.51608350,15.9232
1627507244292000,1,8.17499348,15.9198
1627508115606000,1,2.41336843,15.9509
1627508115606000,1,26.45611448,15.9478
1627508115606000,1,2.54676400,15.9473
1627508131915000,1,26.43482731,15.9609
1627508135756000,1,28.90561039,15.9610
1627508139320000,1,26.66859578,15.9610
1627508255179000,1,26.40818772,15.9771
1627508260935000,1,26.40818772,15.9771
1627508260935000,1,105.49670000,15.9730
1627508264392000,1,17.76653340,15.9771
1627508268012000,1,8.64165432,15.9771
1627508271403000,1,26.40818772,15.9771
1627508271403000,1,83.12618847,15.9740
1627508275165000,1,26.40818772,15.9771
1627508275165000,1,22.24371153,15.9740
1627508275165000,1,2.41587713,15.9721
1627508286277000,1,2.50299678,15.9850
1627508286277000,1,2.44280478,15.9817
1627508286277000,1,2.44211442,15.9775
1627508286277000,1,116.91500000,15.9771
1627508286277000,1,79.18960198,15.9764
1627508287023000,1,6.25000000,15.9994
1627508290077000,1,105.23650000,15.9910
1627508290077000,1,26.37926290,15.9907
1627508290077000,1,79.11758991,15.9871
1627508398671000,1,26.37842808,15.9953
1627508404810000,1,26.37842808,15.9953
1627508408581000,1,26.37842808,15.9953
1627508412105000,1,26.37842808,15.9953
1627508415783000,1,26.36961940,16.0008
1627508419612000,1,26.36961940,16.0008
1627508423142000,1,26.36961940,16.0008
1627508425735000,1,26.36961940,16.0008
1627508428262000,1,6.48949713,16.0008
1627508955677000,1,26.31466186,16.0325
1627508961172000,1,26.31466186,16.0325
1627508964555000,1,26.31466186,16.0325
1627508975625000,1,8.26641043,16.0325
1627509094196000,1,26.30207199,16.0413
1627509097747000,1,26.30207199,16.0413
1627509101143000,1,5.09950970,16.0413
1627509102160000,1,21.20256229,16.0413
1627509110682000,1,26.30207199,16.0413
1627509114201000,1,26.30207199,16.0413
1627509276409000,1,18.75763179,16.0431
1627509276409000,1,95.36129834,16.0370
1627509276824000,1,9.77710166,16.0370
1627509276824000,1,26.31454229,16.0369
1627509683337000,1,6.25000000,16.0033
1627509692873000,1,26.38433811,15.9918
1627509692873000,1,2.52638671,15.9907
1627509692873000,1,2.41785238,15.9869
1627509796390000,1,6.25000000,15.9713
1627509994908000,0,6.25000000,16.0367
1627510205095000,0,10.00000000,16.1182
1627510390861000,1,26.26292593,16.0670
1627510759222000,1,2.41817910,16.0978
1627510759222000,1,26.21845732,16.0959
1627510764751000,1,26.21845732,16.0959
1627510770188000,1,2.52763566,16.1035
1627510770188000,1,26.21254308,16.1007
1627510958321000,1,26.20854034,16.1025
1627510958321000,1,2.53643935,16.1015
1627510964085000,1,2.55591641,16.1042
1627510964085000,1,26.20854034,16.1025
1627510964085000,1,2.55058837,16.1009
1627510967381000,1,26.20854034,16.1025
1627510972363000,1,26.20854034,16.1025
1627510975897000,1,26.20854034,16.1025
1627511379769000,1,26.18288418,16.1187
1627511383174000,1,26.18288418,16.1187
1627511386741000,1,26.18288418,16.1187
1627511593886000,0,1.83327326,16.1381
1627511859805000,1,26.19076568,16.1160
1627512076323000,1,26.23126930,16.0913
1627512588332000,1,1.36330763,15.9100
1627512593640000,1,28.63669237,15.9100
1627512768139000,1,26.48442595,15.9351
1627512849088000,1,4.30226267,15.9212
1627512978454000,0,2.55850283,15.9459
1627512978454000,0,7.44149717,15.9537
1627513267582000,1,3.17642619,15.9144
1627513306342000,1,2.43890923,15.8960
1627513306342000,1,2.65741771,15.8951
1627513846495000,1,2.56572558,15.9671
1627513846495000,1,14.73988097,15.9642
1627513846972000,1,11.68767383,15.9642
1627514322156000,0,1.35266773,16.0350
1627514375921000,0,94.04918932,16.0812
1627514388155000,1,26.23237621,16.0799
1627514388155000,1,78.70212734,16.0722
1627514392363000,0,32.00000000,16.0937
1627514395617000,1,26.21529106,16.0936
1627514395617000,1,2.44725733,16.0866
1627514399411000,1,26.21529106,16.0936
1627514402968000,1,26.22607512,16.0862
1627514407263000,0,47.70000000,16.0973
1627514408360000,1,26.22607512,16.0862
1627514409381000,0,2.52516157,16.1091
1627514409381000,0,1.19913206,16.1132
1627514412294000,1,26.21595158,16.0948
1627514412294000,1,87.16609154,16.0920
1627514414314000,1,26.21595158,16.0948
1627514414314000,1,78.62184536,16.0911
1627514415265000,1,26.21595158,16.0948
1627514438593000,0,2.56623563,16.1175
1627514438593000,0,26.20759744,16.1244
1627514438593000,0,2.56341362,16.1245
1627514438593000,0,92.64727987,16.1280
1627514543734000,1,6.25000000,16.0550
1627514548517000,1,1.35266773,16.0408
1627514678696000,0,1.35502370,16.0145
1627514686291000,1,87.79918400,15.9942
1627514765978000,1,2.49420856,15.9340
1627514765978000,1,2.57493313,15.9298
1627514772896000,1,2.53025554,15.9411
1627514772896000,1,2.48612172,15.9374
1627514772896000,1,26.47651933,15.9340
1627514772896000,1,2.57968459,15.9340
1627515080530000,1,101.83845335,16.0780
1627515135152000,1,1.35502370,16.0839
1627515336951000,0,1.35912955,16.0323
1627516173189000,1,26.24004723,16.0775
1627516173189000,1,104.93280000,16.0710
1627516173189000,1,54.77372497,16.0695
1627516208771000,1,66.01819651,16.0900
1627516313868000,1,2.43633112,16.0760
1627516313868000,1,26.24468017,16.0748
1627516802264000,0,2.58293256,16.1071
1627516802264000,0,44.15127000,16.1117
1627516802264000,0,2.48655996,16.1119
