timestamp ms,type,amount,price
1627344320617000,0,1.28000000,15.7195
1627344861269000,1,6.25000000,15.6160
1627344870536000,0,1.28138136,15.6087
1627344891309000,0,1.28198147,15.5983
1627345175357000,0,2.48121022,15.6694
1627345175357000,0,13.64288944,15.6733
1627345177086000,0,6.25000000,15.6577
1627345239352000,0,413.66245236,15.7359
1627345241551000,0,2.50188935,15.7543
1627345241551000,0,2.50475227,15.7582
1627345241551000,0,26.88993801,15.7588
1627347312430000,0,2.43639123,15.7702
1627347312430000,0,0.23506439,15.7726
1627348028674000,1,99.05726150,15.6555
1627348304567000,1,27.11011711,15.6083
1627348304567000,1,108.26189999,15.6070
1627348701228000,1,1.40000000,15.5340
1627348706481000,1,1.61290322,15.5000
1627348706481000,1,64.00000000,15.5000
1627348706481000,1,242.26838709,15.5000
1627348768936000,1,7.62457760,15.4448
1627348781089000,0,1.81290908,15.4430
1627348786056000,0,6.25000000,15.4341
1627348972490000,1,6.25000000,15.4285
1627349014595000,0,27.47683481,15.4182
1627349035965000,1,109.88170000,15.3860
1627349224307000,1,27.45512175,15.4083
1627349224307000,1,73.70550066,15.3998
1627349224307000,1,8.62061525,15.3998
1627349224307000,1,49.25941925,15.3913
1627349224534000,1,6.25000000,15.3913
1627349227890000,1,2.52924872,15.3567
1627349227890000,1,2.40572459,15.3567
1627349227890000,1,2.42137665,15.3562
1627349231914000,1,2.57415189,15.3557
1627349231914000,1,2.41156261,15.3557
1627349231914000,1,2.47360456,15.3550
1627349243674000,0,1.30316028,15.3516
1627349252176000,1,95.44949447,15.3395
1627349954535000,1,6.25000000,15.2580
1627349954608000,1,27.69980259,15.2630
1627349954725000,0,89.21519741,15.2630
1627349954768000,1,27.69979622,15.2630
1627350992045000,1,80.19893688,15.3370
1627352222110000,1,2.42406597,15.3471
1627352223815000,1,2.52896207,15.3398
1627352224334000,1,92.13896223,15.3379
1627352229713000,1,18.42469940,15.2966
1627352235162000,1,2.49343639,15.2475
1627352235162000,1,2.54197360,15.2452
1627352237287000,1,36.26295988,15.2276
1627353637845000,1,5.00000000,15.1000
1627353640105000,0,1.65562914,15.0984
1627353835229000,0,1.32530775,15.0867
1627353903212000,1,2.55133756,15.0695
1627353903212000,1,2.52189346,15.0691
1627353903212000,1,2.51929257,15.0658
1627353903212000,1,2.58793043,15.0627
1627353903212000,1,74.12254298,15.0620
1627353936784000,0,431.04661396,15.0975
1627353938420000,0,2.40344247,15.1140
1627353938420000,0,2.56432312,15.1177
1627353938420000,0,28.03785226,15.1201
1627353938420000,0,2.44440665,15.1217
1627353938420000,0,81.78851320,15.1253
1627353939355000,0,2.36207891,15.1238
1627353939355000,0,2.40344247,15.1253
1627353939355000,0,96.79915287,15.1285
1627353939355000,0,152.46732678,15.1286
1627353939938000,0,2.40139305,15.1157
1627353939938000,0,6.25000000,15.1173
1627353939938000,0,28.03785226,15.1201
1627353958243000,0,6.25000000,15.1082
1627354315789000,0,6.25000000,15.1304
1627354632731000,0,2.48896825,15.1041
1627354632731000,0,1.45728781,15.1057
1627354875457000,0,8.28603663,15.0320
1627355629456000,0,2.41571708,15.2050
1627355629456000,0,0.58428292,15.2064
1627355964530000,0,6.25000000,15.2202
1627355970148000,0,6.25000000,15.2202
1627356713103000,1,6.25000000,15.2722
1627357692279000,0,2.43445744,15.3027
1627357692279000,0,4.01516576,15.3045
1627358243443000,0,2.43653876,15.2774
1627358243443000,0,2.59348769,15.2797
1627358243443000,0,36.21146736,15.2850
1627358501845000,0,3.21067887,15.2582
1627358621730000,0,27.74321826,15.2819
1627358621730000,0,110.81980000,15.2870
1627358621730000,0,2.54010416,15.2920
1627358621730000,0,2.56461231,15.2959
1627358621730000,0,83.23968997,15.2965
1627358621730000,0,12.00000000,15.2966
1627358621730000,0,65.40522434,15.3019
1627358621730000,0,2.35906306,15.3019
1627358621730000,0,15.95943736,15.3025
1627358622690000,0,27.74321826,15.2819
1627358652898000,1,2.44205656,15.2806
1627358652898000,1,2.54030089,15.2769
1627358652898000,1,2.53878225,15.2768
1627358652898000,1,4.78916944,15.2730
1627359232180000,0,1.32530775,15.4003
1627359678540000,0,6.25000000,15.3568
1627359779954000,1,6.25000000,15.3500
1627359795412000,1,0.27000000,15.3500
1627360266940000,0,27.76558089,15.2718
1627360266940000,0,83.30393465,15.2772
1627360712961000,1,22.27531622,15.3003
1627361066938000,0,2.59858399,15.3397
1627361066938000,0,0.66060398,15.3474
1627361571971000,0,9.01762304,15.3776
1627361639366000,0,9.70915891,15.3725
1627361929419000,0,5.53981317,15.3438
1627362232738000,1,27.63511264,15.3463
1627362239795000,0,6.25000000,15.3485
1627362296754000,0,27.59680334,15.3677
1627362296754000,0,2.47506926,15.3693
1627362296754000,0,2.52876166,15.3724
1627362296754000,0,2.61422993,15.3765
1627362296754000,0,82.82535623,15.3778
1627362296754000,0,116.91500000,15.3819
1627362296754000,0,443.11111351,15.3819
1627362831385000,0,6.65477963,15.3177
1627362965968000,0,6.52419137,15.3276
1627363007785000,0,6.25000000,15.3312
1627363863681000,0,2.56461036,15.4357
1627363863681000,0,2.43538964,15.4367
1627364215866000,0,3.39970747,15.4399
1627364551771000,0,27.53706318,15.4011
1627364674664000,0,6.25000000,15.3930
1627364714083000,1,6.25000000,15.4020
1627364740659000,0,6.25000000,15.4254
1627364825578000,0,21.81107265,15.4265
1627364835601000,0,2.58120735,15.4224
1627364835601000,0,5.67965200,15.4265
1627364835601000,0,2.46359972,15.4267
1627365104383000,0,1.65562914,15.4654
1627365450904000,0,27.38716073,15.4871
1627365450904000,0,52.01246223,15.4938
1627365627818000,0,21.96396417,15.5168
1627365916684000,1,27.51887180,15.4112
1627365917260000,1,1.94955562,15.4112
1627365918062000,1,27.51887180,15.4112
1627365921330000,0,6.25000000,15.4163
1627365924135000,0,6.25000000,15.4224
1627366252621000,0,3.80247717,15.4659
1627366361216000,0,7.34340035,15.4547
1627366730560000,0,2.49499923,15.4767
1627366730560000,0,0.94037879,15.4802
1627367084965000,0,8.28217539,15.4775
1627367349297000,0,2.51951304,15.5148
1627367696153000,0,1.60565808,15.4896
1627367800661000,0,2.43668422,15.4812
1627367800661000,0,0.93384166,15.4815
1627368103034000,0,2.45843669,15.4995
1627368103034000,0,0.79039934,15.5000
1627368155104000,0,6.42888782,15.4959
1627368439924000,0,6.53911604,15.4354
1627368537391000,1,301.58053828,15.4112
1627368602885000,1,3.73672514,15.3789
1627368859497000,1,27.60322530,15.3810
1627368859588000,1,82.54347470,15.3810
1627369235298000,0,3.27911489,15.4459
1627370439582000,0,27.36757573,15.5260
1627370439582000,0,82.11022819,15.5326
1627370439582000,0,13.92535880,15.5329
1627370439582000,0,102.35623933,15.5344
1627370467758000,0,27.35853237,15.5315
1627370467758000,0,82.10656966,15.5335
1627370467758000,0,380.64032887,15.5344
1627370492665000,0,3.25738226,15.5344
1627371064617000,0,27.52093414,15.4370
1627371064617000,0,37.24231116,15.4437
1627371065230000,1,2.52878851,15.4204
1627371065230000,1,0.68189036,15.4148
1627371412021000,0,1.62392237,15.4379
1627371587562000,0,16.18448409,15.4537
1627371715110000,0,1.94261137,15.4431
1627371920418000,0,1.61111541,15.4348
1627372091848000,0,6.25000000,15.4015
1627372091861000,0,21.33889521,15.4015
1627372091902000,0,15.63167332,15.4170
1627372091902000,0,101.22534235,15.4199
1627372091902000,0,554.04298433,15.4215
1627372092146000,0,23.45323587,15.4857
1627372092195000,0,30.81120000,15.4857
1627372586430000,0,6.25000000,15.5891
1627372892109000,0,16.57713493,15.6147
1627373038613000,1,6.25000000,15.5610
1627373643728000,1,6.25000000,15.6321
1627373724836000,0,1.30316028,15.6621
1627373950699000,0,2.40588330,15.6676
1627373950699000,0,36.31885342,15.6680
1627373951187000,0,36.31885342,15.6680
1627374340259000,0,6.25000000,15.6491
1627375355436000,1,2.06502448,15.6015
1627376511545000,1,2.41824552,15.6463
1627376511545000,1,2.48328404,15.6431
1627376511545000,1,27.13567444,15.6416
1627376511545000,1,2.54475359,15.6371
1627376511545000,1,116.91500000,15.6361
1627376511545000,1,81.38165229,15.6361
1627376511545000,1,91.09989579,15.6330
1627376511545000,1,2.54930320,15.6325
1627376511545000,1,32.04002863,15.6300
1627376899683000,1,9.57420664,15.6661
1627377344753000,0,2.41709074,15.6570
1627377344753000,0,27.12726656,15.6614
1627377344753000,0,2.51376931,15.6674
1627377344753000,0,2.57380475,15.6721
1627377344753000,0,46.31888623,15.6753
1627377362131000,1,6.25000000,15.6437
1627377362296000,1,29.88711735,15.6437
1627378036028000,0,6.25000000,15.7000
1627378090425000,0,0.27000000,15.7000
1627378307851000,0,6.25000000,15.7496
1627378433243000,0,2.49191408,15.7443
1627378433243000,0,2.51072472,15.7480
1627378433243000,0,26.97214910,15.7490
1627378433243000,0,2.42309590,15.7532
1627378433243000,0,21.24034101,15.7550
1627378886931000,0,2.06502448,15.8000
1627378909495000,0,2.50849823,15.7950
1627378909495000,0,107.47810000,15.8010
1627378909495000,0,26.88903858,15.8011
1627378909495000,0,15.63549022,15.8102
1627378909495000,0,12.44325438,15.8102
1627379011076000,0,1.81290908,15.8186
1627379068420000,1,2.13529000,15.8315
1627379131834000,0,2.56140361,15.8487
1627379131834000,0,0.59686479,15.8524
1627379193894000,1,6.25000000,15.8591
1627379196703000,1,26.79349911,15.8591
1627379196843000,1,226.82384544,15.8591
1627380037531000,0,6.25000000,15.7722
1627381750526000,0,1.90093623,15.8080
1627382449603000,0,2.53106730,15.8438
1627382449603000,0,2.34853322,15.8449
1627382824011000,0,1.98928487,15.8626
1627383604618000,1,26.73859379,15.8602
1627383604618000,1,106.77600000,15.8550
1627383604618000,1,2.53436131,15.8495
1627383604618000,1,28.90542631,15.8480
1627383775194000,1,26.76210485,15.8468
1627383775194000,1,54.18871274,15.8435
1627384549535000,0,2.42592762,15.8474
1627384549535000,0,26.80005360,15.8485
1627384549535000,0,107.00770000,15.8490
1627384550015000,0,26.80005360,15.8485
1627384550015000,0,106.85190000,15.8490
1627384636424000,0,6.25000000,15.8760
1627384655681000,0,100.45820000,15.8760
1627385309820000,0,2.52057167,15.8420
1627385309820000,0,16.41454305,15.8438
1627385459487000,0,2.47885209,15.8532
1627385459487000,0,10.46163845,15.8553
1627385732090000,0,1.25730257,15.9071
1627385905495000,0,1.28138136,15.9283
1627385990183000,0,1.61290322,15.9650
1627386201144000,1,2.00000000,15.9724
1627386531515000,0,1.40000000,16.0000
1627386531515000,0,6.25000000,16.0000
1627386531515000,0,29.88711735,16.0000
1627387010739000,0,6.25000000,16.0983
1627387612331000,1,6.25000000,15.9889
1627387631353000,1,26.51472454,15.9889
1627387631651000,1,144.23961533,15.9889
1627387640706000,0,1.96710804,15.9792
1627388208769000,0,6.25000000,16.0025
1627388768667000,0,2.53431972,16.0349
1627388768667000,0,2.43398486,16.0382
1627388768667000,0,26.41348986,16.0429
1627388768738000,1,6.25000000,16.0429
1627388768777000,1,26.41348986,16.0429
1627388769692000,1,528.46305632,16.0429
1627388770253000,1,26.42515577,16.0429
1627388770300000,1,68.07447971,16.0429
1627389419082000,0,1.96710804,16.1000
1627389596190000,0,6.25000000,16.1483
1627389757542000,0,2.02792581,16.1584
1627389991514000,1,6.25000000,16.1168
1627390136284000,0,18.52766798,16.1920
1627390225142000,0,104.72452701,16.2078
1627390358378000,0,26.13863745,16.2086
1627390358469000,1,26.13863745,16.2086
1627390358567000,1,221.01389565,16.2086
1627390437309000,1,2.52841024,16.1630
1627390582453000,1,2.48590492,16.1618
1627390582453000,1,10.45458562,16.1557
1627390884798000,0,1.25849057,16.2180
1627391891127000,0,6.25000000,16.1000
1627391895717000,0,6.25000000,16.1000
1627391901093000,0,229.76838709,16.1000
1627392006433000,1,6.25000000,16.1186
1627392223179000,1,2.40213182,16.1630
1627392223179000,1,0.01742865,16.1617
1627392371961000,0,1.30000000,16.1800
1627392424620000,1,2.51720957,16.1645
1627392424620000,1,16.41790515,16.1635
1627392763176000,0,5.00000000,16.1650
1627392802444000,1,6.28171806,16.1913
1627392827487000,1,1.30000000,16.1860
1627392862678000,1,1.57042951,16.1995
1627392886231000,0,4.71128855,16.2000
1627393335577000,1,240.03200000,16.2500
1627393470910000,1,6.25000000,16.2579
1627394111883000,1,6.25000000,16.1693
1627394530253000,1,26.21611820,16.1600
1627394531314000,1,19.65826298,16.1600
1627394926744000,1,2.49057520,15.8787
1627394926744000,1,76.90904776,15.8740
1627395397690000,0,63.36416918,15.7995
1627395556211000,1,2.55157694,15.7900
1627395556211000,1,2.55174382,15.7882
1627395556331000,0,6.25000000,15.7882
1627395556334000,0,2.45206948,15.7882
1627395556373000,0,226.22660976,15.7882
1627396204148000,0,7.62457760,15.9135
1627396289213000,0,1.32280091,16.0039
1627396355039000,1,6.25000000,16.0576
1627396445689000,1,2.49591290,15.9492
1627396445689000,1,14.60058717,15.9468
1627396445868000,0,6.25000000,15.9388
1627397488768000,1,2.55488722,15.9110
1627397488768000,1,2.00723015,15.9067
1627397600106000,0,6.25000000,15.9482
1627397619341000,0,6.25000000,15.9482
1627397619386000,0,144.45240312,15.9482
1627397619386000,0,62.77999173,15.9482
1627397619440000,0,17.58992690,15.9690
1627397621059000,0,2.56073576,15.9804
1627397621059000,0,2.48565164,15.9845
1627397621059000,0,95.40115544,15.9884
1627397622001000,0,6.25000000,15.9725
1627397694170000,1,6.25000000,15.9750
1627399168823000,1,6.25000000,15.9710
1627399322727000,0,6.25000000,15.9877
1627399335628000,1,6.25000000,15.9710
1627399364365000,1,124.85842299,15.9710
1627399866707000,0,6.25000000,15.9168
1627400222627000,1,3.73370468,15.8010
1627400226507000,1,0.00000001,15.8010
1627400228116000,1,6.25000000,15.8000
1627400277156000,1,6.59952830,15.8000
1627400292061000,0,6.25000000,15.7689
1627400332215000,0,6.25000000,15.7299
1627400536297000,1,6.25000000,15.7413
1627400655183000,1,2.40287216,15.7471
1627400655183000,1,2.48174650,15.7471
1627400655183000,1,2.50388214,15.7471
1627400655183000,1,2.50123968,15.7471
1627400655256000,0,6.25000000,15.7418
1627400661692000,1,6.25000000,15.7418
1627401920069000,0,2.41903896,15.7930
1627403026713000,0,2.18516862,15.5594
1627403028654000,0,1.28603683,15.5594
1627403318452000,1,1.40000000,15.5340
1627404008150000,1,6.25000000,15.6068
1627404555621000,1,1.61290322,15.5000
1627404556384000,1,87.95500000,15.4570
1627404556384000,1,2.43778250,15.4442
1627404556384000,1,98.63546788,15.4442
1627404556384000,1,64.56454269,15.4442
1627404556384000,1,297.08442211,15.4435
1627404694849000,1,2.42650874,15.4997
1627404694849000,1,53.21171607,15.4942
1627405078258000,1,6.25000000,15.4000
1627405078885000,1,1.90093623,15.4000
1627405086736000,1,2.46769275,15.4077
1627405165908000,0,6.25000000,15.4145
1627405189537000,1,6.25000000,15.4000
1627405197580000,0,6.25000000,15.4051
1627405200119000,1,6.25000000,15.4000
1627405204346000,0,6.25000000,15.4128
1627405218177000,1,6.25000000,15.4000
1627405219124000,1,5.56659623,15.4000
1627405563564000,1,2.41174846,15.4464
1627405563564000,1,13.54460623,15.4437
1627405564098000,1,13.54460623,15.4437
1627405956902000,0,6.25000000,15.3984
1627407222615000,0,2.51080792,15.4622
1627407222615000,0,27.33290534,15.4642
1627407222615000,0,2.44920698,15.4685
1627407222615000,0,50.00615375,15.4711
1627407350094000,0,6.25000000,15.4100
1627407351208000,0,6.59952830,15.4100
1627408588728000,0,11.00000000,15.4953
1627408589738000,0,2.43588815,15.4949
1627408589738000,0,15.68368284,15.4972
1627408590243000,0,2.40377406,15.4894
1627408590243000,0,6.25000000,15.4921
1627408590243000,0,2.44583076,15.4933
1627408590243000,0,4.58409151,15.4972
1627409002814000,1,27.44510249,15.3852
1627409002814000,1,109.64770000,15.3850
1627409002814000,1,82.26535904,15.3832
1627409002814000,1,116.91500000,15.3780
1627409002814000,1,64.99706541,15.3753
1627409002814000,1,88.83520396,15.3741
1627409356838000,0,6.25000000,15.3306
1627411039881000,0,9.67782519,15.4993
1627411798940000,0,27.34090048,15.4726
1627411798940000,0,2.44109499,15.4736
1627411798940000,0,2.47667663,15.4769
1627411798940000,0,49.17567263,15.4804
1627413072748000,0,8.05084855,15.4763
1627413316323000,0,3.17135369,15.4579
1627413675755000,0,7.56321117,15.4002
1627413824941000,0,6.39600837,15.4293
1627414588306000,1,17.28506787,15.4600
1627414671299000,0,6.11642950,15.4709
1627414817051000,0,25.18572218,15.4566
1627415287543000,0,27.36390994,15.4674
1627415499025000,0,27.37105181,15.4623
1627415499114000,1,27.37105181,15.4623
1627415500306000,1,27.38327882,15.4623
1627415500306000,1,82.15386852,15.4623
1627415501418000,1,27.38327882,15.4623
1627415501420000,1,82.15740016,15.4623
1627415502583000,1,27.39475952,15.4623
1627415502585000,1,82.15740016,15.4623
1627415503159000,1,27.39779231,15.4623
1627415504225000,1,82.15740016,15.4623
1627415504225000,1,27.39475952,15.4623
1627415506223000,1,27.39475952,15.4623
1627415506224000,1,82.15740016,15.4623
1627415508222000,1,24.31544332,15.4623
1627415577814000,0,3.44158543,15.4646
1627415685438000,0,3.99337205,15.4748
1627415901251000,0,22.11587743,15.4526
1627415970036000,1,27.50627751,15.3972
1627415970038000,1,82.51883253,15.3972
1627415970662000,1,6.25000000,15.3972
1627415971113000,1,32.33457164,15.3972
1627415972225000,1,13.57946299,15.3972
1627416062828000,0,6.25000000,15.4066
1627416446887000,0,6.25000000,15.5454
1627416446944000,0,20.97717546,15.5454
1627416576553000,0,2.42798213,15.5378
1627416576553000,0,27.24654145,15.5391
1627416576553000,0,81.81487652,15.5408
1627416576553000,0,2.65287612,15.5436
1627416576553000,0,372.63213931,15.5445
1627416785288000,0,6.25000000,15.5000
1627416786431000,0,6.25000000,15.5000
1627416887076000,0,4.78506786,15.4950
1627416888534000,0,0.00000001,15.4950
1627417450392000,1,6.25000000,15.5352
1627417625607000,0,2.53038234,15.6007
1627417625607000,0,11.13667766,15.6010
1627420591586000,0,2.46366958,15.6375
1627420591586000,0,0.73365778,15.6398
1627421310448000,0,2.48932813,15.6788
1627421310448000,0,27.00343622,15.6814
1627421310448000,0,2.45450816,15.6823
1627421310448000,0,11.26021949,15.6868
1627421344192000,0,26.82673072,15.6862
1627421750961000,0,10.00000000,15.7927
1627421894858000,0,1.30803909,15.8023
1627421918556000,0,9.49948139,15.8023
1627422256881000,1,2.57561290,15.7699
1627422256881000,1,0.09584272,15.7633
1627422400519000,0,2.42474878,15.7869
1627422400519000,0,2.48717718,15.7912
1627422400519000,0,7.68430928,15.7939
1627422414452000,1,2.43360978,15.7761
1627422414452000,1,2.57376121,15.7727
1627422414452000,1,21.81935973,15.7713
1627422783008000,0,80.87158238,15.7141
1627422783040000,0,9.60101775,15.7072
1627424563549000,0,6.25000000,15.7027
1627424772387000,0,6.25000000,15.7460
1627425352543000,1,26.84020846,15.7513
1627425352641000,0,26.84020846,15.7513
1627425354237000,0,26.84241757,15.7513
1627425357802000,0,0.57089841,15.7513
1627425619929000,0,1.28603683,15.8706
1627425786104000,0,3.73370469,15.9165
1627425864041000,0,2.18516861,15.9344
1627425864041000,0,0.00000001,15.9344
1627425956237000,0,1.61290322,15.9650
1627426108123000,0,2.54453515,15.9282
1627426108123000,0,2.41392817,15.9295
1627426108123000,0,26.56510528,15.9304
1627426108123000,0,2.54949716,15.9334
1627426108123000,0,85.76256948,15.9365
1627426723128000,1,26.63381244,15.8652
1627426723128000,1,2.54704663,15.8637
1627426723128000,1,2.41652888,15.8604
1627426723128000,1,2.54694599,15.8567
1627426723128000,1,9.06315806,15.8560
1627426969642000,1,2.42215051,15.7707
1627426969642000,1,26.78339995,15.7672
1627426969642000,1,2.54180531,15.7651
1627426969642000,1,2.42199560,15.7651
1627426969642000,1,66.89800325,15.7573
1627426984858000,1,6.25000000,15.7672
1627426992099000,0,2.41098865,15.7666
1627426992099000,0,13.60308118,15.7727
1627427002759000,0,2.59368854,15.7588
1627427002759000,0,2.40808747,15.7648
1627427002759000,0,2.57501280,15.7650
1627427002759000,0,1.25350119,15.7667
