timestamp ms,type,amount,price
1622074374083000,0,4.17536534,23.9500
1622075643999000,1,7.85291241,23.1446
1622075997661000,0,2.00000000,23.1500
1622076470705000,0,2.50000000,23.2989
1622076526929000,0,52.98357202,23.2796
1622076526929000,0,29.74880000,23.2891
1622076526929000,0,52.96576475,23.2895
1622076526929000,0,42.95597673,23.2994
1622076527008000,1,21.34588650,23.3000
1622076537481000,1,21.36262000,23.2462
1622076576549000,0,91.38640902,23.3000
1622076576549000,0,21.34588541,23.3000
1622077384463000,1,66.42790261,23.3001
1622077397903000,0,52.89818009,23.2867
1622077397908000,0,0.30342315,23.2867
1622077401259000,0,99.81543171,23.2867
1622077530611000,1,29.50781000,23.3604
1622077809867000,0,29.81846000,23.0291
1622078026602000,1,53.49080999,23.0140
1622078026604000,1,0.00000001,23.0140
1622078051566000,1,4.71744781,22.9633
1622078109511000,0,4.71744781,22.9174
1622079164894000,1,2.04584351,22.6477
1622079753174000,1,0.90632895,22.6972
1622080175923000,1,62.61713739,22.3135
1622080303648000,1,5.00000000,22.2222
1622080407710000,1,7.01672006,21.9013
1622080464281000,1,4.39404571,22.0066
1622080532058000,1,15.00000000,22.1124
1622080988406000,0,44.89530179,22.2975
1622080988406000,0,112.23999778,22.2976
1622080990975000,0,291.73033281,22.3052
1622082493466000,0,55.00520565,22.4292
1622082493467000,0,0.00000001,22.4292
1622084500665000,1,35.00000000,22.1152
1622084586662000,1,31.24930000,22.0586
1622084653515000,0,23.72013000,21.9362
1622084653849000,1,15.00000000,21.8920
1622084707368000,0,23.72013000,21.9499
1622084806099000,1,4.95537130,21.8166
1622084810417000,0,1.60428151,21.8163
1622084811902000,0,5.31704728,21.7980
1622084816923000,0,1.42215013,21.7964
1622084856811000,1,1.00000000,21.7000
1622084873066000,1,56.81141474,21.6705
1622084897406000,1,56.79911960,21.6619
1622084897406000,1,46.17634959,21.6451
1622084897406000,1,38.33035447,21.6451
1622084897417000,1,28.03629323,21.6451
1622084996145000,0,56.81141412,21.6732
1622085046165000,0,4.95537130,21.8499
1622085046165000,0,126.74577313,21.8681
1622085371169000,0,45.79905143,21.8633
1622085454561000,1,31.87153000,21.6279
1622085536397000,1,115.78470766,21.5650
1622085545874000,0,1.39114177,21.5470
1622085573295000,0,46.32473939,21.6049
1622085573295000,0,19.89821748,21.6083
1622085578902000,0,38.34448095,21.6409
1622085578941000,0,75.98690707,21.6409
1622086054790000,1,31.50638000,21.8786
1622086100821000,1,67.70741007,21.7600
1622086149258000,0,114.74152715,21.8085
1622086245444000,0,31.66811000,21.9512
1622086489940000,0,1.39114177,22.0675
1622087094931000,0,56.51212610,21.8229
1622087094931000,0,16.24234030,21.8331
1622087332962000,0,298.34540317,21.8125
1622087345950000,0,1.42120214,21.7958
1622087994078000,0,27.33983972,21.8575
1622088893813000,1,1.50000000,21.7159
1622089187344000,1,15.00000000,21.6330
1622090668418000,1,31.54263000,21.8535
1622090668418000,1,43.45737000,21.8503
1622091393672000,0,6.93607231,22.1552
1622091516719000,0,1.42215013,22.2339
1622091519992000,0,5.31704728,22.2508
1622091617095000,1,369.00270511,22.2758
1622091617571000,1,10.99729489,22.2758
1622092052212000,0,25.00000000,22.2299
1622092330706000,1,20.13321910,21.9556
1622092898430000,0,45.30303389,22.0899
1622093903270000,1,3.92126696,22.1000
1622094406284000,0,1.42120214,22.3208
1622094406865000,0,1.60428151,22.3250
1622094449919000,1,65.14680452,22.3207
1622094450484000,1,13.90329618,22.3249
1622094489047000,0,44.69289606,22.3977
1622095225349000,0,49.14231484,22.7972
1622095228285000,0,13.63730874,22.7972
1622095243153000,1,49.65260218,22.7180
1622095243523000,1,43.99577342,22.6883
1622095314876000,0,1.00000000,22.7734
1622095370637000,1,20.29993875,22.6806
1622095799229000,0,7.02423622,22.5761
1622096228613000,0,41.84201823,22.5285
1622097017426000,1,41.84201823,22.5352
1622097311263000,1,1.40114292,22.6872
1622098241419000,0,41.19698987,22.8881
1622098400042000,0,14.84896942,22.7791
1622098793026000,0,4.42509931,22.8733
1622099231649000,0,54.11277546,22.7845
1622099231649000,0,77.29569232,22.7919
1622100006894000,0,364.91065678,22.4859
1622100006991000,0,8.60193640,22.4859
1622100372676000,0,15.00000000,22.6666
1622100372676000,0,114.83849951,22.6779
1622100960303000,1,54.07183455,22.7339
1622100960303000,1,25.72357099,22.7131
1622101046360000,0,1.09169352,22.9002
1622101665087000,0,1.40000000,22.8434
1622101856939000,0,10.97703034,22.7748
1622102110001000,0,8.80729420,22.7084
1622102219647000,0,3.00000000,22.6294
1622102535827000,1,30.29189000,22.7558
1622102536344000,1,30.29188464,22.7538
1622102567260000,1,44.31705989,22.5472
1622102631043000,1,4.85262480,22.3134
1622103176497000,0,4.39146194,22.7715
1622103550974000,0,54.02684948,22.7781
1622103550974000,0,25.53392344,22.7890
1622103670763000,0,0.87685070,22.8089
1622104086174000,0,4.85262480,22.7080
1622104284938000,0,4.31644707,22.9261
1622104285083000,0,0.00000001,22.9261
1622104416998000,0,354.99165685,23.0500
1622104445074000,0,276.82479000,23.0500
1622104445338000,0,354.91435886,23.0500
1622104445468000,0,33.22086854,23.0500
1622104445982000,0,354.77992737,23.0500
1622104446420000,0,354.79140627,23.0500
1622104446853000,0,354.78026078,23.0500
1622104447405000,0,354.77990803,23.0500
1622104447990000,0,354.84375321,23.0500
1622104448520000,0,354.74957003,23.0500
1622104449048000,0,354.77177600,23.0500
1622104449260000,0,33.22747982,23.0500
1622104449432000,0,19.99831583,23.0500
1622104449568000,0,354.77866553,23.0500
1622104449954000,0,13.23270281,23.0500
1622104450003000,0,13.23270281,23.0500
1622104450090000,0,13.23216052,23.0500
1622104450133000,0,51.84013900,23.0500
1622104450153000,0,0.00000535,23.0500
1622104487437000,1,25.00000000,23.0100
1622105054260000,1,0.96333259,23.0751
1622105434664000,0,0.99659077,23.1812
1622105806955000,0,3.42023213,23.1254
1622106069748000,0,4.32369610,23.1284
1622106133186000,1,13.28283000,23.1051
1622106133186000,1,53.23731519,23.1051
1622106133186000,1,116.91500000,23.0970
1622106133186000,1,65.23484775,23.0969
1622106133186000,1,53.23466189,23.0964
1622106133186000,1,43.29979699,23.0842
1622106133186000,1,15.79554818,23.0842
1622106410777000,0,4.73266210,23.2977
1622106465914000,0,10.06660955,23.4868
1622107013813000,0,52.06571197,23.4554
1622107050989000,0,52.49920957,23.4883
1622107050989000,0,42.57704459,23.4968
1622107050989000,0,52.51184752,23.4968
1622107050989000,0,25.14977679,23.5039
1622107050989000,0,87.54944774,23.5099
1622107050989000,0,62.40013580,23.5128
1622107050989000,0,83.34152638,23.5143
1622107067903000,0,4.24018799,23.5839
1622107160500000,0,8.80729420,23.7000
1622107436260000,0,61.66172530,23.7028
1622107436260000,0,25.31341168,23.7029
1622107436260000,0,18.49746631,23.7029
1622107650058000,0,1.00000000,23.6200
1622108266030000,0,52.17080016,23.6321
1622108266030000,0,24.83475242,23.6433
1622108617050000,1,52.20964682,23.5509
1622108617050000,1,24.06775571,23.5409
1622108957984000,0,5.08225763,23.6378
1622109029173000,0,29.20420000,23.8694
1622109029476000,0,41.89400892,23.8800
1622109029618000,0,343.27838048,23.8800
1622109029692000,0,134.66517507,23.8800
1622109030095000,0,343.11761448,23.8800
1622109030616000,0,178.93882997,23.8800
1622109037247000,0,4.00000000,23.8923
1622109037247000,0,10.93661186,23.9000
1622109038215000,0,12.91636441,23.9000
1622109041188000,0,2.46339697,23.9000
1622109042169000,0,2.50501369,23.9000
1622109137201000,1,42.06653701,23.7493
1622109207953000,0,11.70867327,23.7824
1622109904341000,1,42.17696670,23.6580
1622109904374000,1,42.24664443,23.6580
1622109904374000,1,71.58876640,23.6580
1622109904570000,1,13.94986452,23.6580
1622110163943000,0,1.45722254,23.7846
1622110410739000,0,9.99999999,23.7900
1622110410740000,0,0.00000001,23.7900
1622110479159000,0,51.54650000,23.9062
1622110507831000,0,200.95429142,24.0000
1622110507831000,0,100.00000000,24.0000
1622110797084000,0,28.96100933,23.7520
1622111029819000,0,2.00298972,23.7145
1622111033064000,1,29.12398000,23.6683
1622111476063000,0,2.11282089,23.7763
1622111588620000,0,1.58262874,23.8069
1622111611594000,0,1.18874137,23.7709
1622111629390000,0,0.89289438,23.7346
1622111643931000,1,39.13588322,23.6686
1622111669986000,0,0.88317451,23.7779
1622111674477000,0,1.44987816,23.7635
1622111718308000,0,0.85000000,23.8086
1622111718308000,0,0.04420013,23.8163
1622111729978000,1,4.32369610,23.7205
1622111861155000,0,42.05663683,23.7775
1622111896595000,1,0.89753702,23.7205
1622112279251000,0,1.80000000,23.5553
1622112279424000,1,27.33983972,23.5418
1622112672867000,1,51.82968867,23.6778
1622112672867000,1,15.00000000,23.6540
1622112672867000,1,274.34710960,23.6540
1622112672867000,1,103.61809791,23.6540
1622112672867000,1,103.66255315,23.6408
1622112672867000,1,0.94366855,23.6352
1622112697486000,1,42.20062714,23.6800
1622112698955000,1,42.20062094,23.6701
1622113846873000,0,52.30893172,23.5409
1622113846873000,0,52.28079354,23.5525
1622113846873000,0,44.02284392,23.5618
1622113937840000,1,41.19698987,23.5228
1622114482935000,1,11.98610959,23.7268
1622114750468000,0,41.94735694,23.8543
1622114752719000,1,10.00000000,23.8543
1622114784912000,0,29.01015106,23.8941
1622114796238000,1,3.36332088,23.8543
1622114951596000,0,41.94705107,23.8490
1622115353886000,0,2.02153300,23.7691
1622115363123000,1,51.81632781,23.6971
1622115392224000,1,29.01015106,23.6477
1622115484476000,1,116.91500000,23.6658
1622116340270000,0,1.81494839,23.7913
1622116390089000,0,24.41059154,23.7518
1622116445624000,0,15.00000000,23.8093
1622116445624000,0,9.35136406,23.8093
1622116467169000,0,40.63522228,23.8480
1622116620447000,0,51.81143615,23.7770
1622116620447000,0,42.07717087,23.7871
1622116620447000,0,51.82123960,23.7871
1622116620447000,0,105.14860949,23.7954
1622116620447000,0,67.29419426,23.7954
1622116620447000,0,273.35137077,23.7991
1622116620447000,0,86.36329105,23.7991
1622116620447000,0,58.14256630,23.8018
1622116814484000,0,28.76881161,23.8463
1622117056093000,1,20.00000000,23.9348
1622117056295000,0,51.35519971,23.9829
1622117056295000,0,51.35687548,23.9932
1622117056295000,0,15.00000000,24.0000
1622117056295000,0,18.15588524,24.0000
1622117056295000,0,0.51323477,24.0124
1622117056296000,0,41.15029118,24.0124
1622117056296000,0,95.23090402,24.0124
1622117056297000,0,7.58522452,24.0124
1622117061303000,0,5.03330000,24.1000
1622117061346000,0,0.00000478,24.1000
1622117379689000,1,2.02153300,23.7336
1622118129948000,1,29.18275000,23.6051
1622118129948000,1,52.07600455,23.6048
1622118129948000,1,52.07160301,23.5947
1622118129948000,1,3.06463613,23.5819
1622118345553000,0,14.67477298,23.7370
1622118382377000,1,1.00000000,23.7113
1622118849724000,0,2.10043084,23.8046
1622119039037000,1,46.96285304,23.6591
1622119306485000,1,31.71571661,23.5505
1622119306690000,1,10.69476579,23.5505
1622119306690000,1,1.20000000,23.5500
1622119307664000,1,106.07406387,23.5361
1622119312588000,1,11.85905688,23.5228
1622119312615000,1,264.12787252,23.5228
1622119312615000,1,4.39956875,23.5228
1622119597609000,0,2.01859143,23.5313
1622120066348000,1,51.99840710,23.6267
1622120309822000,1,86.06971530,23.6179
1622121076987000,0,23.72013000,23.6746
1622121076987000,0,25.14705664,23.6785
1622121168516000,0,66.41288610,23.6901
1622121429608000,0,42.07264283,23.7818
1622121429608000,0,40.31317237,23.8231
1622122423963000,0,51.18810270,24.0714
1622122423963000,0,41.55129425,24.0820
1622122423963000,0,13.77764559,24.0821
1622122423970000,0,37.41290449,24.0821
1622122423970000,0,85.33736180,24.0865
1622122423970000,0,14.37396176,24.1072
1622122690926000,0,7.07905770,24.0978
1622122701928000,0,1.09521923,24.0591
1622122887288000,0,5.03330477,24.0624
1622122924817000,0,34.11339136,24.1355
1622123101815000,0,2.07546214,24.0910
1622123206360000,1,24.79338843,24.2000
1622123207585000,1,89.64793388,24.2000
1622123352086000,0,7.00000000,24.1617
1622123582840000,0,2.58505218,24.1777
1622123826840000,1,1.85851107,23.8737
1622123827199000,1,0.00000001,23.8737
1622123843093000,1,28.76881161,23.8181
1622124032078000,0,66.40467728,24.0173
1622124032629000,0,5.00000000,24.0000
1622124052004000,1,51.12839473,24.0365
1622124054215000,0,12.47474008,24.0302
1622124054215000,0,17.39350467,24.0302
1622124339078000,1,28.32362000,24.3132
1622124339078000,1,41.11112906,24.3113
1622124339078000,1,0.56525094,24.3113
1622124651195000,0,28.55265000,24.2631
1622124651195000,0,11.44735000,24.2641
1622124785533000,0,3.88927858,24.2641
1622124794222000,1,5.00000000,24.2440
1622124992258000,0,20.00000000,24.3200
1622125100895000,0,1.21489936,24.3477
1622125228739000,0,53.32771376,24.3589
1622125272173000,1,2.74237439,24.2719
1622125365412000,1,45.57047993,24.2492
1622125711757000,0,5.31541282,24.3170
1622125975631000,0,12.38917879,24.2147
1622126330227000,0,0.82206927,24.3288
1622126367174000,0,0.82152156,24.3451
1622126490463000,0,1.41609780,24.3715
1622126914193000,0,175.86217165,24.3101
1622127280799000,1,1.97279945,24.3204
1622127648359000,0,16.45774136,24.3500
1622127648466000,0,0.00000657,24.3500
1622127699721000,0,28.61033057,24.4000
1622127719410000,0,1.25679244,24.4265
1622127730642000,0,3.16666667,24.4776
1622127731933000,0,5.00000000,24.5000
1622127731933000,0,14.34327405,24.5000
1622127731933000,0,5.29520783,24.5000
1622127731933000,0,7.95503756,24.5071
1622127876170000,0,20.42718138,24.4772
1622128325208000,0,20.40283505,24.4750
1622128451432000,0,16.15073845,24.5347
1622128451559000,0,24.64823986,24.5347
1622128451789000,0,9.99999999,24.5501
1622128451794000,0,0.00000001,24.5501
1622128640693000,0,28.20164000,24.3273
1622128640693000,0,50.62817405,24.3274
1622128732717000,1,41.42664125,24.1090
1622128732717000,1,93.17066761,24.0879
1622128732917000,1,41.56956522,23.9920
1622128732917000,1,103.94368403,23.9920
1622128732917000,1,2.48675075,23.8405
1622128882843000,1,16.03741485,24.2171
1622128977356000,1,51.15308319,24.0375
1622129004028000,1,28.69322999,24.0059
1622129085485000,1,11.16178118,24.0000
1622129085505000,1,34.21910550,24.0000
1622129085657000,1,30.89994665,24.0000
1622129178756000,0,41.75989449,23.9668
1622129225724000,0,41.67593193,24.0279
1622129225724000,0,5.31811702,24.0296
1622129227075000,0,145.77307718,24.0296
1622129249733000,1,5.93324440,24.0200
1622129440840000,0,41.53029464,24.0944
1622129441038000,1,264.99754358,24.1019
1622129605654000,0,41.34599388,24.2229
1622129605654000,0,93.04875091,24.2304
1622129605656000,0,10.20880383,24.2304
1622129607238000,0,75.00000000,24.2400
1622129701850000,1,50.81635291,24.2229
1622129701850000,1,26.18919967,24.2183
1622130012686000,0,166.65222771,24.0508
1622130121704000,1,40.63522228,24.1177
1622130408623000,0,64.95815472,24.3492
1622130408837000,1,135.04184528,24.3492
1622130430652000,0,40.65407714,24.4000
1622130472102000,0,50.57592686,24.3748
1622130472102000,0,30.16177806,24.3869
1622130660727000,0,65.54299786,24.4941
1622130660727000,0,50.36612942,24.4941
1622130660727000,0,28.47815000,24.5018
1622130660727000,0,8.20190344,24.5042
1622131400850000,0,2.85436553,24.2063
1622131401104000,1,16.03741485,24.1556
1622131534340000,0,8.29644182,24.1067
1622131599687000,0,21.03925830,24.1330
1622131651750000,1,51.12153864,24.0488
1622131651750000,1,41.57742711,24.0372
1622131651750000,1,28.66293000,24.0372
1622131651750000,1,62.44984750,24.0369
1622131651750000,1,51.12034347,24.0369
1622131651750000,1,28.53802405,24.0310
1622131861395000,1,41.22459222,23.9100
1622131861395000,1,5.96300000,23.9000
1622131956854000,0,10.00000000,23.8500
1622132108444000,1,51.58814527,23.8318
1622133075297000,0,25.13525911,23.8709
1622133296467000,1,8.40625747,23.7930
1622133300400000,1,167.79276081,23.7843
1622133619898000,1,52.05439562,23.6296
1622133619898000,1,86.70599697,23.6184
1622133619898000,1,13.82878813,23.6182
1622133842076000,0,1.64943842,23.8559
1622134034799000,0,41.97674662,23.8470
1622134073844000,1,5.49074991,23.8620
1622134472394000,1,51.84201794,23.7282
1622134472394000,1,116.91500000,23.7138
1622134472394000,1,61.35097985,23.7138
1622134472394000,1,103.55234884,23.7138
1622134472394000,1,42.11986729,23.7012
1622134472394000,1,103.59224794,23.7012
1622134472394000,1,42.10654602,23.6958
1622134472394000,1,103.63215677,23.6958
1622134472394000,1,50.00000000,23.6141
1622134472394000,1,15.00000000,23.6141
1622134472394000,1,149.98883535,23.6141
1622134513871000,0,13.58770296,23.8451
1622134515896000,0,28.91815000,23.8438
1622134515896000,0,41.95956791,23.8451
1622134515896000,0,38.15297136,23.8451
1622134515896000,0,66.49375451,23.8545
1622134515896000,0,15.00000000,23.8545
1622134515896000,0,104.84852784,23.8561
1622134515896000,0,51.75190750,23.8561
1622134515896000,0,272.56190850,23.8670
1622134515896000,0,214.18205268,23.8670
1622134667890000,0,41.88586064,23.8925
1622134667890000,0,5.46577067,23.8925
1622134808056000,0,51.63184935,23.8987
1622134808056000,0,35.87881787,23.9101
1622135006917000,0,20.87219039,23.9553
1622135492385000,1,95.30906243,23.8541
1622135546070000,1,20.40283505,23.7870
1622135652680000,0,51.54144061,23.9495
1622135652680000,0,4.13902718,23.9574
1622135746490000,0,3.98298635,23.8514
1622135934415000,0,77.24777649,23.8991
1622136871789000,1,4.59370937,23.8737
1622137502261000,0,15.51142021,24.0827
1622137998387000,0,9.19839699,24.1346
1622138437875000,1,1.00000000,24.0000
1622138514817000,0,23.99157889,24.0063
1622138560479000,0,4.16497638,24.0097
1622138906154000,0,10.00000000,24.0321
1622139035749000,0,1.84687116,24.0370
1622139462780000,0,41.01757298,23.8929
1622139476458000,1,6.89879774,23.8432
1622139704626000,0,12.12174917,23.9239
1622139809424000,0,11.95133153,23.8199
1622140018831000,1,41.93942475,23.8309
1622140325336000,1,10.00000000,23.6683
1622140325694000,1,87.51066722,23.6683
1622140610699000,0,51.92173175,23.7407
1622140610699000,0,51.90075544,23.7526
1622140610699000,0,261.85203000,23.7629
1622140610699000,0,42.12094459,23.7629
1622140610699000,0,86.51931801,23.7675
1622140610699000,0,103.53167195,23.7727
1622140639986000,0,2.28601396,23.7642
1622140952660000,0,2.10247107,23.7815
1622140976869000,1,1.10247107,23.6728
1622141143127000,1,28.89629000,23.8255
1622141143127000,1,12.12128298,23.8247
1622141368499000,1,6.83867314,23.7794
1622141854493000,0,1.99975377,23.7180
1622141990802000,1,2.43573318,23.7308
1622142031345000,0,8.74746119,23.7612
1622142205161000,1,2.03974471,23.5450
1622142223074000,1,2.00000000,23.5000
1622142223074000,1,21.06297872,23.5000
1622142223194000,1,13.58770296,23.4688
1622142223820000,1,4.39956875,23.4688
1622142249669000,0,23.72012999,23.5535
1622142249694000,0,0.00000001,23.5535
1622142834157000,0,131.40846778,23.5918
1622142948655000,1,0.87685070,23.6689
1622143185926000,1,2.27045996,23.4513
1622143642756000,0,42.70398891,23.4333
1622143642756000,0,64.95213931,23.4333
1622143642756000,0,52.63557277,23.4341
1622143642756000,0,52.63057168,23.4454
1622143642756000,0,0.41987822,23.4531
1622143672295000,1,4.16497638,23.3222
1622143687017000,1,2.29959925,23.2265
1622143687592000,1,4.73266210,23.0817
1622143704994000,1,53.05644650,23.1891
1622143704994000,1,29.70315000,23.1821
1622143704994000,1,65.03925270,23.1799
1622143704994000,1,53.04737913,23.1799
1622143704994000,1,43.14153928,23.1594
1622143704994000,1,88.35819931,23.1594
1622143704994000,1,73.68302147,23.1548
1622143712039000,1,5.66605957,23.2005
1622144029665000,0,21.36635260,23.4013
1622144123668000,0,1.19639080,23.3953
1622145037219000,0,10.68698961,23.3929
1622145187638000,0,4.14163539,23.4207
1622146291771000,0,2.07072846,23.4169
1622146437675000,0,6.79224812,23.4488
1622146549992000,1,4.00000000,23.2546
1622146640372000,0,9.88944032,23.2657
1622146788913000,1,5.00000000,23.3088
1622146951661000,0,42.71758491,23.4231
1622146951661000,0,52.62190352,23.4231
1622146951661000,0,52.63583069,23.4309
1622146951661000,0,15.00000000,23.4409
1622146951661000,0,116.91500000,23.4409
1622146951661000,0,65.23013864,23.4409
1622146951661000,0,56.29304391,23.4488
1622147389365000,0,1.00000000,23.2647
1622147836606000,0,24.29663510,23.2635
1622148010772000,1,82.38581520,23.1259
1622148305752000,1,52.82013817,23.2870
1622148305752000,1,29.58872000,23.2832
1622148305752000,1,47.42964134,23.2830
1622148786409000,1,53.04589213,23.1796
1622148786409000,1,9.38794682,23.1703
1622148786423000,1,53.06646051,23.1703
1622148786423000,1,11.65057514,23.1506
1622148814019000,0,1.64142614,23.1436
1622148835624000,0,5.18502547,23.1257
1622148835677000,0,3.24064092,23.1257
1622148930570000,1,3.00000000,23.0000
1622148930847000,1,10.00000000,22.9990
1622148930847000,1,3.04824938,22.9736
1622149138475000,0,27.33349502,22.9652
1622149297557000,1,53.71154659,22.8927
1622149297557000,1,63.95472899,22.8869
1622149297557000,1,53.74035110,22.8772
1622149297557000,1,89.55252511,22.8746
1622149297557000,1,140.45434988,22.8542
1622149298101000,1,6.50000000,22.8772
1622149340834000,0,1.57362052,22.8715
1622150365831000,1,27.48874792,23.1935
1622150724205000,0,27.23864575,23.4064
1622150994359000,0,1.57362051,23.4102
1622150999729000,0,0.00000001,23.4102
1622151314240000,0,1.42526904,23.6041
1622151315317000,0,3.75975643,23.6041
1622151315872000,0,3.24064092,23.6064
1622151677140000,0,1.64142614,23.6900
1622151717174000,0,51.86658032,23.7511
1622151717174000,0,17.15351320,23.7614
1622152000492000,1,24.50682466,23.6437
1622152180118000,1,62.05716496,23.7249
1622152427500000,0,1.66070387,23.8852
1622152500627000,0,51.65638583,23.8500
1622152500627000,0,41.92885138,23.8619
1622152500627000,0,51.65638583,23.8619
1622152500627000,0,86.14885378,23.8621
1622152500627000,0,116.91500000,23.8753
1622152500627000,0,36.39803999,23.8753
1622152689599000,1,222.59544928,23.8422
1622152694152000,1,29.87457119,23.8422
1622153418000000,0,6.32292972,23.7232
1622153955230000,1,52.35040214,23.4832
1622153955230000,1,2.37699153,23.4730
1622154045432000,1,69.02009352,23.5939
1622154603969000,0,2.07072845,23.9095
1622154603971000,0,0.00000001,23.9095
1622154845272000,1,1.91326460,23.7741
1622156596497000,0,105.97576423,23.6089
1622156867976000,0,4.00000000,23.5966
1622157640884000,0,52.94142969,23.2947
1622157640884000,0,2.36633105,23.3135
1622157640884000,0,9.07534567,23.3135
1622158474011000,1,9.75199704,23.1100
