timestamp ms,type,amount,price
1625443231820000,0,72.93947459,20.6678
1625443275548000,0,196.55000000,20.7256
1625443631818000,1,12.06236443,20.6396
1625443632145000,1,4.72029320,20.6396
1625443706361000,0,7.00000000,20.6860
1625443752103000,1,12.11240842,20.6539
1625443902807000,1,7.60231629,20.6780
1625443965099000,1,23.09310485,20.6580
1625444031204000,0,24.14000000,20.7149
1625444320558000,1,13.36152882,20.6812
1625444499220000,0,12.06542743,20.7204
1625444928017000,0,7.14403365,20.7450
1625444928034000,0,56.61851727,20.7450
1625444946802000,1,13.38647712,20.7210
1625444946824000,1,45.57800000,20.7210
1625444966932000,0,20.11799234,20.7434
1625445686920000,0,6.08452656,20.8040
1625446520573000,0,70.14339875,20.8300
1625446520593000,0,25.84440125,20.8300
1625446829850000,0,42.51332200,20.7310
1625446833135000,0,20.00000000,20.7410
1625447069565000,0,29.36504115,20.7870
1625447069608000,0,18.69221633,20.7870
1625447069768000,0,57.04278931,20.7890
1625447069885000,0,19.28263635,20.7890
1625447812782000,1,12.50300871,20.8760
1625447861498000,0,72.98420989,20.8500
1625447937912000,1,23.99193806,20.8300
1625447937915000,1,71.74336194,20.8300
1625447938103000,0,23.99193806,20.8300
1625448246201000,0,12.49666169,20.7230
1625448350862000,0,21.93727382,20.7320
1625448350941000,0,11.03544144,20.7320
1625448350979000,0,12.06272617,20.7320
1625448365769000,0,19.36681940,20.7379
1625448368985000,0,13.11718637,20.7500
1625448412233000,1,94.49600000,20.7440
1625448413151000,1,1.63410000,20.7440
1625448539612000,1,96.45920000,20.6540
1625448712372000,1,1.74179751,20.5507
1625448712397000,1,0.00000001,20.5507
1625448712611000,1,12.50000000,20.5370
1625448724769000,1,12.50000000,20.4820
1625449353191000,1,39.20000000,20.5730
1625449446833000,1,13.71500000,20.4990
1625449446910000,1,53.75021687,20.4990
1625449446966000,1,5.68614939,20.4990
1625449475410000,1,74.58681379,20.4770
1625449764001000,1,94.49600000,20.5580
1625449873648000,0,33.12282581,20.5520
1625450139758000,1,24.39538180,20.4813
1625450139758000,1,73.16172825,20.4800
1625450139758000,1,73.14605753,20.4709
1625450139776000,1,13.00000000,20.4631
1625450139776000,1,12.48909194,20.4605
1625450139776000,1,72.67556118,20.4605
1625450139776000,1,2.66939216,20.4593
1625450139909000,1,21.91250000,20.4697
1625450139935000,1,73.89610815,20.4560
1625450145069000,0,8.67471147,20.4605
1625450145145000,0,31.76882062,20.4605
1625450145158000,0,25.59186891,20.4605
1625450145861000,0,58.64890169,20.4810
1625450145872000,0,22.73661629,20.4810
1625450145961000,0,16.28748202,20.4810
1625450145961000,0,1.65876478,20.4813
1625450185704000,0,16.95684400,20.4805
1625450218144000,0,22.73661629,20.5120
1625450224750000,1,24.36870090,20.4999
1625450224750000,1,49.52740725,20.4990
1625450367517000,1,97.82620000,20.3970
1625450381899000,1,1.75742139,20.3680
1625450382039000,1,47.74711577,20.3450
1625450393926000,1,21.91250000,20.3392
1625450394006000,1,29.02722883,20.3392
1625450664455000,1,36.03653851,20.4640
1625450687208000,0,17.17978149,20.4800
1625450698154000,0,24.68317599,20.4820
1625450713731000,1,24.40350365,20.4750
1625451180192000,0,6.02786255,20.4510
1625451526189000,1,53.38000000,20.2919
1625451586540000,0,42.18559221,20.2860
1625451586601000,0,25.72000000,20.2860
1625451928128000,0,24.67556722,20.2776
1625452169764000,1,46.00000000,20.3720
1625452309033000,1,29.43629536,20.3920
1625452309056000,1,15.20875239,20.3920
1625452309130000,1,24.43629495,20.3920
1625452404210000,0,49.46282177,20.4120
1625452668387000,1,16.49000000,20.4306
1625452708953000,1,17.85201718,20.3870
1625452709032000,1,16.33570000,20.3870
1625452709495000,1,20.31055000,20.3863
1625453141950000,1,53.02617638,20.3110
1625453288400000,1,69.45446000,20.2170
1625453288469000,1,29.28234000,20.2170
1625453288469000,1,14.51057000,20.2169
1625453449731000,1,93.34787027,20.2988
1625453450127000,1,8.00000000,20.2988
1625453454060000,1,15.47265967,20.2988
1625453454082000,1,11.55557309,20.2988
1625453654488000,1,1.77318578,20.1869
1625453714196000,1,6.72000000,20.2010
1625454126708000,1,55.15375075,20.2230
1625454223975000,1,24.76933792,20.1720
1625454571367000,0,31.00000000,20.3900
1625455012594000,0,17.51954154,20.4162
1625455012883000,0,5.80939182,20.4162
1625456096641000,1,10.31039127,20.2770
1625456096844000,1,22.04655458,20.2770
1625457009838000,1,30.27445391,20.2980
1625457905181000,1,24.65834892,20.2625
1625457905181000,1,73.95202434,20.2586
1625457905181000,1,300.98200000,20.2540
1625457905181000,1,98.42590000,20.2540
1625457905181000,1,12.10355427,20.2532
1625457905181000,1,66.33817247,20.2529
1625457905201000,1,7.92537634,20.2529
1625457905201000,1,13.00000000,20.2461
1625457905201000,1,148.07423211,20.2461
1625457905204000,1,61.96323426,20.2461
1625457905204000,1,50.94634739,20.2461
1625457905545000,1,13.00000000,20.2283
1625457905784000,1,27.34020000,20.2359
1625457905816000,1,7.80372419,20.2359
1625457915862000,1,5.57367678,20.1715
1625457915899000,1,6.23629014,20.1715
1625457915927000,1,11.80457696,20.1402
1625457915927000,1,13.00000000,20.0074
1625457915927000,1,16.52851304,20.0074
1625457916498000,1,1.00000000,20.0233
1625457919362000,1,41.86917000,20.0625
1625457926576000,1,1.78909067,20.0074
1625458024803000,1,41.33309000,20.0640
1625458024870000,1,5.57367678,20.0640
1625458027064000,1,94.18665222,20.0565
1625458076404000,1,5.65467900,20.0770
1625458076414000,1,74.74586406,20.0770
1625458076434000,1,19.12375694,20.0770
1625458076434000,1,24.89173925,20.0762
1625458089163000,1,22.80000000,20.0666
1625458089220000,1,15.41493498,20.0666
1625458091080000,1,24.91863057,20.0590
1625458091350000,1,49.18136943,20.0590
1625458119690000,1,16.08857152,20.0410
1625458119694000,1,29.06800071,20.0410
1625458119697000,1,54.52612777,20.0410
1625458119940000,1,23.61063235,20.0390
1625458119974000,1,10.81063235,20.0390
1625458120188000,1,13.58356800,20.0390
1625458120252000,1,48.40972950,20.0390
1625458382456000,1,9.99993212,20.0460
1625458702831000,1,50.88470366,20.1220
1625458720022000,1,24.84603308,20.1180
1625458721295000,1,19.89562415,20.1019
1625458721310000,1,13.93003640,20.1019
1625458721315000,1,7.00953895,20.1019
1625459165824000,1,29.67212304,20.2280
1625459166066000,1,27.50292684,20.2260
1625459389907000,1,10.57000000,20.2266
1625459555343000,0,73.72009700,20.2780
1625459555352000,0,24.67064681,20.2785
1625460008626000,0,1.78909067,20.3899
1625460079442000,1,43.59454052,20.3740
1625460079566000,1,73.18630581,20.3720
1625460079842000,1,24.91829419,20.3720
1625460186686000,1,62.52551995,20.3790
1625460186738000,1,15.00000000,20.3790
1625460188277000,1,54.48974955,20.3750
1625460188340000,1,19.98354539,20.3750
1625460236191000,0,70.20123057,20.3800
1625460236214000,0,27.73716943,20.3800
1625460422227000,0,24.57151067,20.3610
1625460443716000,0,1.10000000,20.3590
1625460455997000,1,1.10000000,20.3240
1625460463562000,1,579.81000000,20.3258
1625460463562000,1,97.05840000,20.3240
1625460463562000,1,24.58807010,20.3229
1625460463562000,1,95.25198598,20.3221
1625460463562000,1,8.42923703,20.3156
1625460463562000,1,9.47614932,20.3118
1625460463562000,1,181.27702532,20.3118
1625460924992000,1,15.67626053,20.3150
1625460950027000,1,45.74196059,20.2960
1625460950621000,1,6.89961066,20.2940
1625460950727000,1,12.65216290,20.2940
1625460950769000,1,41.51051710,20.2940
1625460951016000,1,25.45207057,20.2940
1625460951220000,1,11.98833877,20.2940
1625460972999000,1,73.91432710,20.2590
1625461515201000,1,1.88070786,20.2999
1625461519148000,1,22.73509636,20.2999
1625461519148000,1,73.47862883,20.2998
1625461519148000,1,230.81454000,20.2960
1625461519148000,1,98.23420000,20.2960
1625461519148000,1,15.55018837,20.2952
1625461519148000,1,569.90000000,20.2952
1625461519148000,1,95.45892303,20.2952
1625461519148000,1,73.83255153,20.2952
1625461519148000,1,300.98200000,20.2916
1625461519148000,1,38.88163075,20.2877
1625461519148000,1,73.20496750,20.2876
1625461519148000,1,73.82505879,20.2850
1625461519148000,1,28.46402088,20.2727
1625461545194000,1,22.86281905,20.3060
1625461682313000,1,74.26716506,20.3320
1625461822415000,0,24.62240598,20.3169
1625461822524000,0,17.22862200,20.3169
1625461822534000,0,7.39378398,20.3169
1625462089735000,1,24.74447319,20.1959
1625462089735000,1,75.25552681,20.1920
1625462269584000,1,42.58776471,20.1520
1625462269586000,1,56.35373529,20.1520
1625462269586000,1,24.79606985,20.1513
1625462269586000,1,73.95394482,20.1450
1625462546511000,0,36.31000000,20.1520
1625462552897000,1,30.35517157,20.1410
1625462552923000,1,63.22685869,20.1410
1625462611776000,0,0.00166535,20.1520
1625462934559000,1,27.31400000,20.1020
1625462934681000,1,65.79062943,20.1020
1625463167799000,1,16.18707843,20.1231
1625463167808000,1,8.63833984,20.1231
1625463352921000,1,7.40996887,20.2460
1625463352929000,1,32.73017926,20.2460
1625463352931000,1,28.51000000,20.2460
1625463353002000,1,25.94771796,20.2460
1625463872558000,0,24.66251077,20.2914
1625463908139000,1,73.57744049,20.2910
1625463908169000,1,18.84200000,20.2910
1625463908175000,1,1.68775825,20.2910
1625464736177000,0,66.22650990,20.3980
1625464817846000,1,72.53264547,20.4040
1625464827424000,0,31.59600000,20.4511
1625465038950000,0,300.98200000,20.3573
1625465038950000,0,24.57636283,20.3574
1625465038950000,0,98.20480000,20.3600
1625465038950000,0,73.76369749,20.3609
1625465038950000,0,74.29480709,20.3615
1625465038950000,0,5.57493714,20.3670
1625465140540000,0,24.59773485,20.3397
1625465332986000,0,77.54036914,20.2890
1625465424355000,0,4.23797119,20.3470
1625465508192000,0,13.73499767,20.3810
1625465508360000,0,51.78564650,20.3810
1625465508631000,0,9.27274760,20.3810
1625465593938000,0,24.11089303,20.3990
1625465593996000,0,49.00000000,20.3990
1625465674037000,0,3.73664637,20.4100
1625465774817000,0,67.00000000,20.4110
1625465891828000,1,48.98020054,20.5040
1625465991131000,0,24.43265619,20.4748
1625466192288000,1,53.31293850,20.3830
1625466192402000,1,44.65486150,20.3830
1625466402596000,1,27.48279854,20.3700
1625466695051000,1,20.26951643,20.2899
1625466695974000,1,53.95696714,20.2899
1625466697903000,1,39.02102861,20.2899
1625466945679000,1,22.00943552,20.2900
1625468225672000,1,60.34707990,20.3300
1625468331654000,1,30.96869447,20.3560
1625468331661000,1,7.37023473,20.3560
1625468331687000,1,8.81972911,20.3560
1625468331808000,1,29.00000000,20.3560
1625468629729000,1,45.05275400,20.3030
1625468629824000,1,35.98540836,20.3030
1625468629888000,1,17.17693764,20.3030
1625468757910000,1,35.04315569,20.2660
1625468834903000,1,27.48204372,20.2960
1625468834933000,1,17.45546300,20.2960
1625468834957000,1,32.09148343,20.2960
1625468834957000,1,21.37260985,20.2960
1625469011357000,1,87.00012108,20.2570
1625469660062000,1,24.72833890,20.2043
1625469660062000,1,73.95533263,20.1933
1625469660062000,1,14.90507951,20.1888
1625469660062000,1,55.21947935,20.1881
1625469660062000,1,18.93676091,20.1881
1625469660062000,1,41.61912000,20.1830
1625469660062000,1,74.69505705,20.1805
1625469660062000,1,33.55729243,20.1782
1625469660065000,1,37.27473788,20.1805
1625469660065000,1,13.89960891,20.1782
1625469684579000,0,35.59623710,20.1460
1625469684637000,0,63.63986290,20.1460
1625469742934000,0,72.94781829,20.1460
1625469848036000,1,74.00239999,20.1230
1625470376555000,0,72.77804069,20.2270
1625470462894000,0,24.74478534,20.2165
1625470463009000,0,29.65330000,20.2190
1625470595493000,0,28.18932362,20.2070
1625470826261000,1,74.24639904,20.2040
1625470826354000,1,15.30000000,20.2040
1625470826363000,1,9.35860096,20.2040
1625471049747000,0,24.79890589,20.1726
1625471053336000,0,35.29411765,20.1720
1625471101034000,1,4.40792190,20.1460
1625471190344000,0,0.00000692,20.1726
1625471347637000,1,73.71858301,20.2220
1625471447400000,1,17.82112228,20.1990
1625471447407000,1,28.10000000,20.1990
1625471447412000,1,29.41516272,20.1990
1625471447424000,1,23.30841500,20.1990
1625472373869000,0,24.76773218,20.2034
1625472373877000,0,73.29556255,20.1990
1625472489481000,1,10.12489897,20.2259
1625472642450000,1,24.68190414,20.2464
1625473217643000,0,78.62443934,20.1770
1625473706978000,1,28.43254900,20.1200
1625473706991000,1,19.03118534,20.1200
1625473707244000,1,8.06648800,20.1130
1625473707257000,1,5.70365305,20.1130
1625473707280000,1,28.01468032,20.1130
1625473707434000,1,19.00000000,20.1130
1625473707441000,1,22.53711331,20.1130
1625473707442000,1,15.89676532,20.1130
1625473707442000,1,58.91524202,20.1096
1625473707442000,1,38.06548461,20.1096
1625473708215000,1,8.89802800,20.1025
1625473708493000,1,11.42299032,20.1025
1625473818390000,1,13.36307629,20.1150
1625473818398000,1,33.30831067,20.1150
1625473961473000,0,13.77162753,20.1247
1625475357041000,1,13.62056135,20.1860
1625475573679000,0,24.69018792,20.2615
1625475579737000,0,8.14017646,20.2690
1625475579753000,0,16.00000000,20.2690
1625475579767000,0,8.00000000,20.2690
1625475617417000,0,24.71000000,20.2450
1625475952373000,0,24.50000000,20.4156
1625475990523000,0,21.65000000,20.3871
1625475998516000,0,5.41000000,20.3964
1625476424698000,1,24.44000336,20.4542
1625476424698000,1,48.04481247,20.4520
1625477076974000,1,72.85351065,20.4600
1625477143794000,0,97.73160000,20.4200
1625477143794000,0,2.26840000,20.4200
1625477276820000,1,76.42635176,20.4210
1625477276834000,1,21.14554824,20.4210
1625477306920000,1,16.45742197,20.3950
1625477394898000,0,30.83034121,20.4090
1625477394989000,0,35.40413450,20.4090
1625477395023000,0,27.79233913,20.4090
1625477816058000,1,15.19955292,20.2740
1625478158416000,1,39.23539828,20.2930
1625478158792000,1,7.38591718,20.2890
1625478158852000,1,74.94703338,20.2890
1625478158853000,1,16.21504944,20.2890
1625478383217000,1,11.99999414,20.2344
1625478800663000,1,12.20984622,20.3100
1625478800663000,1,56.46347670,20.3100
1625479203919000,1,13.78500000,20.2780
1625479203965000,1,74.01199054,20.2780
1625479966977000,1,16.43482540,20.3848
1625479967026000,1,8.08194847,20.3848
1625480157692000,1,48.67812900,20.3790
1625480157737000,1,46.74472414,20.3790
1625480157975000,1,2.47584686,20.3790
1625480323089000,1,6.98551196,20.3810
1625480494748000,1,73.06719684,20.3970
1625480494750000,1,24.81530316,20.3970
1625480688657000,1,24.33552846,20.5305
1625480688657000,1,73.02865025,20.5276
1625481540219000,1,67.81800560,20.4680
1625481911581000,1,8.00000000,20.4858
1625482191115000,0,1.77318578,20.5728
1625482435146000,0,24.35860553,20.5365
1625482435146000,0,65.47711292,20.5440
1625482440799000,0,22.47384418,20.5365
1625482443848000,0,1.88476135,20.5365
1625482443848000,0,3.73179806,20.5460
1625482524650000,1,20.98849278,20.5210
1625482524724000,1,44.33545115,20.5210
1625482524729000,1,14.62009678,20.5210
1625482524754000,1,17.41035929,20.5210
1625483101933000,1,72.60855486,20.5270
1625483101995000,1,37.33274514,20.5270
1625483154673000,1,14.61893512,20.5270
1625483154711000,1,58.96111490,20.5270
1625483260521000,1,72.60000000,20.5400
1625483260592000,1,14.77825473,20.5400
1625483261008000,1,9.79394527,20.5400
1625483261342000,1,19.35473153,20.5370
1625483261558000,1,4.98430946,20.5370
1625483351302000,1,11.69920781,20.5380
1625483351322000,1,41.00000000,20.5380
1625483351361000,1,3.45189219,20.5380
1625483351411000,1,11.15310781,20.5380
1625483438663000,1,30.25497133,20.4990
1625483589742000,1,24.03224919,20.4390
1625483589819000,1,23.49141095,20.4390
1625483589879000,1,48.94043948,20.4390
1625483704582000,1,25.86703745,20.3930
1625483704671000,1,13.24698264,20.3930
1625483704766000,1,10.00300000,20.3930
1625483775698000,1,8.79357605,20.3510
1625483845648000,1,11.33331080,20.3720
1625483868904000,0,147.15757780,20.3863
1625483946756000,1,21.05367678,20.3870
1625483946858000,1,76.87972322,20.3870
1625483946858000,1,3.46354880,20.3864
1625483969527000,1,49.53990347,20.3790
1625483969605000,1,48.49479653,20.3790
1625483969605000,1,17.32737387,20.3788
1625483969605000,1,7.94903044,20.3788
1625483970087000,1,24.53005014,20.3752
1625484079185000,1,12.92605558,20.3850
1625484128590000,1,59.36336500,20.2910
1625484129060000,1,98.31380000,20.2870
1625484144813000,1,12.35386173,20.2682
1625484145010000,1,2.67718931,20.2482
1625484175508000,1,6.25765041,20.2560
1625484209421000,1,24.65468357,20.2730
1625484221327000,1,18.14260090,20.2722
1625484248470000,1,24.68722206,20.2380
1625484262791000,1,24.72672406,20.2033
1625484262791000,1,4.64289036,20.2029
1625484262868000,1,10.99300000,20.2029
1625484262989000,1,40.27327046,20.2029
1625484266635000,1,1.77318577,20.1869
1625484268761000,1,0.00000001,20.1869
1625484332065000,1,74.44734280,20.0074
1625484332065000,1,1.78909067,20.0074
1625484352313000,1,1.80513871,19.8296
1625484352771000,1,0.00000001,19.8296
1625484436184000,1,8.68570768,19.8581
1625484501214000,1,25.27634158,19.7604
1625484602770000,1,25.23290641,19.8039
1625484862827000,1,1.82133083,19.6533
1625484862830000,1,0.00000001,19.6533
1625484862917000,1,9.41041114,19.6023
1625484862917000,1,24.28831885,19.5990
1625484862917000,1,76.37742317,19.5990
1625484862917000,1,61.44195931,19.5853
1625484862917000,1,152.57534431,19.5853
1625484862917000,1,76.55344055,19.5818
1625484862917000,1,8.47356856,19.5798
1625484862917000,1,152.80924013,19.5604
1625484866653000,1,13.99999940,19.5430
1625484873684000,1,1.83766794,19.4785
1625484976137000,1,11.00176690,19.5698
1625484991009000,0,11.61195399,19.4902
1625485024964000,1,25.51641566,19.5648
1625485024964000,1,62.43858434,19.5605
1625485085678000,1,46.60613516,19.5190
1625485432544000,1,78.52461515,19.5980
1625485436715000,1,10.78394936,19.5980
1625485457837000,1,76.14474824,19.6150
1625485466039000,1,51.11457409,19.5910
1625485802523000,0,77.58740000,19.5147
1625485802552000,0,0.00006588,19.5147
1625485802708000,0,60.79921403,19.5324
1625485813488000,1,71.96027429,19.5496
1625485900857000,1,18.77445174,19.5318
1625485900858000,1,6.80481159,19.5318
1625485900858000,1,68.57279539,19.5280
1625485957809000,0,72.98576425,19.4970
1625485991183000,0,59.12394233,19.4980
1625485991662000,0,17.25000000,19.5000
1625486118475000,1,1.85415189,19.3054
1625486118481000,1,0.00000001,19.3054
1625486144921000,1,25.89087093,19.2891
1625486144921000,1,77.65055452,19.2811
1625486144921000,1,50.87603666,19.2744
1625486145330000,0,12.75201613,19.2731
1625486195873000,1,26.05766742,19.1721
1625486196082000,1,4.48235329,19.1635
1625486219349000,0,88.15098762,19.1660
1625486219507000,0,16.11551237,19.1660
1625486219605000,0,0.00000001,19.1660
1625486562650000,1,36.66235870,19.4090
1625486671238000,1,36.83040221,19.3910
1625486671280000,1,10.61871533,19.3910
1625486671337000,1,10.22259900,19.3910
1625486671449000,1,18.60000000,19.3910
1625486744494000,1,38.21355302,19.3990
1625486751808000,1,22.74514213,19.3580
1625486752317000,1,55.31144998,19.3550
1625486752443000,1,35.23574261,19.3550
1625486752443000,1,12.70630741,19.3550
1625486887502000,1,12.49999355,19.3671
1625486887543000,1,88.03197433,19.3671
1625487579779000,1,54.47219140,19.3840
1625487579806000,1,12.38286260,19.3840
1625487616745000,1,76.33194079,19.3910
1625487616781000,1,26.52795921,19.3910
1625487635292000,0,11.68980036,19.4350
1625487750315000,0,6.24000000,19.4159
1625487954619000,0,25.77221512,19.4132
1625487956638000,1,18.87363846,19.3830
1625487956831000,1,14.12261487,19.3830
1625487958619000,1,25.78777562,19.3733
1625487958619000,1,43.37563000,19.3657
1625487958619000,1,62.43248435,19.3652
1625487958621000,1,14.43720586,19.3652
1625487958621000,1,77.35769290,19.3638
1625487958621000,1,6.59673612,19.3543
1625487958621000,1,2.53720620,19.3543
1625487958621000,1,71.94165159,19.3535
1625488138203000,0,25.84000000,19.3526
1625488145175000,0,25.86000000,19.3433
1625488190217000,0,11.56000000,19.3448
1625488199448000,0,2.90000000,19.3442
1625488725044000,0,15.82990190,19.3568
1625488728649000,0,8.88270048,19.3648
1625488729183000,0,16.94448371,19.3648
1625488791963000,0,55.46089745,19.3770
1625489195000000,1,40.33314179,19.3210
1625489195034000,1,62.80315821,19.3210
1625489204630000,1,47.41220000,19.2950
1625489205036000,1,27.81441956,19.2830
1625489205048000,1,68.38944323,19.2830
1625489205144000,1,7.18043721,19.2830
1625489205144000,1,30.03996803,19.2830
1625489598394000,1,29.25481975,19.3020
1625489810032000,1,53.12731027,19.3000
1625489810278000,1,10.00000000,19.3000
1625489810385000,1,37.74489694,19.3000
1625489810385000,1,40.46108260,19.3000
1625490253213000,1,77.36889400,19.3890
1625490540499000,0,25.64000000,19.5106
1625490543715000,0,8.06000000,19.5101
1625490699566000,1,40.55157221,19.4760
1625490699605000,1,30.54646721,19.4760
1625490699633000,1,31.37596058,19.4760
1625490742909000,0,11.26000000,19.4950
1625490822767000,1,6.67061280,19.4980
1625490968203000,0,17.66000000,19.5619
1625490969209000,0,4.42000000,19.5619
1625490972425000,1,46.59318145,19.5330
1625490972556000,1,55.59131855,19.5330
1625490972556000,1,22.08128041,19.5328
1625491092598000,1,7.73522820,19.5250
1625491092603000,1,77.41390000,19.5250
1625491092615000,1,17.13367180,19.5250
1625491239239000,1,44.77291794,19.4799
1625491597816000,1,72.19393140,19.4970
1625491638504000,0,12.49000000,19.5192
1625491787200000,0,17.33000000,19.5565
1625491788287000,0,4.33000000,19.5565
1625491956455000,1,40.98339701,19.5290
1625491956480000,1,35.34817956,19.5290
1625491956516000,1,25.70072343,19.5290
1625492063382000,1,75.67237814,19.5567
1625492063538000,1,27.00301620,19.5567
1625492390233000,1,74.71564761,19.5600
1625492390430000,1,27.12935239,19.5600
1625492591698000,1,25.45735537,19.6480
1625492591698000,1,13.68977915,19.6460
1625492591756000,1,42.88891559,19.6460
1625492686591000,1,25.49701387,19.6029
1625492686591000,1,25.54707894,19.6000
1625492686799000,1,25.49701387,19.6029
1625492859347000,0,1.85415190,19.6744
1625492883720000,1,54.48328304,19.6670
1625492987023000,1,25.46086027,19.6280
1625493169057000,1,22.99991822,19.6093
1625493378691000,1,71.01008319,19.6050
1625493378725000,1,25.49609925,19.6050
1625493378773000,1,5.35741756,19.6050
1625493378773000,1,10.84063034,19.6034
1625493378807000,1,14.65546891,19.6034
1625493699411000,0,8.39000000,19.5291
1625493879198000,0,21.15000000,19.6473
1625493885393000,0,4.32000000,19.6473
1625493903353000,1,12.48339686,19.6340
1625493903400000,1,36.02479813,19.6340
1625493921354000,0,0.00293497,19.6473
1625493937844000,1,36.00000000,19.6440
1625493937891000,1,65.52150000,19.6440
1625493937891000,1,9.81180289,19.6427
1625493938496000,1,9.01900062,19.6450
1625494017151000,1,16.40015207,19.6350
1625494017156000,1,66.95159056,19.6350
1625494017174000,1,18.29405737,19.6350
1625494166878000,1,76.41559857,19.6440
1625494166915000,1,14.39645520,19.6440
1625494167010000,1,10.78814623,19.6440
1625494227644000,1,25.48332640,19.6136
1625494227644000,1,50.00761978,19.6130
1625494227808000,1,30.61990000,19.6130
1625494227842000,1,21.02868022,19.6130
1625494273496000,1,19.35552379,19.6052
1625494297914000,1,25.51160264,19.5919
1625494328539000,1,34.30073212,19.5900
1625494348398000,1,9.75998740,19.5950
1625494348425000,1,15.74376632,19.5950
1625494480002000,1,25.49881793,19.6032
1625494641791000,1,63.68224065,19.6440
1625494688814000,1,29.17349102,19.6120
1625494817574000,1,5.00000000,19.6420
1625494817827000,1,74.90329691,19.6420
1625494817893000,1,21.81430309,19.6420
1625494817893000,1,25.44495292,19.6419
1625494818674000,1,23.54074399,19.6328
1625494926303000,1,37.21167363,19.6400
1625495015995000,1,16.35117401,19.6214
1625495378113000,1,16.38346034,19.5330
1625495378224000,1,58.85566280,19.5330
1625495546922000,1,33.98812840,19.5340
1625495547074000,1,33.40000000,19.5340
1625495549515000,1,77.41604717,19.5250
1625495554517000,1,102.30600000,19.5160
1625495554517000,1,13.24963440,19.5154
1625495699380000,1,15.30768592,19.6090
1625495699499000,1,10.20512297,19.6090
1625495799036000,1,44.77511390,19.5880
1625496281204000,0,4.06139394,19.6023
1625496298149000,1,3.28707203,19.5730
1625496298172000,1,77.17469079,19.5730
1625496298243000,1,11.84385686,19.5730
1625496649943000,1,25.46278310,19.6290
1625496728069000,1,79.44555863,19.6210
1625496822525000,1,76.13499728,19.6230
1625496826482000,1,15.31197695,19.6140
1625496826542000,1,5.02513183,19.6140
1625497096070000,1,75.90304202,19.6470
1625497096107000,1,25.73185798,19.6470
1625497225628000,1,56.74864920,19.6490
1625497225633000,1,19.00000000,19.6490
1625497271621000,1,29.07318703,19.6250
1625497274853000,1,20.53130173,19.6250
1625497274880000,1,52.06861124,19.6250
1625497323753000,1,30.62490000,19.5792
1625497323771000,1,30.54934803,19.5792
1625497323824000,1,76.24204217,19.5792
1625497430846000,1,17.75833357,19.5569
1625497430958000,1,7.79720738,19.5569
1625497430958000,1,10.62779262,19.5550
1625497659354000,0,101.41220000,19.6730
1625498873200000,1,7.00000000,19.5910
1625498873251000,1,77.13132665,19.5910
1625498879328000,1,20.76157736,19.5830
1625498879348000,1,55.59967345,19.5830
1625498879491000,1,13.67200000,19.5751
1625498879519000,1,76.20000000,19.5800
1625498879569000,1,25.82290000,19.5800
1625499264963000,1,10.04695236,19.4850
1625499264982000,1,29.78788968,19.4850
1625499265025000,1,38.00000000,19.4850
1625499265153000,1,24.61615796,19.4850
1625499265234000,1,24.00000000,19.4769
1625499271873000,1,14.20719075,19.4508
1625499644626000,1,25.00000000,19.5339
1625499644648000,1,77.68408422,19.5339
1625499644649000,1,54.42226632,19.5339
1625499644651000,1,64.56152028,19.5339
1625499644681000,1,88.32790300,19.5339
1625499644696000,1,75.81967213,19.5339
1625499644698000,1,64.29999999,19.5339
1625499644699000,1,76.85213708,19.5339
1625499644701000,1,16.40520865,19.5339
1625499644733000,1,21.56720833,19.5339
1625499772788000,1,41.41187523,19.5790
1625499797081000,0,8.79715232,19.6100
1625499859627000,1,25.50083707,19.5953
1625500689301000,1,10.53645808,19.4720
1625500689404000,1,9.12420840,19.4720
1625500814376000,1,37.31506669,19.4220
1625500814439000,1,53.82741317,19.4220
1625500819455000,1,8.97500000,19.4070
1625500934355000,0,106.25000000,19.5959
1625500935206000,0,509.85464629,19.5959
1625501116146000,1,76.05009789,19.5510
1625501167222000,1,22.29216935,19.5474
1625501213744000,1,15.34997953,19.5510
1625501214300000,1,72.98660000,19.5460
1625501393489000,1,25.52492779,19.5840
1625501393796000,1,21.69362000,19.5840
1625501393861000,1,18.75137019,19.5840
1625501439441000,1,34.73641194,19.5868
1625501439472000,1,41.37719656,19.5868
1625501470660000,0,24.97056395,19.6140
1625501470727000,0,76.77453605,19.6140
1625501898867000,1,76.02027285,19.6123
1625502131310000,1,9.11464869,19.6840
1625503010762000,0,34.44150000,19.6916
1625503204980000,1,14.26116526,19.7100
1625503204980000,1,5.43028231,19.7100
1625503625894000,1,4.98079740,19.6500
1625503786953000,1,25.74058546,19.6770
1625504033570000,1,9.42693641,19.6990
1625504033848000,1,21.06070000,19.6990
1625504041358000,0,4.71317673,19.7100
1625504201954000,1,19.24676874,19.7280
1625505052731000,1,22.38299512,19.6980
1625505053319000,1,32.01687101,19.6950
1625505066529000,1,59.78500217,19.6760
1625505066642000,1,30.00000000,19.6760
1625505327589000,1,76.36633461,19.6610
1625505327669000,1,14.27419887,19.6610
1625505327758000,1,79.96092599,19.6610
1625505328108000,1,25.18708532,19.6590
1625505328190000,1,20.20133568,19.6590
1625505328243000,1,12.42312471,19.6590
1625505328333000,1,7.81598623,19.6590
1625505790715000,0,5.00000000,19.6490
1625505867376000,1,13.74398664,19.5908
1625505885386000,1,11.75000000,19.5810
1625505926579000,1,0.00291760,19.5810
1625505927111000,1,4.08621094,19.5664
1625506177050000,1,11.16169442,19.5520
1625506360280000,1,22.37400531,19.5200
1625506360280000,1,53.63167091,19.5200
1625506360391000,1,57.84429310,19.5170
1625506360505000,1,22.37399921,19.5200
1625506361189000,1,77.40763709,19.5090
1625506361192000,1,14.36281620,19.5090
1625506361210000,1,10.50824671,19.5090
1625506427905000,1,4.20797725,19.4454
1625506432293000,1,27.40000000,19.4178
1625506432330000,1,8.61390000,19.4178
1625506435077000,1,28.12477808,19.4056
1625506707600000,1,1.85415189,19.3054
1625506707677000,1,0.00000001,19.3054
1625507068084000,1,15.96243000,19.2211
1625507073721000,1,16.55111913,19.1636
1625507073721000,1,13.46366469,19.1630
1625507073721000,1,41.38149220,19.1565
1625507073721000,1,78.16161865,19.1565
1625507073721000,1,23.32779178,19.1465
1625507073747000,1,84.27432027,19.1465
1625507073747000,1,40.22413246,19.1465
1625507088671000,0,3.89896001,19.2205
1625507229978000,0,103.77869500,19.2590
1625507865633000,0,1.85415189,19.6744
1625507865651000,0,0.00000001,19.6744
1625508130246000,0,1.83766793,19.8509
1625508130248000,0,0.00000001,19.8509
1625508178611000,0,25.21000000,19.8454
1625508181249000,0,19.59000000,19.8553
1625508194269000,0,4.90000000,19.8347
1625508341222000,1,98.94000000,19.8868
1625508749140000,0,8.21258818,19.8187
1625508749193000,0,8.82296054,19.8187
1625508749475000,0,8.21258818,19.8187
1625508800895000,0,5.98920512,19.8311
1625509183389000,0,12.60001974,19.8480
1625509687728000,0,25.08433441,19.9469
1625509695448000,0,99.73900000,20.0190
1625509695448000,0,25.00436257,20.0198
1625509733227000,0,4.00000000,20.0236
1625509794778000,1,67.85758384,19.9350
1625509794778000,1,101.94313105,19.9303
1625509975014000,1,48.79813527,19.8000
1625509978174000,0,32.29751316,19.8210
1625510536611000,1,67.36875668,19.8430
1625510537283000,1,8.06980380,19.8330
1625510624562000,1,73.64161475,19.8330
1625510624569000,1,26.99088525,19.8330
1625510886256000,1,94.78625916,19.8180
1625511579613000,1,54.17911171,19.8842
1625511579626000,1,28.55111100,19.8842
1625511579666000,1,66.19470046,19.8850
1625511579685000,1,31.99253474,19.8850
1625511579696000,1,7.25876480,19.8850
1625511665985000,1,25.11665031,19.9070
1625511665991000,1,25.11665031,19.9070
1625511666038000,1,18.21235637,19.9070
1625511666072000,1,13.18370167,19.8984
1625511666206000,1,11.18216739,19.8970
1625511666230000,1,18.56048900,19.8970
1625511666367000,1,12.47985449,19.8970
1625511831595000,1,23.83428055,19.9300
1625511831611000,1,38.00183347,19.9300
1625511831620000,1,38.21468598,19.9300
1625511832484000,1,54.95311309,19.9310
1625511894180000,1,14.03979227,19.9280
1625511897978000,1,13.00617184,19.9277
1625511943479000,1,25.11196173,19.9043
1625511947421000,1,8.56261148,19.9043
1625511947478000,1,16.54935025,19.9043
1625512077937000,0,14.34000000,19.9850
1625512129533000,1,75.67090000,19.9620
1625512129644000,1,24.18370000,19.9620
1625512129983000,1,49.76779239,19.9630
1625512316890000,1,35.41568789,19.9650
1625512316933000,1,64.53431211,19.9650
1625512316933000,1,9.69051084,19.9630
1625512344761000,1,72.76250000,19.9950
1625512344770000,1,30.04670000,19.9950
1625512346108000,0,1.82133083,20.0289
1625512346185000,0,1.82133084,20.0289
1625512436763000,1,69.43805570,20.0890
1625512436991000,1,28.74313470,20.0850
1625512437072000,1,36.85000000,20.0850
1625512437175000,1,32.84679620,20.0850
1625512437181000,1,0.83476910,20.0850
1625512683503000,0,24.86000000,20.1224
1625512726849000,0,0.00243879,20.1224
1625512726849000,0,5.95756121,20.1308
1625512731830000,0,14.77000000,20.1381
1625512732866000,0,5.94000000,20.1381
1625512782255000,0,19.19000000,20.1432
1625512810600000,0,6.11000000,20.1318
1625512819241000,0,18.74000000,20.1318
1625512844709000,0,0.00499720,20.1318
1625512853419000,0,24.83000000,20.1473
1625512915241000,0,0.00206360,20.1473
1625512952313000,0,12.68000000,20.1495
1625512976249000,0,24.83000000,20.1492
1625512997136000,0,0.00063433,20.1492
1625513145243000,0,24.78000000,20.1863
1625513152641000,0,0.00255781,20.1863
1625513152641000,0,7.33744219,20.1863
1625513169843000,0,73.79175736,20.1950
1625513182560000,0,24.78000000,20.1856
1625513229659000,0,1.80513872,20.2086
1625513365108000,0,10.89933295,20.1351
1625513365160000,0,3.05266350,20.1351
1625513850795000,0,10.07143044,20.3120
1625513850826000,0,24.00000000,20.3120
1625513850826000,0,27.11979684,20.3120
1625513850839000,0,37.11817272,20.3120
1625514077238000,0,3.16000000,20.2619
1625514259596000,0,24.69000000,20.2594
1625514297623000,0,0.00523744,20.2594
1625514297623000,0,24.69476256,20.2594
1625514307043000,0,0.00047488,20.2594
1625514369320000,0,4.92000000,20.2565
1625514864894000,1,8.38519358,20.2022
1625514937257000,0,4.88000000,20.2420
1625514937850000,0,24.70730202,20.2501
1625514978729000,0,1.00000000,20.2750
1625515060241000,0,24.70000000,20.2564
1625515083442000,0,0.00136170,20.2564
1625515083442000,0,22.55863830,20.2564
1625515205085000,0,2.58000000,20.2698
1625515207492000,0,24.67486334,20.2796
1625515656217000,1,75.31463680,20.1960
1625515656231000,1,23.60706320,20.1960
1625515656431000,1,47.93023290,20.1970
1625515743294000,0,16.14000000,20.1841
1625515744519000,0,10.03000000,20.1911
1625515749298000,0,20.10000000,20.1989
1625515959341000,0,24.79000000,20.1862
1625516361171000,1,74.88816370,20.1800
1625516363736000,1,24.99999883,20.1647
1625516637280000,1,5.74360563,20.0250
1625516826694000,1,4.00000000,20.0570
1625516935030000,1,6.64636799,20.0570
1625516935517000,1,1.85617682,20.0570
1625516935517000,1,4.05773567,20.0490
1625517118081000,1,49.71890851,20.1230
1625517118110000,1,11.64668298,20.1230
1625517118394000,1,74.48721020,20.1190
1625517232238000,0,24.88000000,20.1069
1625517350545000,1,33.84057598,19.9980
1625517350552000,1,8.85877686,19.9980
1625517350553000,1,14.31859432,19.9980
1625517350566000,1,28.38075852,19.9980
1625517350567000,1,8.46568408,19.9980
1625517350631000,1,5.85291024,19.9980
1625517403287000,1,65.28588298,19.9660
1625517405690000,1,4.46240000,19.9410
1625517450439000,0,4.00000000,19.9810
1625518034351000,1,9.01225104,19.9540
1625518034404000,1,74.60000000,19.9540
1625518367238000,0,25.04000000,19.9834
1625518389093000,0,0.00106551,19.9834
1625518389093000,0,25.03893449,19.9834
1625518401399000,0,0.00213102,19.9834
1625518556235000,0,25.01000000,20.0042
1625518613911000,1,20.74723470,19.9810
1625518686024000,0,0.00486663,20.0042
1625518775917000,0,26.84000000,20.0203
1625518815292000,0,24.98000000,20.0273
1625518829239000,0,0.00596901,20.0273
1625518829239000,0,24.97403099,20.0344
1625518845923000,0,0.00249113,20.0344
1625519245018000,1,8.85387040,20.0721
1625519245057000,1,11.88227621,20.0721
1625519302555000,1,41.34950134,20.0780
1625519302569000,1,31.88362476,20.0780
1625519302643000,1,26.07747390,20.0780
1625519322434000,0,12.45764401,20.0786
1625519403461000,0,0.00233145,20.1069
1625519430191000,0,0.00174480,20.1862
1625519441594000,1,12.44247222,20.1810
1625519443360000,1,64.28330302,20.1840
1625519443437000,1,34.65339698,20.1840
1625519443731000,1,9.30000000,20.1683
1625519443738000,1,5.10765051,20.1683
1625519645206000,0,12.40918339,20.2257
1625519681774000,1,12.38150282,20.2244
1625519701200000,1,25.00000000,20.2120
1625519778236000,0,2.74000000,20.2451
1625519785244000,0,6.06000000,20.2451
1625519787104000,0,3.07000000,20.2451
1625519788151000,0,1.96000000,20.2451
1625519789242000,0,2.11000000,20.2451
1625519790305000,0,2.79000000,20.2451
1625519791344000,0,2.56000000,20.2451
1625519792512000,0,1.34000000,20.2451
1625519801845000,1,12.34864268,20.2301
1625519838979000,0,24.69116628,20.2619
1625519917243000,0,22.37000000,20.2639
1625519921986000,1,12.33839783,20.2414
1625519998154000,0,3.74000000,20.2334
1625520000488000,0,3.64000000,20.2334
1625520001510000,0,2.73000000,20.2334
1625520006145000,0,1.12000000,20.2459
1625520007207000,0,1.49000000,20.2459
1625520008812000,0,5.83000000,20.2459
1625520009888000,0,6.65000000,20.2459
1625520011923000,0,7.17000000,20.2459
1625520024242000,0,24.72000000,20.2399
1625520025643000,0,0.00046215,20.2399
1625520025643000,0,5.08953785,20.2399
1625520026719000,0,3.82000000,20.2399
1625520027895000,0,2.76000000,20.2399
1625520051747000,0,33.95000000,20.2459
1625520079240000,0,24.71000000,20.2412
1625520081303000,0,0.00734498,20.2412
1625520081303000,0,24.71265502,20.2412
1625520082506000,0,0.00468996,20.2412
1625520082506000,0,16.69531004,20.2412
1625520084238000,0,8.02000000,20.2412
1625520085514000,0,0.00203494,20.2412
1625520085514000,0,3.38796506,20.2412
1625520086706000,0,3.50000000,20.2412
1625520088602000,0,2.75000000,20.2412
1625520090410000,0,2.70000000,20.2412
1625520091943000,0,2.61000000,20.2412
1625520093221000,0,2.52000000,20.2412
1625520176238000,0,7.61000000,20.2339
1625520177239000,0,4.01000000,20.2339
1625520178350000,0,2.73000000,20.2339
1625520181915000,0,2.59000000,20.2339
1625520306413000,0,13.82675105,20.1971
1625520330241000,0,20.52000000,20.2261
1625520350448000,1,17.42365511,20.1850
1625520350537000,1,42.13635140,20.1850
1625520373954000,0,9.86000000,20.2049
1625520429159000,0,9.27000000,20.2020
1625520430174000,0,8.16000000,20.2020
1625520431428000,0,1.50000000,20.2020
1625520436816000,0,5.83703507,20.2020
1625520436816000,0,11.56296493,20.2021
1625520438092000,0,1.50000000,20.2020
1625520440813000,0,1.50000000,20.2020
1625520450239000,0,8.06000000,20.2020
1625520451263000,0,5.02000000,20.2020
1625520460888000,0,3.46000000,20.2020
1625520481260000,0,5.22000000,20.2020
1625520482522000,0,0.00703507,20.2020
1625520482522000,0,11.68296493,20.2020
1625520483878000,0,6.80000000,20.2020
1625520484888000,0,3.05000000,20.2020
1625520486235000,0,3.23000000,20.2020
1625520488840000,0,0.00407014,20.2020
1625520488840000,0,9.56592986,20.2020
1625520490921000,0,7.27000000,20.2020
1625520492033000,0,4.67000000,20.2020
1625520493042000,0,1.69000000,20.2020
1625520545472000,0,1.57110521,20.2020
1625520545472000,0,35.17889479,20.2036
1625520547503000,0,12.04000000,20.2036
1625520552486000,0,24.75000000,20.2088
1625520553514000,0,0.00916225,20.2088
1625520553514000,0,24.75083775,20.2088
1625520559743000,0,0.00832450,20.2088
1625520559743000,0,24.50167550,20.2088
1625520611262000,0,3.33000000,20.2104
1625520612308000,0,4.23000000,20.2104
1625520614093000,0,4.46000000,20.2104
1625520615006000,1,17.32648840,20.1902
1625520677241000,0,24.74000000,20.2186
1625520721035000,0,0.00811074,20.2186
1625520721035000,0,2.50188926,20.2186
1625520859066000,0,3.79000000,20.1978
1625520907956000,0,18.83000000,20.1999
1625520980241000,0,6.35000000,20.2089
1625521005236000,0,5.06000000,20.2089
1625521006244000,0,3.44000000,20.2089
1625521008241000,0,3.65000000,20.2089
1625521009505000,0,2.68000000,20.2089
1625521010940000,0,3.03000000,20.2089
1625521403894000,1,74.96283416,20.1810
1625521435669000,1,44.10852470,20.1517
1625521497251000,0,24.82000000,20.1577
1625521501391000,0,0.00079606,20.1577
1625521501391000,0,2.67920394,20.1577
1625521509287000,0,21.25000000,20.1577
1625521512220000,0,1.50000000,20.1671
1625521536552000,0,63.90000000,20.1745
1625521541467000,0,24.78000000,20.1840
1625521549240000,0,0.00962003,20.1840
1625521549240000,0,13.75037997,20.1917
1625521550870000,0,8.39000000,20.1917
1625521582546000,0,2.66000000,20.2292
1625521583714000,0,2.49000000,20.2292
1625521584814000,0,2.29000000,20.2292
1625521587040000,0,4.04000000,20.2292
1625521588087000,0,4.64000000,20.2292
1625521589111000,0,4.73000000,20.2292
1625521590176000,0,3.97000000,20.2292
1625521592256000,0,4.06000000,20.2292
1625521630993000,0,15.71000000,20.2387
1625521639966000,0,9.07000000,20.2623
1625521661238000,0,24.69000000,20.2644
1625521662510000,0,0.00301144,20.2644
1625521662510000,0,14.20698856,20.2649
1625521747242000,0,9.15000000,20.3159
1625521748245000,0,4.69000000,20.3159
1625521759482000,0,10.78000000,20.3159
1625521773449000,0,0.00869953,20.3159
1625523265979000,1,20.45523570,20.2850
1625523686607000,0,12.49999409,20.3226
1625523964180000,0,23.03995287,20.3834
1625523964256000,0,1.50052308,20.3834
1625523964453000,0,1.78909067,20.3899
1625524084629000,0,74.11145423,20.3790
1625524085178000,0,73.03205568,20.3860
1625524085205000,0,23.84314614,20.3860
1625524188544000,0,25.60650012,20.3790
1625524188631000,0,8.17859999,20.3790
1625524230927000,0,11.12724778,20.4120
1625524230984000,0,5.97052790,20.4120
1625524231021000,0,73.95073280,20.4120
1625524231579000,0,11.30919186,20.4160
1625524231617000,0,19.89570000,20.4160
1625524231686000,0,66.58430814,20.4160
1625525720243000,0,24.65012756,20.2979
1625526315821000,0,24.61911533,20.3248
1625526575103000,0,8.85007583,20.4050
1625526621985000,0,74.47329826,20.3900
1625526649847000,0,3.62863393,20.4020
1625526680601000,0,8.71758841,20.4210
1625526680622000,0,5.81207899,20.4210
1625526680624000,0,2.90754431,20.4210
1625526680692000,0,36.00000000,20.4210
1625526706032000,0,8.66597764,20.4450
1625526706625000,0,4.67972541,20.4450
1625526706628000,0,92.90797459,20.4450
1625526880318000,0,22.07845911,20.4370
1625526883243000,0,20.12000000,20.4378
1625526884317000,0,4.05000000,20.4378
1625527155593000,0,24.57190542,20.3596
1625528054377000,1,41.23705959,20.3580
1625528054420000,1,13.14090000,20.3580
1625529199942000,1,24.72159634,20.2150
1625530014513000,0,24.62471315,20.3200
1625530014517000,0,0.00000001,20.3200
1625530014517000,0,73.94229555,20.3275
1625530014649000,0,21.91250000,20.3299
1625530190173000,0,24.40404615,20.5045
1625530190173000,0,72.78301743,20.5123
1625530190173000,0,18.34214901,20.5178
1625530190173000,0,55.05735434,20.5178
1625530190173000,0,73.23218350,20.5191
1625530190173000,0,37.39120807,20.5226
1625530230629000,1,165.50578194,20.4891
1625530230633000,1,165.50578194,20.4891
1625530290512000,0,24.32950000,20.5689
1625530290574000,0,0.00008726,20.5689
1625530290683000,0,1.77318577,20.5728
1625530290728000,0,0.00000001,20.5728
1625530392741000,0,24.30876109,20.5775
1625530447650000,0,24.37908986,20.5187
1625530447650000,0,48.72157342,20.5200
1625530499751000,0,73.16359414,20.4900
1625530503719000,0,24.40226128,20.4985
1625530636774000,1,23.42862417,20.3770
1625530636843000,1,15.08462042,20.3770
1625530636858000,1,15.76540000,20.3770
1625530636876000,1,15.76540000,20.3770
1625530637272000,1,7.45824604,20.3770
1625530637339000,1,17.71454491,20.3770
1625530637392000,1,2.60236446,20.3770
1625530637416000,1,26.91708008,20.3760
1625530637478000,1,14.00000000,20.3760
1625530637495000,1,5.52103651,20.3760
1625530637495000,1,66.63482234,20.3760
1625530637740000,1,13.70667963,20.3760
1625530637780000,1,12.80163286,20.3760
1625530640125000,1,27.53864470,20.3760
1625530700897000,0,21.07837200,20.3480
1625531432676000,0,22.53889821,20.6080
1625531531969000,0,41.69199300,20.5620
1625531532063000,0,72.82040700,20.5620
1625531576232000,0,24.28992896,20.5977
1625531600259000,0,1.01867572,20.6150
1625531770898000,0,29.19815854,20.6960
1625531770965000,0,17.68010000,20.6960
1625531771094000,0,57.43450612,20.6960
1625531771336000,0,11.52583534,20.6960
1625531771336000,0,13.51748266,20.6970
1625531792706000,0,72.49493744,20.7060
1625531800682000,0,69.03275304,20.7200
1625531800699000,0,27.45094696,20.7200
1625531826521000,0,1.75742139,20.7573
1625531826703000,0,10.23933317,20.7580
1625531857186000,0,24.08167039,20.7842
1625531916248000,0,24.06386852,20.7938
1625531982779000,0,9.40895796,20.7974
1625532234828000,0,22.75276242,20.7982
1625532334226000,0,23.98676767,20.8580
1625532335012000,0,5.81260968,20.8630
1625532593183000,0,7.77871637,20.8370
1625532764362000,1,4.30270175,20.8973
1625532906791000,0,36.57644828,20.8970
1625532920201000,0,1.74179751,20.9435
1625532920219000,0,0.00000001,20.9435
1625533328251000,0,13.25108569,20.8230
1625533591112000,0,18.76241331,20.8180
1625533656141000,0,3.23792489,20.8780
1625533656605000,0,70.45291158,20.8830
1625533905231000,1,1.01867572,20.7490
1625533987102000,1,93.98018622,20.7300
1625533987389000,1,8.46990529,20.7270
1625533987390000,1,24.04846300,20.7270
1625533987392000,1,23.00000000,20.7270
1625533987413000,1,40.80543171,20.7270
1625534256335000,0,23.69993751,20.6790
1625534587394000,0,12.49999422,20.7280
1625534591784000,0,12.49999422,20.7395
1625535231465000,0,23.94385251,20.8947
1625535232076000,0,71.75272565,20.9330
1625535232136000,0,6.00000000,20.9330
1625535232175000,0,17.72387435,20.9330
1625535327054000,1,42.61398547,20.9380
1625535327607000,1,6.60079148,20.9290
1625535327658000,1,13.14300000,20.9290
1625535327741000,1,8.48284713,20.9290
1625535327798000,1,60.14899320,20.9290
1625535327807000,1,6.99136819,20.9290
1625535498024000,1,37.15000097,20.8640
1625535897428000,1,72.63107205,20.7950
1625536085110000,0,24.63560250,20.8240
1625536221220000,1,24.00976424,20.8131
1625536221220000,1,40.36243662,20.8120
1625536221320000,1,6.72692065,20.8120
1625536315444000,0,23.80000000,20.7690
1625536708033000,1,71.00000000,20.7040
1625536708196000,1,91.19166902,20.7020
1625536708200000,1,5.21753098,20.7020
1625536708200000,1,67.24966797,20.6943
1625536939734000,1,71.48377054,20.7070
1625537027984000,1,62.12407518,20.6350
1625537170346000,0,17.48213847,20.6590
1625537217630000,1,24.19450516,20.6588
1625537438788000,1,74.42078397,20.6260
1625537504145000,1,19.63326091,20.6130
1625537601282000,1,24.28038896,20.5846
1625537601282000,1,19.56347609,20.5840
1625537601302000,1,72.36644059,20.5840
1625537601319000,1,4.97398332,20.5840
1625537919272000,1,24.25074021,20.6054
1625538052726000,1,24.24497849,20.6120
1625538082548000,1,64.65204068,20.5640
1625538115722000,1,17.30948900,20.5730
1625538161312000,1,73.03042105,20.5550
1625538161313000,1,24.19687895,20.5550
1625538162892000,1,1.74179752,20.5507
1625538420046000,1,41.92409903,20.6160
1625538434217000,1,3.93800000,20.6200
1625538434733000,1,27.36200000,20.6200
1625538434785000,1,22.00000000,20.6200
1625538434877000,1,18.70000000,20.6200
1625538453050000,1,20.10540000,20.5880
1625538453147000,1,53.19980000,20.5880
1625538729699000,1,24.07075286,20.7607
1625538748599000,1,21.55446617,20.7540
1625538962304000,1,70.99971478,20.8030
1625538962774000,1,24.95848522,20.8030
1625539061985000,0,14.00000021,20.8360
1625539062027000,0,10.00000021,20.8360
1625539062037000,0,62.71358026,20.8360
1625539191948000,0,18.85466106,20.8540
1625539382719000,1,67.52502462,20.8060
1625539382722000,1,28.30377538,20.8060
1625539501238000,0,70.86639133,20.8320
1625539602311000,0,1.74179752,20.9435
1625539811261000,0,23.92489000,20.9154
1625539811261000,0,72.48293449,20.9243
1625539811261000,0,71.82067394,20.9254
1625539811261000,0,74.02428000,20.9394
1625539811261000,0,71.77332992,20.9395
1625539811275000,0,119.63865626,20.9630
1625539811275000,0,42.18980165,20.9707
1625539812617000,0,19.17619084,21.0000
1625539970879000,0,1.72631244,21.1314
1625539981812000,1,23.64287042,21.1267
1625539981814000,1,0.00000001,21.1267
1625539981814000,1,20.27267001,21.1204
1625540278953000,0,39.68539020,21.3090
1625540278996000,0,27.39651200,21.3090
1625540279037000,0,9.02339731,21.3090
1625540327176000,0,1.71096533,21.3209
1625540327338000,0,36.02986313,21.3410
1625540354076000,0,54.22687226,21.3560
1625540354101000,0,39.43672774,21.3560
1625540560044000,0,25.84015681,21.2660
1625540560059000,0,6.55470000,21.2660
1625541044555000,0,71.34768774,21.2290
1625541044567000,0,22.69471226,21.2290
1625541048955000,0,70.30000000,21.2390
1625541049080000,0,23.75240000,21.2390
1625541130719000,0,10.82191111,21.1890
1625541130750000,0,33.96686142,21.1890
1625541130891000,0,23.61734140,21.1890
1625541132791000,0,62.35542141,21.2040
1625541229935000,1,11.79022825,21.1661
1625541350011000,1,11.81308672,21.1270
1625541697355000,1,14.66615571,21.1450
1625541697382000,1,16.55856290,21.1450
1625541697649000,1,20.13812128,21.1430
1625541697855000,1,51.29757000,21.1430
1625541829689000,1,70.40283035,21.2430
1625541829745000,1,23.66235382,21.2430
1625541851936000,1,45.73709933,21.2250
1625541851974000,1,24.27300000,21.2250
1625542507169000,0,60.85909576,21.2780
1625542507357000,0,47.00698783,21.2830
1625542507404000,0,46.73621217,21.2830
1625542543443000,1,43.41704327,21.3060
1625542543828000,1,38.43082012,21.3060
1625542603328000,0,23.43864060,21.3429
1625542603351000,0,27.00000000,21.3440
1625542603405000,0,63.81803389,21.3440
1625542603412000,0,2.92306611,21.3440
1625542619150000,1,16.28418300,21.3370
1625542619156000,1,7.13369390,21.3370
1625542619821000,1,6.11521073,21.3280
1625542630911000,1,17.76599999,21.3050
1625542630943000,1,34.25100000,21.3050
1625542630963000,1,13.75006000,21.3050
1625542631010000,1,27.86444001,21.3050
1625542647637000,1,93.67820000,21.2860
1625542905460000,0,23.50899226,21.2800
1625542905460000,0,0.00272971,21.2800
1625542948126000,0,70.40972500,21.3160
1625543022658000,0,14.30419867,21.3520
1625543267660000,0,16.97347306,21.3220
1625543336048000,0,23.45964452,21.3310
1625543336048000,0,46.11035548,21.3310
1625543336615000,0,6.00058000,21.3360
1625543337298000,0,70.20007000,21.3360
1625543700586000,0,54.48984121,21.3780
1625543854125000,0,1.69575450,21.5122
1625543854125000,0,0.00000001,21.5122
1625543854710000,0,23.22700804,21.5525
1625543893460000,1,69.91746086,21.5740
1625543893460000,1,87.17778795,21.5740
1625544037183000,0,27.38843246,21.5360
1625544197736000,0,70.16898309,21.6410
1625544231329000,0,1.68067919,21.7051
1625544309560000,0,1.43000000,21.8500
1625544309560000,0,1.38999999,21.8500
1625544309791000,0,0.00000001,21.8500
1625544312942000,0,1.66573774,21.8998
1625544313484000,0,0.00000001,21.8998
1625544572225000,0,14.00666666,22.0000
1625544610500000,0,9.07589714,22.0366
1625544610500000,0,10.92410286,22.0412
1625544991279000,0,22.73000000,21.9932
1625545002962000,0,0.00556200,21.9932
1625545002962000,0,22.72443800,21.9938
1625545021237000,0,22.72000000,22.0012
1625545029921000,0,0.00559618,22.0012
1625545029921000,0,22.72440382,22.0012
1625545032882000,0,0.00119236,22.0012
1625545032882000,0,19.62742961,22.0012
1625545045397000,0,22.71758536,22.0098
1625545045823000,0,69.02870372,22.0200
1625545045991000,0,21.72439628,22.0200
1625545045991000,0,14.10655918,22.0201
1625545047969000,0,40.73159210,22.0336
1625545052999000,0,22.70305452,22.0291
1625545085764000,0,1.65092865,22.0963
1625545085765000,0,0.00000001,22.0963
1625545093585000,0,22.61102849,22.1322
1625545093585000,0,90.40000000,22.1340
1625545093585000,0,8.91527471,22.1421
1625545093585000,0,300.98200000,22.1478
1625545093585000,0,38.27358000,22.1478
1625545093585000,0,4.65151983,22.1488
1625545287039000,0,59.12007431,22.0320
1625545369163000,0,67.38949006,22.0300
1625545649556000,0,67.05261000,22.0000
1625545649631000,0,22.73790551,22.0009
1625545650486000,0,22.73461876,22.0052
1625545692605000,0,90.16380000,22.1710
1625545692605000,0,22.57720574,22.1716
1625545692605000,0,32.90910973,22.1938
1625545890345000,0,102.01221719,22.0460
1625546061565000,0,65.68989774,22.0600
1625546061583000,0,24.85420226,22.0600
1625546336007000,0,22.55145058,22.1885
1625546336007000,0,0.00000001,22.1885
1625546407128000,1,36.01705407,22.2210
1625546407151000,1,22.51065879,22.2210
1625546474099000,0,1.63625190,22.2945
1625546474105000,0,0.00000001,22.2945
1625546644971000,0,22.56827983,22.1682
1625546644971000,0,66.80328977,22.1778
1625546644971000,0,67.67845278,22.1896
1625546645449000,0,4.50913754,22.1772
1625546648565000,0,34.03220030,22.1955
1625546857210000,1,66.96677694,22.1410
1625546982572000,1,135.97866636,22.1410
1625546982843000,1,21.88170300,22.1410
1625546982894000,1,23.49347857,22.1410
1625546982924000,1,66.99999999,22.1410
1625546982956000,1,34.00000000,22.1410
1625546982973000,1,18.53647510,22.1410
1625546983004000,1,25.76026682,22.1410
1625546983056000,1,7.87238275,22.1410
1625546983080000,1,32.12896640,22.1410
1625546983294000,1,17.88788407,22.1410
1625547475832000,1,31.57738753,22.1260
1625547757026000,1,13.30894000,22.2431
1625547816227000,0,81.39821520,22.2410
1625547910231000,1,29.90330004,22.2400
1625547915223000,1,37.95530000,22.2400
1625547918275000,1,135.34172677,22.2400
1625547919088000,1,47.90384199,22.2400
1625547919330000,1,19.15617941,22.2400
1625547920242000,1,51.71220000,22.2400
1625547920427000,1,55.32316862,22.2400
1625547920510000,1,12.14411010,22.2400
1625547925217000,1,15.47170000,22.2400
1625547926637000,1,35.56233959,22.2400
1625547927035000,1,13.42246130,22.2400
1625547927166000,1,8.01150665,22.2400
1625547927553000,1,6.30518490,22.2400
1625547927908000,1,66.00000000,22.2400
1625547928012000,1,25.00000000,22.2400
1625547928040000,1,21.00000000,22.2400
1625547928055000,1,20.00000000,22.2400
1625547932277000,1,67.50550000,22.2400
1625547932350000,1,66.99999999,22.2400
1625547932370000,1,67.47031307,22.2400
1625547932390000,1,66.00000000,22.2400
1625547932413000,1,67.05067117,22.2400
1625547932429000,1,64.76049640,22.2400
1625547932458000,1,67.80000000,22.2290
1625547955038000,1,4.06139394,22.2120
1625548147533000,1,14.30000043,22.1080
1625548157179000,0,67.82726656,22.1230
1625548157202000,0,22.41773344,22.1230
1625548246180000,1,35.91727281,22.2370
1625548246321000,1,12.93702474,22.2370
1625548246406000,1,34.17850865,22.2370
1625548265701000,1,22.46183297,22.2452
1625548503677000,0,1.00000000,22.2998
1625548890078000,1,66.28179024,22.3400
1625548923339000,0,12.39190072,22.3700
1625548923437000,0,72.82026290,22.3700
1625548923443000,0,4.18783638,22.3700
1625549208222000,0,53.29582064,22.3680
1625549208225000,0,23.00000000,22.3680
1625549461423000,1,20.00000000,22.2160
1625549482563000,1,45.14853040,22.2320
1625549554893000,1,67.20010000,22.2540
1625549555156000,1,24.50281237,22.2480
1625549555189000,1,52.83239720,22.2480
1625549555402000,1,12.48469043,22.2480
1625549639569000,1,2.61867568,22.2390
1625550030291000,1,22.46000000,22.2404
1625550040419000,1,0.00772029,22.2404
1625550040419000,1,22.47884729,22.2305
1625550040518000,1,66.49999999,22.2260
1625550040561000,1,23.42810001,22.2260
1625550040744000,1,21.48857228,22.2270
1625550040905000,1,0.99798930,22.2270
1625550354932000,1,22.48558520,22.2231
1625550489884000,1,20.80000000,22.2017
1625550518924000,1,22.51000000,22.1920
1625550518995000,1,0.00654064,22.1920
1625550535658000,1,22.52756821,22.1828
1625550562335000,1,22.53551577,22.1754
1625550566993000,1,22.45938121,22.1581
1625550567033000,1,22.54458780,22.1581
1625550697196000,1,5.03266957,22.1743
1625550707179000,1,21.38000000,22.1654
1625550711180000,1,1.50000000,22.1739
1625551045009000,0,4.26930218,22.2519
1625551140997000,1,17.93006331,22.2108
1625551141230000,1,4.56595809,22.2108
1625551141230000,1,11.57090791,22.2070
1625551215985000,0,50.22692365,22.2600
1625551216027000,0,11.25000000,22.2600
1625551562508000,0,33.43148910,22.2220
1625551577754000,1,22.51049006,22.1957
1625551595927000,1,6.49100000,22.1747
1625551596097000,1,16.03840364,22.1747
1625551872335000,0,9.00000000,22.3860
1625551956407000,0,12.49720781,22.3050
1625552128390000,1,61.77868537,22.2650
1625552128507000,1,27.82151463,22.2650
1625552198021000,1,25.10080720,22.2120
1625552733781000,0,5.45684698,22.3215
1625553013203000,0,22.34444407,22.3628
1625553280968000,0,69.77828706,22.3900
1625553399801000,0,29.65793760,22.4150
1625553399817000,0,5.59079935,22.4150
1625553399829000,0,24.00200000,22.4150
1625553399886000,0,27.00000000,22.4150
1625553399906000,0,2.91436305,22.4150
1625553413381000,0,53.57501618,22.4060
1625553413387000,0,35.72918382,22.4060
1625553420806000,0,89.26360000,22.4170
1625553903921000,0,20.00000000,22.2810
1625554442443000,1,22.50158675,22.2086
1625554657575000,1,22.52758315,22.1797
1625554783207000,1,22.53446591,22.1720
1625555528695000,1,2.31000000,22.2307
1625556037822000,1,22.39612313,22.3100
1625556037965000,1,67.07407687,22.3100
1625556610833000,1,16.62714759,22.2955
1625556610901000,1,5.78566005,22.2955
1625556661454000,0,67.74866313,22.2820
1625557280747000,0,67.32888076,22.3800
1625557284647000,0,18.92900000,22.3820
1625557294537000,0,4.30212332,22.3820
1625557596360000,1,22.34186318,22.3716
1625557676248000,0,9.92000000,22.3795
1625557676274000,1,8.16000000,22.3539
1625557687331000,1,22.36716797,22.3464
1625557688166000,1,22.37533777,22.3383
1625557693653000,1,61.85000000,22.3180
1625557867822000,0,27.36126650,22.3460
1625557867886000,0,20.17737948,22.3460
1625557966144000,0,23.67107037,22.4020
1625557966151000,0,34.12700000,22.4020
1625557966198000,0,31.55952963,22.4020
1625558150569000,0,10.00000000,22.4214
1625558211278000,0,1.62170522,22.4944
1625558286717000,0,21.91250000,22.4986
1625558286735000,0,44.00484696,22.4986
1625558837336000,1,45.06263514,22.3880
1625560155070000,0,11.80234900,22.5038
1625560155070000,0,54.95436842,22.5060
1625560185633000,1,7.12357753,22.5030
1625560186717000,0,5.55094200,22.5224
1625560186755000,0,26.77561016,22.5224
1625560186805000,0,26.00000000,22.5224
1625560269108000,0,13.14000000,22.5632
1625561400388000,1,22.19668836,22.5168
1625561679597000,0,2.66468177,22.5150
1625561730975000,1,16.00803959,22.5007
1625561833049000,0,22.21256585,22.5180
1625561891706000,0,8.99999999,22.5610
1625561891846000,0,66.91871818,22.5610
1625561900714000,0,39.71709090,22.6470
1625561901126000,0,48.64610910,22.6470
1625561901126000,0,87.43835002,22.6470
1625562070348000,1,68.20798385,22.4920
1625562071562000,1,20.52281615,22.4920
1625562133050000,0,71.57000000,22.3771
1625562345657000,0,12.49000000,22.3260
1625562380895000,0,0.00999418,22.3260
1625562702385000,1,67.96672162,22.2919
1625562702782000,1,22.44826310,22.2341
1625562702782000,1,67.32069701,22.2179
1625562702782000,1,67.34770482,22.2052
1625562702782000,1,60.80945711,22.1996
1625562703447000,1,1.50000000,22.2334
1625562741763000,1,1.62170522,22.0725
1625562771733000,1,1.63625191,21.8763
1625562771733000,1,8.54005064,21.8558
1625562771733000,1,8.82467115,21.8502
1625562771733000,1,22.83801809,21.8457
1625562771733000,1,28.16100821,21.8367
1625562828882000,1,21.91250000,21.7350
1625562841550000,1,9.07126234,21.7419
1625562841550000,1,8.92664013,21.7360
1625562841550000,1,69.95709753,21.7310
1625562876935000,1,17.31268880,21.7780
1625562876935000,1,6.69163519,21.7780
1625562884227000,1,12.00216200,21.8150
1625562892762000,1,9.08363159,21.8164
1625562892762000,1,2.91853041,21.8150
1625563010453000,1,1.65092866,21.6818
1625563025731000,1,87.95500000,21.6360
1625563061241000,0,23.02900000,21.7247
1625563204592000,0,54.84350000,21.5932
1625563204714000,0,0.00008532,21.5932
1625563216669000,0,356.43207336,21.5998
1625563221387000,0,54.77509362,21.6322
1625563328777000,0,33.32950000,21.6950
1625563328789000,0,0.00003806,21.6950
1625563374341000,0,92.26240000,21.6870
1625563374341000,0,23.07706159,21.6914
1625563374341000,0,42.91325873,21.6952
1625563374341000,0,27.07009238,21.6952
1625563441157000,1,23.06933946,21.6608
1625563441157000,1,69.18447268,21.6442
1625563458593000,1,92.58120000,21.5380
1625563479145000,1,1.66573775,21.4890
1625563559176000,1,2.00000000,21.4173
1625563613576000,1,46.26763559,21.3820
1625563619065000,1,1.68067919,21.2980
1625564117538000,1,17.35599802,21.4355
1625564699025000,1,48.61031019,21.5040
1625564699569000,1,60.69727852,21.4940
1625564699658000,1,10.89722148,21.4940
1625564699668000,1,21.20000000,21.4940
1625564801593000,0,12.10938503,21.6110
1625564825423000,0,12.10938503,21.6537
1625564837099000,0,23.10340000,21.6666
1625564842504000,0,26.62301863,21.6880
1625564859285000,0,12.50583929,21.6431
1625564958439000,0,1.68067918,21.7051
1625564958711000,0,0.00000001,21.7051
1625565130793000,1,21.91250000,21.7000
1625565130891000,1,3.08816998,21.7000
1625565302878000,0,23.04453400,21.7129
1625565307042000,0,0.00000503,21.7129
1625565307042000,0,15.08129105,21.7200
1625565318886000,0,1.00000000,21.7500
1625565409076000,0,22.91017948,21.8474
1625565409446000,0,60.80505299,21.8490
1625565548620000,0,91.33950000,21.8740
1625565548620000,0,22.87639047,21.8745
1625565548620000,0,42.37662821,21.8752
1625565560651000,0,1.66573775,21.8998
1625565673005000,0,65.70198691,21.9340
1625565673021000,0,25.41621309,21.9340
1625565968944000,0,15.50000000,21.7996
1625566147771000,1,68.95526356,21.6575
1625566198492000,1,1.66573774,21.4890
1625566198495000,1,0.00000001,21.4890
1625566287199000,0,45.11302637,21.6130
1625566438530000,0,69.62000013,21.5770
1625566477604000,0,69.64434952,21.5450
1625566477657000,0,23.21655048,21.5450
1625566477858000,0,13.80000000,21.5440
1625566477861000,0,3.03191337,21.5440
1625566477923000,0,42.79999999,21.5440
1625566484379000,0,2.30917870,21.5550
1625566664001000,0,67.81127586,21.6320
1625566664597000,0,31.09232355,21.6450
1625566910736000,1,12.50061429,21.7160
1625567100311000,1,9.37302849,21.6430
1625567101070000,1,45.11000000,21.6430
1625567117145000,0,69.46374226,21.6750
1625567160230000,1,70.22713385,21.6620
1625567160230000,1,6.15207756,21.6620
1625567274502000,0,68.71151394,21.6994
1625567274502000,0,13.25051535,21.6994
1625567820846000,1,22.94901154,21.7656
1625567820960000,1,22.94901154,21.7656
1625567821347000,1,10.44766664,21.7656
1625568094875000,1,8.11326856,21.6310
1625568094903000,1,14.00108784,21.6310
1625568094930000,1,52.53738975,21.6310
1625568094988000,1,53.99999999,21.6310
1625568095136000,1,5.45453143,21.6310
1625568140528000,0,69.97849190,21.6988
1625568140528000,0,91.86090466,21.7079
1625568140528000,0,23.05551268,21.7084
1625568140528000,0,69.23180167,21.7089
1625568140528000,0,300.98200000,21.7128
1625568140528000,0,559.67000000,21.7154
1625568140528000,0,69.21132819,21.7184
1625568140528000,0,44.13798853,21.7208
1625568170172000,0,69.18041412,21.7410
1625568170172000,0,23.02422440,21.7410
1625568170172000,0,214.63556942,21.7464
1625568170172000,0,68.00925840,21.7571
1625568170172000,0,84.38688532,21.7603
1625568170172000,0,69.08664260,21.7632
1625568170172000,0,261.94214011,21.7639
1625568170334000,0,12.14500087,21.7410
1625568174834000,1,67.07401216,21.7220
1625568224081000,1,81.62360598,21.7530
1625568224477000,1,15.24913450,21.7530
1625568224794000,1,18.86162892,21.7530
1625568225409000,1,10.62000000,21.7530
1625568332029000,1,69.00000000,21.7170
1625568332039000,1,8.15407514,21.7170
1625568390961000,0,0.96547240,21.7510
1625568425455000,0,12.14500087,21.8030
1625568460184000,1,68.01626875,21.7760
1625568518364000,1,39.30691660,21.6937
1625568536150000,1,35.70000000,21.6800
1625568537371000,1,12.11783381,21.6735
1625568537396000,1,20.00000000,21.6735
1625568631994000,1,57.00000000,21.6480
1625568632024000,1,35.19140000,21.6480
1625568632580000,1,29.97412203,21.6320
1625568632640000,1,7.52315531,21.6320
1625568632655000,1,44.68232730,21.6320
1625568632667000,1,7.52315531,21.6320
1625568739026000,1,67.74505756,21.7020
1625569031921000,1,46.85119381,21.7900
1625569164255000,1,60.68834802,21.7600
1625569194862000,1,22.94018411,21.7898
1625569195442000,1,68.85294523,21.7670
1625569195618000,1,21.69515070,21.7670
1625569241733000,1,15.29375923,21.7410
1625569241795000,1,7.69459030,21.7410
1625569287625000,0,2.29969644,21.7420
1625569356156000,1,42.19784085,21.6847
1625569364650000,1,23.06434921,21.6744
1625569364666000,1,26.48524117,21.6720
1625569414249000,0,91.86480000,21.7400
1625569527000000,1,37.80000003,21.8070
1625569549068000,1,25.29108262,21.7950
1625569549091000,1,26.16382135,21.7950
1625569549201000,1,35.00000000,21.7950
1625569549213000,1,5.08819603,21.7950
1625569549213000,1,29.91180397,21.7944
1625569549284000,1,8.13402170,21.7944
1625569549380000,1,8.13402170,21.7944
1625569775108000,0,1.66573775,21.8998
1625569805884000,1,64.58175308,21.9107
1625569806772000,1,34.31700000,21.8970
1625569806785000,1,39.72400000,21.8970
1625569977024000,1,28.37067662,21.8070
1625570002679000,1,44.24314066,21.7950
1625570002753000,1,47.29415934,21.7950
1625570008270000,1,22.92289314,21.7977
1625570053741000,1,58.49992238,21.8080
1625570112432000,1,60.31822376,21.7950
1625570112439000,1,9.17936478,21.7950
1625570191447000,1,6.99946282,21.7510
1625570303563000,1,68.61968664,21.7530
1625570303755000,1,23.14611336,21.7530
1625570362250000,0,54.97000000,21.7175
1625570415030000,1,69.35466668,21.7450
1625570415092000,1,22.48543332,21.7450
1625570415092000,1,22.97814678,21.7449
1625570415092000,1,22.17107481,21.7443
1625570415786000,1,59.83063329,21.7443
1625570415789000,1,9.20471281,21.7443
1625570417331000,1,23.00008711,21.7230
1625570417461000,1,20.22319295,21.7230
1625570417611000,1,15.50000000,21.7230
1625570452235000,1,41.20581569,21.7240
1625570454798000,1,36.85107559,21.7210
1625570454881000,1,31.78405269,21.7210
1625570486923000,1,22.99276139,21.7305
1625570531950000,1,23.04683519,21.6800
1625570532222000,1,98.89741369,21.6800
1625570537892000,1,78.45873432,21.6790
1625570537909000,1,9.69394820,21.6790
1625570541926000,1,67.83258733,21.6790
1625570597915000,1,23.05472508,21.6725
1625570602544000,1,4.40400002,21.6650
1625570604452000,1,68.34733727,21.6650
1625570619019000,1,68.76499908,21.6750
1625570638539000,1,8.18046948,21.6470
1625570638539000,1,7.02422800,21.6470
1625570638556000,1,11.94996709,21.6470
1625570638613000,1,60.64170142,21.6470
1625570639205000,1,54.24422181,21.6409
1625570639206000,1,68.39755617,21.6409
1625570639295000,1,8.18530227,21.6409
1625570788651000,1,38.00000000,21.6900
1625570788659000,1,4.99999999,21.6900
1625570788674000,1,24.00000000,21.6900
1625570788691000,1,39.72960000,21.6900
1625570788701000,1,9.97131540,21.6900
1625570788706000,1,43.34018450,21.6900
1625570788730000,1,20.00000000,21.6900
1625570788751000,1,17.76628129,21.6900
1625570788754000,1,68.23735438,21.6900
1625570796309000,1,23.06130051,21.6646
1625570816487000,1,23.05139240,21.6747
1625571015945000,1,58.56413567,21.6300
1625571020988000,1,23.11677454,21.6071
1625571020988000,1,16.11045931,21.6070
1625571183651000,0,22.97000000,21.7794
1625571186301000,0,22.96000000,21.7904
1625571210794000,0,22.99158146,21.7623
1625571210794000,0,68.98413160,21.7713
1625571210794000,0,93.34553415,21.7787
1625571210794000,0,9.07300182,21.7817
1625571210794000,0,68.88293000,21.7826
1625571210794000,0,150.42899682,21.7831
1625571210794000,0,68.10348633,21.7864
1625571211086000,1,57.34823466,21.7826
1625571212682000,0,0.00133569,21.7904
1625571212682000,0,20.87288455,21.7948
1625571245114000,1,16.18487448,21.7780
1625571245590000,1,37.20716583,21.7780
1625571245617000,1,31.23564538,21.7780
1625571259147000,0,22.95000000,21.7981
1625571260530000,0,0.00443772,21.7981
1625571260530000,0,22.94556228,21.7981
1625571268566000,0,0.00887544,21.7981
1625571283549000,0,22.94000000,21.8067
1625571285464000,0,0.00430376,21.8067
1625571285464000,0,22.94430376,21.8067
1625571285464000,0,44.91139248,21.8082
1625571286511000,0,22.94000000,21.8082
1625571288673000,0,22.93000000,21.8150
1625571289153000,0,0.00399648,21.8150
1625571289153000,0,46.14600352,21.8172
1625571290146000,0,68.12916353,21.8346
1625571300142000,0,22.93000000,21.8124
1625571301513000,0,0.00745067,21.8124
1625571301513000,0,22.93254933,21.8124
1625571309167000,0,22.93792811,21.8118
1625571309167000,0,0.00207189,21.8124
1625571334324000,1,28.61159205,21.7941
1625571350154000,0,22.95800998,21.7914
1625571352145000,0,22.94000000,21.8013
1625571353044000,0,0.00775836,21.8013
1625571361793000,0,22.94000000,21.8066
1625571366914000,0,0.00259409,21.8066
1625571366914000,0,22.93740591,21.8086
1625571368513000,0,0.00147078,21.8086
1625571368513000,0,22.92852922,21.8177
1625571369269000,0,0.00087299,21.8177
1625571369269000,0,46.36912701,21.8217
1625571370317000,0,22.93000000,21.8217
1625571371311000,0,22.92000000,21.8177
1625571382453000,0,0.00940221,21.8177
1625571382453000,0,22.92059779,21.8181
1625571384412000,0,0.00777623,21.8181
1625571425463000,0,20.87422024,21.8554
1625571612561000,1,30.87738294,21.8320
1625571906402000,1,53.76719567,21.9580
1625571962582000,0,1.65092866,22.0963
1625572034552000,1,46.33555107,22.0961
1625572208111000,1,9.00795615,22.1778
1625572208131000,1,70.16444775,22.1778
1625572275030000,0,67.27307735,22.2478
1625572275030000,0,67.53004876,22.2515
1625572275030000,0,19.06954923,22.2750
1625572275153000,0,1.63625191,22.2945
1625572275153000,0,13.00000000,22.3180
1625572275153000,0,8.31353000,22.3978
1625572324713000,1,2.30917870,22.2500
1625572325470000,0,22.45164492,22.2950
1625572325470000,0,0.49813699,22.2960
1625572524393000,1,22.37653441,22.3367
1625572690092000,1,8.75041780,22.2350
1625572690144000,1,52.73266869,22.2350
1625572816815000,1,44.70333243,22.1580
1625573181297000,1,68.02011639,22.0720
1625573181983000,1,22.64920207,22.0600
1625573235473000,1,99.96451804,22.0850
1625573285580000,1,67.28684971,22.1540
1625573285662000,1,14.50000000,22.1540
1625573285767000,1,66.81410438,22.1540
1625573335832000,1,67.63459350,22.1800
1625573378263000,1,0.96547240,22.2624
1625573496156000,1,445.75440000,22.3930
1625573917224000,1,22.47812844,22.2294
1625573993374000,1,22.44522991,22.2637
1625573993374000,1,13.06166547,22.2610
1625573993405000,1,31.46180536,22.2610
1625573993623000,1,29.67182215,22.2570
1625574051283000,1,68.12152277,22.3293
1625574198106000,1,12.47802143,22.3151
1625574273378000,1,67.30683025,22.3010
1625574273624000,1,11.45686134,22.2940
1625574273647000,1,66.90000000,22.2940
1625574300898000,1,48.32891651,22.2823
1625574301168000,1,18.54366844,22.2823
1625574359460000,1,32.74550066,22.3150
1625574360082000,1,67.20000000,22.3050
1625574541219000,1,15.81303527,22.4044
1625574548471000,0,22.32393529,22.4117
1625574552500000,1,23.53932835,22.3700
1625574552651000,1,18.47026238,22.3700
1625574646527000,1,48.39882218,22.3390
1625574646766000,1,58.23287000,22.3390
1625574646787000,1,67.69840000,22.3390
1625574708134000,1,67.00719282,22.3500
1625574769992000,1,65.70126040,22.3780
1625574880449000,0,0.00000587,22.4117
1625574901972000,1,66.70042279,22.4110
1625574917895000,1,22.76871747,22.3840
1625574918000000,1,10.00000000,22.3840
1625574939883000,1,15.42400000,22.3940
1625574999527000,1,8.88000000,22.3683
1625575012947000,1,0.00435296,22.3683
1625575024368000,0,22.35934056,22.3799
1625575024368000,0,109.35871932,22.3860
1625575024368000,0,89.20480000,22.3860
1625575024368000,0,6.51500909,22.3865
1625575036676000,0,21.91250000,22.3820
1625575091981000,1,250.00000000,22.4066
1625575105320000,1,88.98560000,22.4140
1625575105320000,1,22.29724195,22.4130
1625575573513000,1,16.98470442,22.3880
1625575573540000,1,84.47439752,22.3880
1625575684930000,0,67.73000000,22.4801
1625575686116000,0,0.00483747,22.4801
1625575689194000,0,1.62170522,22.4944
1625576143944000,1,64.99999973,22.5950
1625576176852000,0,66.12907282,22.6602
1625576176852000,0,22.08413876,22.6631
1625576176852000,0,63.50166322,22.6680
1625576176856000,0,2.80314561,22.6680
1625576196346000,1,32.49352950,22.6521
1625576196349000,1,151.45499194,22.6521
1625576263445000,0,22.09000000,22.6456
1625576291156000,0,22.09000000,22.6444
1625576306333000,1,10.00000000,22.6130
1625576388717000,1,6.64042959,22.6030
1625576388756000,1,19.03589816,22.6030
1625576809176000,1,22.11478442,22.5950
1625576950413000,1,58.14870386,22.5800
1625576989625000,0,8.76681148,22.5776
1625576989671000,0,7.20510000,22.5776
1625577087044000,1,22.10024960,22.6130
1625577281198000,1,23.80230603,22.6500
1625577281230000,1,42.84830900,22.6500
1625577281245000,1,33.38769413,22.6500
1625577323506000,1,66.70961317,22.6170
1625577323600000,1,11.90409311,22.6170
1625577385261000,1,39.61630000,22.6610
1625577385392000,1,66.71968893,22.6570
1625577385393000,1,9.99999999,22.6570
1625577385424000,1,35.00000000,22.6570
1625577533358000,0,615.83000000,22.6436
1625577534356000,0,22.10000000,22.6436
1625577835079000,0,66.01096670,22.6394
1625577835079000,0,22.10315003,22.6394
1625577854536000,1,22.07554966,22.6354
1625577909625000,1,22.11065732,22.6045
1625577909953000,1,50.78132606,22.6000
1625577926483000,1,21.00006912,22.5954
1625577961829000,1,22.13012325,22.5869
1625577962478000,1,22.13012325,22.5869
1625577962683000,1,66.34967290,22.5739
1625577963195000,1,44.12929513,22.5636
1625577963414000,1,15.76974259,22.5678
1625577969825000,1,22.15556979,22.5582
1625577977424000,1,10.25668399,22.5390
1625577979462000,1,16.39703107,22.5369
1625577990941000,1,11.34546882,22.5657
1625577993617000,1,10.80051366,22.5657
1625578007601000,0,12.11117498,22.6130
1625578058652000,1,22.08225879,22.6369
1625578060641000,1,7.49274520,22.6369
1625578066118000,1,14.58951359,22.6369
1625578067731000,1,38.02606995,22.6261
1625578067965000,1,27.83319500,22.6261
1625578090533000,1,15.02628400,22.6171
1625578090715000,1,4.97371600,22.6171
1625578174956000,1,22.09199142,22.6257
1625578175737000,1,14.86064143,22.6166
1625578175925000,1,7.23875197,22.6166
1625578180695000,1,22.09939340,22.6166
1625578184066000,1,22.09939340,22.6166
1625578186799000,1,22.09939340,22.6166
1625578243042000,1,22.11689696,22.5990
1625578245332000,1,45.92000006,22.5831
1625578245710000,1,22.12711959,22.5876
1625578258359000,1,22.15991979,22.5522
1625578273663000,1,17.05869461,22.5573
1625578281357000,1,13.31471065,22.5463
1625578304609000,1,22.18797995,22.5250
1625578307226000,1,13.20892264,22.5141
1625578308314000,1,8.99025031,22.5141
1625578315129000,1,22.20943286,22.5024
1625578338203000,1,22.19686714,22.5144
1625578338722000,1,22.19686714,22.5144
1625578422879000,1,25.96558645,22.5078
1625578423215000,1,17.67840443,22.5078
1625578423216000,1,22.89649582,22.5078
1625578423855000,1,22.20288617,22.5050
1625578458429000,1,22.22573225,22.4706
1625578486132000,1,3.92000000,22.4479
1625578564060000,1,22.25427271,22.4517
1625578680009000,1,22.24975438,22.4581
1625578680182000,1,36.00000000,22.4530
1625578765401000,1,4.76000000,22.4475
1625578863132000,1,22.28000000,22.4207
1625578893701000,1,22.31210716,22.3929
1625578893701000,1,89.27390000,22.3870
1625578893701000,1,40.68863983,22.3865
1625578935333000,0,24.67085473,22.3732
1625579009146000,0,19.28295605,22.3950
1625579009310000,0,43.05270000,22.3950
1625579135388000,0,19.69162557,22.3530
1625579135444000,0,66.41006061,22.3530
1625579136215000,0,5.29000000,22.3620
1625579180823000,0,5.26746303,22.4237
1625579180848000,0,19.42994657,22.4237
1625579180848000,0,19.28295605,22.4237
1625579180848000,0,0.68974079,22.4240
1625579180933000,0,7.90190446,22.4240
1625579297757000,1,8.58830109,22.3747
1625579297764000,1,13.72589199,22.3747
1625579391968000,1,80.49400314,22.2370
1625579999683000,0,21.76086625,22.4100
1625580010454000,0,67.43188213,22.3900
1625580239178000,1,22.23213216,22.4749
1625580666592000,0,17.80137142,22.4240
1625580669149000,0,33.99730204,22.4413
1625580669202000,0,19.91545363,22.4413
1625580743996000,0,24.95240700,22.3910
1625580744009000,0,45.99999989,22.3910
1625580744011000,0,20.00000000,22.3910
1625580768597000,1,22.35045781,22.3563
1625581093525000,1,22.41323654,22.2905
1625581201930000,1,22.47155786,22.2323
1625581353491000,0,38.07133544,22.2070
1625581354109000,0,25.18621151,22.2160
1625581641910000,0,3.66979864,22.2730
1625581707630000,0,63.35225344,22.2850
1625581708501000,0,9.73160413,22.2920
1625581708949000,0,5.69831612,22.2920
1625581708959000,0,70.24370717,22.2920
1625581816143000,0,68.65394656,22.2600
1625581925839000,0,22.39786672,22.3177
1625581936091000,0,22.41653492,22.2986
1625581957252000,0,22.40584656,22.3035
1625581968688000,1,22.42011398,22.2878
1625582297140000,1,17.11000000,22.3918
1625582790921000,0,4.72939844,22.3890
1625582982228000,0,22.34504283,22.3757
1625583114757000,0,43.45536632,22.3590
1625584077563000,1,1.62170522,22.0725
1625584134753000,1,22.63821639,22.0772
1625584184027000,1,22.66000000,22.0484
1625584184087000,1,0.00048543,22.0484
1625584184238000,1,21.73384430,22.0484
1625584184304000,1,0.92476630,22.0484
1625584189514000,1,17.07000000,22.0359
1625584204275000,1,22.70000000,22.0058
1625584221102000,1,22.64796972,22.0597
1625584239565000,1,22.70000000,22.0062
1625584247648000,1,0.00627855,22.0062
1625584247648000,1,22.70372145,22.0062
1625584248826000,1,0.00255710,22.0062
1625584248826000,1,22.70627855,22.0062
1625584248826000,1,0.00116435,22.0058
1625584260436000,1,22.74580692,21.9681
1625584260438000,1,68.18783260,21.9601
1625584263325000,1,22.74580692,21.9681
1625584264100000,0,37.98842000,21.9782
1625584281830000,1,22.69934916,22.0095
1625584419380000,0,90.86240000,22.0100
1625584468827000,1,22.65367455,22.0521
1625585217485000,1,22.52510819,22.1754
1625585808063000,1,22.41478288,22.2878
1625585808468000,1,22.41478288,22.2878
1625585808559000,1,0.00291604,22.2878
1625585883053000,1,50.86990900,22.2260
1625585883053000,1,19.06763528,22.2260
1625585883566000,1,17.47251379,22.2250
1625586147200000,1,7.30000000,22.3680
1625586475547000,0,7.18664075,22.3311
1625586475716000,0,15.20682164,22.3311
1625586503617000,0,22.37733495,22.3511
1625586503617000,0,38.50151278,22.3520
1625586904187000,0,1.62170522,22.4944
1625587006121000,0,20.64593597,22.4910
1625587006130000,0,25.00000000,22.4910
1625587204769000,0,49.25704208,22.4740
1625587204810000,0,7.28284428,22.4740
1625587204827000,0,2.71979000,22.4740
1625587204869000,0,100.89577569,22.4740
1625587249245000,1,25.73960601,22.4790
1625587251224000,1,25.73960021,22.4783
1625587321153000,0,12.11924918,22.5909
1625587374659000,1,130.82363114,22.5437
1625587374947000,0,118.70438091,22.5421
1625587375159000,0,106.58512991,22.5421
1625587709326000,1,22.23706207,22.4741
1625587734062000,1,7.57572741,22.4790
1625587734575000,1,20.22498569,22.4790
1625587769971000,1,22.22620959,22.4833
1625587769971000,1,21.55626705,22.4830
1625587769982000,1,3.61936319,22.4830
1625587770022000,1,12.46300046,22.4830
1625587770032000,1,120.00000000,22.4830
1625588187776000,1,50.00000000,22.3560
1625588208236000,0,22.35012697,22.3869
1625588208236000,0,8.41447087,22.3968
1625588208236000,0,54.88743476,22.3973
1625588208236000,0,67.64190064,22.3974
1625588208236000,0,86.57917595,22.3987
1625588208236000,0,67.05038089,22.3987
1625588208236000,0,472.45000000,22.3995
1625588208236000,0,8.86297330,22.4025
1625588208236000,0,156.18019488,22.4086
1625588208601000,0,19.10490173,22.3869
1625588208800000,0,3.24522524,22.3869
1625588208800000,0,42.98690978,22.4086
1625588247427000,1,39.53442921,22.3660
1625588247694000,1,7.91036999,22.3660
1625588248691000,0,22.34735364,22.3871
1625588248691000,0,17.15232336,22.3962
1625588248691000,0,67.14898631,22.3987
1625588248691000,0,63.56418497,22.4000
1625588252655000,1,12.88738759,22.3660
1625588306653000,0,22.37000000,22.3582
1625588349143000,0,67.13690620,22.3446
1625588349143000,0,22.38309380,22.3447
1625588350519000,0,0.00309832,22.3447
1625588350519000,0,22.37690168,22.3447
1625588350908000,0,45.57000000,22.3446
1625588362210000,1,26.85522317,22.3010
1625588383144000,0,22.42000000,22.3079
1625588388366000,0,68.23591641,22.3079
1625588388366000,0,0.00408359,22.3079
1625588403077000,0,22.41071177,22.3198
1625588403077000,0,66.30666479,22.3258
1625588403077000,0,33.64032935,22.3316
1625588429715000,1,50.30360653,22.3310
1625588429748000,1,13.00000000,22.3310
1625588432190000,1,23.70000000,22.3250
1625588432259000,1,22.37657257,22.3246
1625588460228000,1,45.00000000,22.2984
1625588460740000,1,18.50000000,22.2934
1625588463022000,1,25.62342743,22.2934
1625588466705000,1,18.50561500,22.2886
1625588526002000,1,62.73019600,22.3412
1625588526064000,1,67.00000012,22.3412
1625588526490000,1,21.24783154,22.3330
1625588590968000,0,48.52866322,22.3930
1625588591015000,0,32.81141034,22.3930
1625588593294000,1,22.32127191,22.3923
1625588593323000,1,44.40019670,22.3799
1625588593350000,1,23.12122809,22.3830
1625588593362000,1,21.00000000,22.3830
1625588593402000,1,7.59980329,22.3830
1625588593620000,1,44.52287191,22.3786
1625588623918000,1,44.67872809,22.3900
1625588895494000,1,22.33000000,22.3727
1625588908760000,1,9.37960605,22.3920
1625588908856000,1,12.93735094,22.3920
1625588908856000,1,1.37077965,22.3890
1625588908896000,1,14.79161300,22.3890
1625588926382000,1,22.33005466,22.3814
1625588926382000,1,9.39895281,22.3800
1625589486182000,0,11.20372860,22.3370
1625589541737000,1,16.50680347,22.4160
1625589544197000,1,11.16370456,22.3751
1625589647235000,1,47.99788323,22.3560
1625589647353000,1,34.46886610,22.3560
1625589647497000,1,6.84665067,22.3560
1625589664275000,1,11.16370456,22.3181
1625589784409000,1,11.17318435,22.4460
1625589904362000,1,11.12545058,22.3454
1625590001445000,0,9.76042590,22.5560
1625590024492000,1,11.14727783,22.5504
1625590134598000,0,6.32722299,22.6360
1625590145690000,0,11.06300914,22.6026
1625590182327000,0,5.07377392,22.5650
1625590185069000,0,22.15902425,22.5653
1625590185069000,0,0.74602525,22.5670
1625590201518000,0,12.49999424,22.5658
1625590218126000,1,22.15000000,22.5718
1625590244364000,0,8.22584988,22.6900
1625590244371000,0,57.42345607,22.6900
1625590244420000,0,7.88087927,22.6900
1625590244436000,0,14.53281478,22.6900
1625590244436000,0,27.26759970,22.6906
1625590244484000,0,13.53418400,22.6906
1625590249161000,0,1.60728787,22.6962
1625590258742000,0,22.19149000,22.7640
1625590258768000,0,65.64481000,22.7640
1625590289969000,0,1.59299840,22.8998
1625590290044000,0,0.00000001,22.8998
1625590324529000,1,11.01195942,22.7893
1625590365291000,0,6.98060345,22.7736
1625590365527000,0,14.98190449,22.7736
1625590376298000,0,4.83070539,22.7527
1625590376415000,0,4.83039751,22.7527
1625590376579000,0,12.32652966,22.7527
1625590390907000,0,45.47707316,22.7430
1625590394880000,0,21.99169832,22.7435
1625590395167000,0,14.00000000,22.7510
1625590395178000,0,19.00000000,22.7510
1625590444595000,1,10.98768280,22.7213
1625590482968000,0,21.98375235,22.7540
1625590486972000,1,42.89019217,22.7410
1625590539368000,0,12.26596226,22.7502
1625590580010000,0,45.56622545,22.6440
1625590580027000,0,22.77857542,22.6440
1625590580047000,0,14.62031985,22.6440
1625590580059000,0,5.83835445,22.6440
1625590580198000,0,14.96100000,22.6445
1625590580198000,0,7.13592632,22.6445
1625590610857000,0,12.49012496,22.6880
1625590614850000,0,16.60090267,22.6880
1625590614852000,0,9.70047549,22.6880
1625590614857000,0,39.97710454,22.6880
1625590614871000,0,22.05423114,22.6887
1625590615357000,0,61.69774086,22.7072
1625590615498000,0,4.48230289,22.7072
1625590647448000,0,22.01900056,22.7236
1625590688270000,0,26.53154801,22.7090
1625590688286000,0,15.02729419,22.7090
1625590688296000,0,34.84680398,22.7090
1625590688312000,0,10.56524035,22.7090
1625590732118000,0,13.32703789,22.7870
1625590732197000,0,33.00000000,22.7870
1625590884710000,0,5.92224887,22.7940
1625590884814000,0,46.94975400,22.7940
1625590884856000,0,9.77108433,22.7940
1625590887422000,0,64.94845881,22.7940
1625590898008000,0,30.55440000,22.7960
1625590898059000,0,48.43978546,22.7960
1625590898061000,0,8.60811454,22.7960
1625590898061000,0,21.94628546,22.7968
1625591023721000,0,66.50304700,22.7400
1625591036661000,0,11.00000000,22.7409
1625591072105000,0,21.98726396,22.7499
1625591072516000,0,65.98134047,22.7580
1625591102936000,0,22.00024014,22.7370
1625591102936000,0,21.08174189,22.7370
1625591129067000,0,5.00000191,22.7450
1625591238720000,0,65.27455333,22.6360
1625591286133000,1,46.96104860,22.5891
1625591290388000,0,10.18813360,22.6133
1625591321128000,1,22.10000000,22.6127
1625591403018000,1,22.03414701,22.6853
1625591403426000,1,8.95802036,22.6853
1625591596235000,1,1.59299841,22.4703
1625591622691000,0,10.71000000,22.4610
1625591874527000,0,9.54000000,22.5983
1625591932813000,1,22.81855059,22.6210
1625591975629000,0,60.57383692,22.7110
1625591982620000,1,22.81510062,22.7090
1625592488490000,0,22.04925126,22.6835
1625592590115000,0,57.21771670,22.7556
1625592590127000,0,7.05200912,22.7556
1625592892030000,0,10.81910000,22.6440
1625593084034000,1,22.02452774,22.6986
1625593111198000,1,17.50000000,22.7217
1625593130940000,1,4.37000000,22.7495
1625593369744000,1,49.30884871,22.7550
1625593370022000,1,18.15586008,22.7550
1625593399055000,1,18.08000000,22.7643
1625593411213000,1,4.52000000,22.7920
1625593486091000,0,1.59299841,22.8998
1625593590940000,0,28.43093389,22.7970
1625593648424000,0,40.02898283,22.7820
1625593648425000,0,47.66801717,22.7820
1625593648437000,0,21.95542810,22.7826
1625593830790000,0,1.36000000,22.9500
1625593832062000,0,7.70878210,23.0100
1625593861490000,1,20.00000000,23.0176
1625594036393000,0,65.78175459,23.1030
1625594037571000,0,21.65318741,23.1035
1625594037749000,0,1.57883613,23.1052
1625594084474000,0,21.64823985,23.1151
1625594098040000,0,64.48330482,23.1150
1625594114849000,0,2.18783813,23.1050
1625594208612000,0,11.13167346,23.1572
1625594274251000,0,21.40001444,23.1440
1625594274434000,0,21.08659672,23.1440
1625594295985000,0,7.77269194,23.1620
1625594336318000,1,10.47000000,23.1380
1625594348268000,1,0.00945518,23.1380
1625594522534000,1,31.19929320,23.0310
1625594522600000,1,24.22571360,23.0310
1625594522897000,1,58.24137933,23.0220
1625594522899000,1,21.70704176,23.0220
1625594522940000,1,6.67357891,23.0220
1625594523257000,1,6.30369427,23.0182
1625594523273000,1,15.40498478,23.0182
1625594551840000,0,17.43633129,23.0490
1625594715906000,0,16.02840950,23.1860
1625594880805000,0,64.91391962,23.0400
1625595288513000,1,5.00000000,23.0500
1625595288524000,1,13.24080000,23.0500
1625595288531000,1,26.11786700,23.0500
1625595288556000,1,17.79598852,23.0500
1625595288556000,1,24.38994448,23.0500
1625595422724000,1,63.00000000,22.9680
1625595422773000,1,24.01390000,22.9680
1625595521685000,0,34.77022374,23.1210
1625595528323000,0,19.60924906,23.0993
1625595593840000,1,8.81510820,23.1440
1625595788780000,1,3.24816744,23.1427
1625595788794000,1,18.33462506,23.1427
1625595820431000,1,21.66000000,23.0993
1625595831875000,1,0.00236208,23.0993
1625596022716000,1,10.83151988,23.0620
1625596022716000,1,86.54010000,23.0620
1625596023774000,0,21.69675201,23.0716
1625596023774000,0,42.91976137,23.0790
1625596023774000,0,86.71010000,23.0790
1625596023774000,0,495.60000000,23.0794
1625596023774000,0,64.73023762,23.0920
1625596023896000,1,433.93747521,23.0920
1625596023993000,1,4.90250000,23.0920
1625596024048000,1,14.22262831,23.0920
1625596024066000,1,8.64400000,23.0920
1625596024090000,1,9.55261303,23.0920
1625596024097000,1,24.40253991,23.0920
1625596024210000,1,388.33000000,23.0920
1625596024423000,1,433.87174927,23.0920
1625596024525000,1,20.00000000,23.0920
1625596024778000,1,311.01038800,23.0920
1625596024782000,1,35.67010404,23.0920
1625596025595000,1,4.90250000,23.0440
1625596096857000,1,60.07387772,23.0517
1625596322413000,1,86.60620000,23.0280
1625596358345000,0,62.04522722,23.0400
1625596358412000,0,11.84529112,23.0400
1625596535483000,1,7.51948500,22.8390
1625596738192000,0,10.63463376,22.8896
1625596954529000,1,64.89999999,22.7880
1625596954695000,1,18.72315112,22.7880
1625596954710000,1,3.88154889,22.7880
1625596954728000,1,65.84031475,22.7878
1625597038724000,1,14.98622860,22.8240
1625597038724000,1,65.70000000,22.8240
1625597038922000,1,6.71137140,22.8240
1625597075445000,1,16.74674198,22.7669
1625597112524000,1,66.49652685,22.7760
1625597113444000,1,18.45422597,22.7740
1625597113852000,1,19.99999969,22.7740
1625597190381000,1,62.31168082,22.7450
1625597190402000,1,13.00000000,22.7450
1625597190421000,1,12.43431918,22.7450
1625597190421000,1,52.43328793,22.7444
1625597190442000,1,48.46302698,22.7444
1625597190486000,1,69.48118511,22.7444
1625597221674000,1,85.12715912,22.7371
1625597221681000,1,66.40245199,22.7371
1625597522733000,1,47.73472001,22.6790
1625597522769000,1,40.28837999,22.6790
1625597525059000,1,1.57883613,22.6718
1625597554756000,1,29.78181560,22.6260
1625597554802000,1,54.37185041,22.6260
1625597821737000,1,66.66032685,22.5860
1625597821782000,1,21.66277315,22.5860
1625597871258000,1,28.43093389,22.5387
1625598121454000,1,35.21206008,22.5020
1625598172244000,1,1.59299841,22.4703
1625598421781000,1,66.96203303,22.4940
1625598481440000,0,51.55832996,22.5090
1625598600796000,1,65.29616798,22.5448
1625598600850000,1,60.47200000,22.5448
1625598601381000,1,6.07197685,22.5448
1625598604468000,1,58.70458144,22.5280
1625598604509000,1,31.34700000,22.5280
1625598604665000,1,26.03640822,22.5280
1625598604738000,1,7.86293000,22.5280
1625598604876000,1,7.86293000,22.5280
1625598609762000,1,9.12575228,22.5280
1625598983988000,0,22.28208881,22.4516
1625598983988000,0,43.72319657,22.4516
1625598989467000,0,22.26133754,22.4616
1625599069139000,0,22.30694402,22.4200
1625599076854000,0,10.83181075,22.4200
1625599076967000,0,11.47513327,22.4200
1625599080597000,0,22.30694402,22.4200
1625599081037000,0,18.50449658,22.4270
1625599195259000,0,21.70000073,22.4010
1625599723407000,0,20.00004087,22.3946
1625599884622000,0,16.10000084,22.4015
1625599995612000,1,16.86876273,22.3028
1625599996229000,1,10.00000000,22.2972
1625599997437000,1,11.29925886,22.2972
1625599997590000,1,20.87274008,22.2972
1625599997888000,1,6.48965992,22.2910
1625599997908000,1,66.86403450,22.2910
1625599997929000,1,16.11590558,22.2910
1625600220155000,1,82.97994008,22.4330
1625600220836000,1,39.02788785,22.4250
1625600220872000,1,49.84071215,22.4250
1625600347554000,0,13.47072562,22.3724
1625600347628000,0,8.88548144,22.3724
1625600347628000,0,45.91451856,22.3730
1625600685104000,0,22.32404357,22.4043
1625600901312000,0,13.91000000,22.5211
1625601011408000,1,70.29000000,22.4326
1625601146046000,1,88.99520000,22.4290
1625601146306000,1,0.09200000,22.4290
1625601295305000,0,22.31126927,22.4159
1625601439781000,0,11.90865230,22.3960
1625601439906000,0,4.56570272,22.3960
1625601691633000,1,88.96540000,22.4020
1625601691633000,1,488.43120455,22.4016
1625602064214000,0,11.00000000,22.3358
1625602064313000,0,11.39550731,22.3358
1625602090125000,1,30.90843927,22.2820
1625602090478000,1,33.00009989,22.2820
1625602090479000,1,25.58156084,22.2820
1625602319721000,1,1.60728787,22.2705
1625602338989000,0,89.82370000,22.2700
1625602344825000,1,22.45000000,22.2697
1625602346487000,1,0.00474496,22.2697
1625602346487000,1,22.44525504,22.2697
1625602348503000,1,0.00948992,22.2697
1625602348503000,1,22.45051008,22.2697
1625602421702000,1,20.17626966,22.3213
1625602422101000,1,28.45155332,22.3049
1625602422122000,1,8.39697499,22.3049
1625602422127000,1,28.15496845,22.3049
1625602422379000,1,22.41979242,22.2990
1625602423153000,1,4.96889200,22.2908
1625602423179000,1,9.63330800,22.2908
1625602554253000,1,22.34746000,22.2890
1625602554260000,1,11.87520374,22.2890
1625602562625000,1,0.00423488,22.2697
1625602816081000,0,22.42742666,22.3030
1625602816081000,0,9.44743334,22.3050
1625602920014000,1,16.87489555,22.2700
1625602920019000,1,22.88000000,22.2700
1625602920056000,1,15.09655928,22.2700
1625602920161000,1,26.95925849,22.2700
1625603023028000,0,9.16924954,22.3330
1625603169361000,1,11.20824927,22.3117
1625603275554000,0,32.57610999,22.3370
1625603432762000,0,40.99155123,22.3015
1625603602338000,0,21.91250000,22.2835
1625603735967000,0,22.42710582,22.3007
1625603816243000,0,22.43894199,22.2865
1625603936368000,0,22.46163352,22.2644
1625604033415000,0,4.00000000,22.2200
1625604374146000,0,22.55000000,22.1749
1625604721937000,1,5.35782002,22.1420
1625604721958000,1,8.14903200,22.1420
1625604722001000,1,7.47514937,22.1420
1625604722008000,1,36.00000000,22.1420
1625604722018000,1,30.22399722,22.1420
1625604722031000,1,2.88800139,22.1420
1625604797841000,1,46.33040000,22.1280
1625604797883000,1,9.20851584,22.1280
1625604797894000,1,10.72758395,22.1280
1625604797894000,1,8.98369441,22.1280
1625604797910000,1,5.20400000,22.1280
1625604797946000,1,9.82060580,22.1280
1625605319735000,1,1.62170522,22.0725
1625605320050000,1,54.49619868,22.0710
1625605320062000,1,17.30340396,22.0710
1625605408765000,1,77.51066018,22.0390
1625605408781000,1,6.38116201,22.0390
1625605409173000,1,72.73528850,22.0260
1625605409237000,1,17.92451150,22.0260
1625605409669000,1,4.23797119,21.9943
1625605653874000,0,6.93609236,22.0330
1625605653885000,0,8.16862583,22.0330
1625605653930000,0,15.23294036,22.0330
1625605654562000,0,11.25818001,22.0336
1625605855950000,0,49.21390814,22.0580
1625606095949000,0,21.17646430,22.0066
1625606338375000,1,34.00039924,22.0000
1625606804951000,1,8.70000000,22.0930
1625607141393000,1,22.39559222,21.9980
1625607141418000,1,47.60900000,21.9980
1625607861918000,1,22.74981410,21.9643
1625607864182000,1,22.74981410,21.9643
1625607869602000,1,22.82121521,21.8929
1625607901755000,1,22.80463264,21.9135
1625607901755000,1,11.50631937,21.9080
1625607903874000,1,9.20000000,21.9135
1625607911118000,1,14.94591970,21.9039
1625607911139000,1,7.87433197,21.9039
1625607916148000,1,22.83029378,21.8927
1625607916148000,1,16.66882622,21.8900
1625607916212000,1,9.34000000,21.8900
1625607916321000,1,22.83029378,21.8927
1625607916321000,1,8.98123823,21.8900
1625607916383000,1,9.13829441,21.8900
1625607916419000,1,18.86088000,21.8900
1625607918657000,1,22.83770452,21.8824
1625607962105000,1,20.06376395,21.8923
1625607976767000,1,22.81162415,21.9049
1625607999037000,1,67.38431520,21.8850
1625607999050000,1,23.88258480,21.8850
1625607999050000,1,2.17009618,21.8840
1625608046325000,1,1.63625191,21.8763
1625608062181000,1,22.87105590,21.8460
1625608085135000,1,48.59167000,21.8290
1625608097810000,1,91.55590000,21.7950
1625608098337000,1,13.78431208,21.7950
1625608119707000,1,22.91872866,21.8062
1625608144345000,1,18.69200000,21.8062
1625608256191000,1,48.27721151,21.8830
1625608256327000,1,19.72000000,21.8830
1625608290938000,1,7.00000000,21.8664
1625608290944000,1,15.85323776,21.8664
1625608306021000,1,50.40085819,21.8430
1625608306029000,1,15.56620602,21.8430
1625608306068000,1,8.34136368,21.8430
1625608306167000,1,17.12507211,21.8430
1625608306993000,1,3.45360410,21.8298
1625608325186000,1,51.44796300,21.8200
1625608325192000,1,39.90213700,21.8200
1625608325192000,1,22.89563873,21.8196
1625608325710000,1,22.89525679,21.8196
1625608398788000,1,1.65092865,21.6818
1625608398796000,1,0.00000001,21.6818
1625608897581000,1,40.20000000,21.9340
1625608897678000,1,10.65230000,21.9340
1625608933105000,0,91.09540000,21.9650
1625608941473000,1,22.78195157,21.9650
1625608942201000,1,43.65654906,21.9650
1625609017783000,0,11.37174585,22.0620
1625609017783000,0,59.99236953,22.0620
1625609252555000,1,22.74000000,21.9744
1625609327597000,1,8.65273385,21.9460
1625609761648000,1,22.63709749,22.0739
1625609761648000,1,90.48980000,22.0660
1625609761753000,0,22.63709749,22.0660
1625609761760000,0,21.76990565,22.0660
1625609791767000,1,0.86933699,22.0660
1625610009622000,0,1.65092866,22.0963
1625610009622000,0,8.75692319,22.0990
1625611251702000,0,38.92441660,22.1900
1625611688908000,0,1.63625191,22.2945
1625611710832000,0,14.64617865,22.3580
1625611733531000,1,75.76610093,22.2970
1625611836453000,0,5.43568145,22.2760
1625611857804000,0,80.93507050,22.2840
1625612325867000,0,20.00000000,22.2490
1625612325924000,0,44.91152429,22.2490
1625612325942000,0,24.91427571,22.2490
1625612680373000,1,6.54093469,22.3600
1625612680402000,1,49.92092324,22.3600
1625612680403000,1,32.69934207,22.3600
1625613081911000,0,7.23030000,22.3420
1625613081943000,0,33.06079000,22.3420
1625613081959000,0,22.32116172,22.3420
1625613164811000,0,26.94398427,22.2870
1625613388636000,0,6.34377237,22.3310
1625613673629000,0,64.05833397,22.3700
1625613952906000,1,1.62349568,22.3398
1625614029501000,0,68.84083895,22.3380
1625614072964000,1,51.21409999,22.3190
1625614073021000,1,13.38058251,22.3190
1625614102247000,0,24.83765201,22.3330
1625614102262000,0,37.72595493,22.3330
1625614164541000,0,29.83939611,22.3130
1625614463689000,0,38.04589099,22.2910
1625614463955000,0,51.49060901,22.2910
1625614666531000,0,10.00000000,22.3130
1625614666532000,0,43.60000000,22.3130
1625614666588000,0,25.63383172,22.3130
1625614666594000,0,6.20378787,22.3130
1625614811823000,0,22.43410000,22.3011
1625614894540000,1,12.09147238,22.3110
1625614894797000,1,5.76842358,22.3110
1625615070972000,0,5.72348677,22.3780
1625615071027000,0,9.12400000,22.3780
1625615071042000,0,9.99999999,22.3780
1625615071044000,0,7.76877470,22.3780
1625615136844000,1,7.83040918,22.3650
1625615137101000,1,21.12954000,22.3660
1625615137358000,1,15.21009000,22.3660
1625615137398000,1,25.52636800,22.3660
1625615720054000,1,22.38019282,22.3320
1625615728505000,1,11.27258092,22.3320
1625615728557000,1,11.10761190,22.3320
1625615728645000,1,19.60396576,22.3270
1625615757908000,1,40.72863984,22.3240
