timestamp ms,type,amount,price
1625443231820000,0,72.93947459,20.6678
1625443275548000,0,196.55000000,20.7256
1625443631818000,1,12.06236443,20.6396
1625443632145000,1,4.72029320,20.6396
1625443706361000,0,7.00000000,20.6860
1625443752103000,1,12.11240842,20.6539
1625443902807000,1,7.60231629,20.6780
1625443965099000,1,23.09310485,20.6580
1625444031204000,0,24.14000000,20.7149
1625444320558000,1,13.36152882,20.6812
1625444499220000,0,12.06542743,20.7204
1625444928017000,0,7.14403365,20.7450
1625444928034000,0,56.61851727,20.7450
1625444946802000,1,13.38647712,20.7210
1625444946824000,1,45.57800000,20.7210
1625444966932000,0,20.11799234,20.7434
1625445686920000,0,6.08452656,20.8040
1625446520573000,0,70.14339875,20.8300
1625446520593000,0,25.84440125,20.8300
1625446829850000,0,42.51332200,20.7310
1625446833135000,0,20.00000000,20.7410
1625447069565000,0,29.36504115,20.7870
1625447069608000,0,18.69221633,20.7870
1625447069768000,0,57.04278931,20.7890
1625447069885000,0,19.28263635,20.7890
1625447812782000,1,12.50300871,20.8760
1625447861498000,0,72.98420989,20.8500
1625447937912000,1,23.99193806,20.8300
1625447937915000,1,71.74336194,20.8300
1625447938103000,0,23.99193806,20.8300
1625448246201000,0,12.49666169,20.7230
1625448350862000,0,21.93727382,20.7320
1625448350941000,0,11.03544144,20.7320
1625448350979000,0,12.06272617,20.7320
1625448365769000,0,19.36681940,20.7379
1625448368985000,0,13.11718637,20.7500
1625448412233000,1,94.49600000,20.7440
1625448413151000,1,1.63410000,20.7440
1625448539612000,1,96.45920000,20.6540
1625448712372000,1,1.74179751,20.5507
1625448712397000,1,0.00000001,20.5507
1625448712611000,1,12.50000000,20.5370
1625448724769000,1,12.50000000,20.4820
1625449353191000,1,39.20000000,20.5730
1625449446833000,1,13.71500000,20.4990
1625449446910000,1,53.75021687,20.4990
1625449446966000,1,5.68614939,20.4990
1625449475410000,1,74.58681379,20.4770
1625449764001000,1,94.49600000,20.5580
1625449873648000,0,33.12282581,20.5520
1625450139758000,1,24.39538180,20.4813
1625450139758000,1,73.16172825,20.4800
1625450139758000,1,73.14605753,20.4709
1625450139776000,1,13.00000000,20.4631
1625450139776000,1,12.48909194,20.4605
1625450139776000,1,72.67556118,20.4605
1625450139776000,1,2.66939216,20.4593
1625450139909000,1,21.91250000,20.4697
1625450139935000,1,73.89610815,20.4560
1625450145069000,0,8.67471147,20.4605
1625450145145000,0,31.76882062,20.4605
1625450145158000,0,25.59186891,20.4605
1625450145861000,0,58.64890169,20.4810
1625450145872000,0,22.73661629,20.4810
1625450145961000,0,16.28748202,20.4810
1625450145961000,0,1.65876478,20.4813
1625450185704000,0,16.95684400,20.4805
1625450218144000,0,22.73661629,20.5120
1625450224750000,1,24.36870090,20.4999
1625450224750000,1,49.52740725,20.4990
1625450367517000,1,97.82620000,20.3970
1625450381899000,1,1.75742139,20.3680
1625450382039000,1,47.74711577,20.3450
1625450393926000,1,21.91250000,20.3392
1625450394006000,1,29.02722883,20.3392
1625450664455000,1,36.03653851,20.4640
1625450687208000,0,17.17978149,20.4800
1625450698154000,0,24.68317599,20.4820
1625450713731000,1,24.40350365,20.4750
1625451180192000,0,6.02786255,20.4510
1625451526189000,1,53.38000000,20.2919
1625451586540000,0,42.18559221,20.2860
1625451586601000,0,25.72000000,20.2860
1625451928128000,0,24.67556722,20.2776
1625452169764000,1,46.00000000,20.3720
1625452309033000,1,29.43629536,20.3920
1625452309056000,1,15.20875239,20.3920
1625452309130000,1,24.43629495,20.3920
1625452404210000,0,49.46282177,20.4120
1625452668387000,1,16.49000000,20.4306
1625452708953000,1,17.85201718,20.3870
1625452709032000,1,16.33570000,20.3870
1625452709495000,1,20.31055000,20.3863
1625453141950000,1,53.02617638,20.3110
1625453288400000,1,69.45446000,20.2170
1625453288469000,1,29.28234000,20.2170
1625453288469000,1,14.51057000,20.2169
1625453449731000,1,93.34787027,20.2988
1625453450127000,1,8.00000000,20.2988
1625453454060000,1,15.47265967,20.2988
1625453454082000,1,11.55557309,20.2988
1625453654488000,1,1.77318578,20.1869
1625453714196000,1,6.72000000,20.2010
1625454126708000,1,55.15375075,20.2230
1625454223975000,1,24.76933792,20.1720
1625454571367000,0,31.00000000,20.3900
1625455012594000,0,17.51954154,20.4162
1625455012883000,0,5.80939182,20.4162
1625456096641000,1,10.31039127,20.2770
1625456096844000,1,22.04655458,20.2770
1625457009838000,1,30.27445391,20.2980
1625457905181000,1,24.65834892,20.2625
1625457905181000,1,73.95202434,20.2586
1625457905181000,1,300.98200000,20.2540
1625457905181000,1,98.42590000,20.2540
1625457905181000,1,12.10355427,20.2532
1625457905181000,1,66.33817247,20.2529
1625457905201000,1,7.92537634,20.2529
1625457905201000,1,13.00000000,20.2461
1625457905201000,1,148.07423211,20.2461
1625457905204000,1,61.96323426,20.2461
1625457905204000,1,50.94634739,20.2461
1625457905545000,1,13.00000000,20.2283
1625457905784000,1,27.34020000,20.2359
1625457905816000,1,7.80372419,20.2359
1625457915862000,1,5.57367678,20.1715
1625457915899000,1,6.23629014,20.1715
1625457915927000,1,11.80457696,20.1402
1625457915927000,1,13.00000000,20.0074
1625457915927000,1,16.52851304,20.0074
1625457916498000,1,1.00000000,20.0233
1625457919362000,1,41.86917000,20.0625
1625457926576000,1,1.78909067,20.0074
1625458024803000,1,41.33309000,20.0640
1625458024870000,1,5.57367678,20.0640
1625458027064000,1,94.18665222,20.0565
1625458076404000,1,5.65467900,20.0770
1625458076414000,1,74.74586406,20.0770
1625458076434000,1,19.12375694,20.0770
1625458076434000,1,24.89173925,20.0762
1625458089163000,1,22.80000000,20.0666
1625458089220000,1,15.41493498,20.0666
1625458091080000,1,24.91863057,20.0590
1625458091350000,1,49.18136943,20.0590
1625458119690000,1,16.08857152,20.0410
1625458119694000,1,29.06800071,20.0410
1625458119697000,1,54.52612777,20.0410
1625458119940000,1,23.61063235,20.0390
1625458119974000,1,10.81063235,20.0390
1625458120188000,1,13.58356800,20.0390
1625458120252000,1,48.40972950,20.0390
1625458382456000,1,9.99993212,20.0460
1625458702831000,1,50.88470366,20.1220
1625458720022000,1,24.84603308,20.1180
1625458721295000,1,19.89562415,20.1019
1625458721310000,1,13.93003640,20.1019
1625458721315000,1,7.00953895,20.1019
1625459165824000,1,29.67212304,20.2280
1625459166066000,1,27.50292684,20.2260
1625459389907000,1,10.57000000,20.2266
1625459555343000,0,73.72009700,20.2780
1625459555352000,0,24.67064681,20.2785
1625460008626000,0,1.78909067,20.3899
1625460079442000,1,43.59454052,20.3740
1625460079566000,1,73.18630581,20.3720
1625460079842000,1,24.91829419,20.3720
1625460186686000,1,62.52551995,20.3790
1625460186738000,1,15.00000000,20.3790
1625460188277000,1,54.48974955,20.3750
1625460188340000,1,19.98354539,20.3750
1625460236191000,0,70.20123057,20.3800
1625460236214000,0,27.73716943,20.3800
1625460422227000,0,24.57151067,20.3610
1625460443716000,0,1.10000000,20.3590
1625460455997000,1,1.10000000,20.3240
1625460463562000,1,579.81000000,20.3258
1625460463562000,1,97.05840000,20.3240
1625460463562000,1,24.58807010,20.3229
1625460463562000,1,95.25198598,20.3221
1625460463562000,1,8.42923703,20.3156
1625460463562000,1,9.47614932,20.3118
1625460463562000,1,181.27702532,20.3118
1625460924992000,1,15.67626053,20.3150
1625460950027000,1,45.74196059,20.2960
1625460950621000,1,6.89961066,20.2940
1625460950727000,1,12.65216290,20.2940
1625460950769000,1,41.51051710,20.2940
1625460951016000,1,25.45207057,20.2940
1625460951220000,1,11.98833877,20.2940
1625460972999000,1,73.91432710,20.2590
1625461515201000,1,1.88070786,20.2999
1625461519148000,1,22.73509636,20.2999
1625461519148000,1,73.47862883,20.2998
1625461519148000,1,230.81454000,20.2960
1625461519148000,1,98.23420000,20.2960
1625461519148000,1,15.55018837,20.2952
1625461519148000,1,569.90000000,20.2952
1625461519148000,1,95.45892303,20.2952
1625461519148000,1,73.83255153,20.2952
1625461519148000,1,300.98200000,20.2916
1625461519148000,1,38.88163075,20.2877
1625461519148000,1,73.20496750,20.2876
1625461519148000,1,73.82505879,20.2850
1625461519148000,1,28.46402088,20.2727
1625461545194000,1,22.86281905,20.3060
1625461682313000,1,74.26716506,20.3320
1625461822415000,0,24.62240598,20.3169
1625461822524000,0,17.22862200,20.3169
1625461822534000,0,7.39378398,20.3169
1625462089735000,1,24.74447319,20.1959
1625462089735000,1,75.25552681,20.1920
1625462269584000,1,42.58776471,20.1520
1625462269586000,1,56.35373529,20.1520
1625462269586000,1,24.79606985,20.1513
1625462269586000,1,73.95394482,20.1450
1625462546511000,0,36.31000000,20.1520
1625462552897000,1,30.35517157,20.1410
1625462552923000,1,63.22685869,20.1410
1625462611776000,0,0.00166535,20.1520
1625462934559000,1,27.31400000,20.1020
1625462934681000,1,65.79062943,20.1020
1625463167799000,1,16.18707843,20.1231
1625463167808000,1,8.63833984,20.1231
1625463352921000,1,7.40996887,20.2460
1625463352929000,1,32.73017926,20.2460
1625463352931000,1,28.51000000,20.2460
1625463353002000,1,25.94771796,20.2460
1625463872558000,0,24.66251077,20.2914
1625463908139000,1,73.57744049,20.2910
1625463908169000,1,18.84200000,20.2910
1625463908175000,1,1.68775825,20.2910
1625464736177000,0,66.22650990,20.3980
1625464817846000,1,72.53264547,20.4040
1625464827424000,0,31.59600000,20.4511
1625465038950000,0,300.98200000,20.3573
1625465038950000,0,24.57636283,20.3574
1625465038950000,0,98.20480000,20.3600
1625465038950000,0,73.76369749,20.3609
1625465038950000,0,74.29480709,20.3615
1625465038950000,0,5.57493714,20.3670
1625465140540000,0,24.59773485,20.3397
1625465332986000,0,77.54036914,20.2890
1625465424355000,0,4.23797119,20.3470
1625465508192000,0,13.73499767,20.3810
1625465508360000,0,51.78564650,20.3810
1625465508631000,0,9.27274760,20.3810
1625465593938000,0,24.11089303,20.3990
1625465593996000,0,49.00000000,20.3990
1625465674037000,0,3.73664637,20.4100
1625465774817000,0,67.00000000,20.4110
1625465891828000,1,48.98020054,20.5040
1625465991131000,0,24.43265619,20.4748
1625466192288000,1,53.31293850,20.3830
1625466192402000,1,44.65486150,20.3830
1625466402596000,1,27.48279854,20.3700
1625466695051000,1,20.26951643,20.2899
1625466695974000,1,53.95696714,20.2899
1625466697903000,1,39.02102861,20.2899
1625466945679000,1,22.00943552,20.2900
1625468225672000,1,60.34707990,20.3300
1625468331654000,1,30.96869447,20.3560
1625468331661000,1,7.37023473,20.3560
1625468331687000,1,8.81972911,20.3560
1625468331808000,1,29.00000000,20.3560
1625468629729000,1,45.05275400,20.3030
1625468629824000,1,35.98540836,20.3030
1625468629888000,1,17.17693764,20.3030
1625468757910000,1,35.04315569,20.2660
1625468834903000,1,27.48204372,20.2960
1625468834933000,1,17.45546300,20.2960
1625468834957000,1,32.09148343,20.2960
1625468834957000,1,21.37260985,20.2960
1625469011357000,1,87.00012108,20.2570
1625469660062000,1,24.72833890,20.2043
1625469660062000,1,73.95533263,20.1933
1625469660062000,1,14.90507951,20.1888
1625469660062000,1,55.21947935,20.1881
1625469660062000,1,18.93676091,20.1881
1625469660062000,1,41.61912000,20.1830
1625469660062000,1,74.69505705,20.1805
1625469660062000,1,33.55729243,20.1782
1625469660065000,1,37.27473788,20.1805
1625469660065000,1,13.89960891,20.1782
1625469684579000,0,35.59623710,20.1460
1625469684637000,0,63.63986290,20.1460
1625469742934000,0,72.94781829,20.1460
1625469848036000,1,74.00239999,20.1230
1625470376555000,0,72.77804069,20.2270
1625470462894000,0,24.74478534,20.2165
1625470463009000,0,29.65330000,20.2190
1625470595493000,0,28.18932362,20.2070
1625470826261000,1,74.24639904,20.2040
1625470826354000,1,15.30000000,20.2040
1625470826363000,1,9.35860096,20.2040
1625471049747000,0,24.79890589,20.1726
1625471053336000,0,35.29411765,20.1720
1625471101034000,1,4.40792190,20.1460
1625471190344000,0,0.00000692,20.1726
1625471347637000,1,73.71858301,20.2220
1625471447400000,1,17.82112228,20.1990
1625471447407000,1,28.10000000,20.1990
1625471447412000,1,29.41516272,20.1990
1625471447424000,1,23.30841500,20.1990
1625472373869000,0,24.76773218,20.2034
1625472373877000,0,73.29556255,20.1990
1625472489481000,1,10.12489897,20.2259
1625472642450000,1,24.68190414,20.2464
1625473217643000,0,78.62443934,20.1770
1625473706978000,1,28.43254900,20.1200
1625473706991000,1,19.03118534,20.1200
1625473707244000,1,8.06648800,20.1130
1625473707257000,1,5.70365305,20.1130
1625473707280000,1,28.01468032,20.1130
1625473707434000,1,19.00000000,20.1130
1625473707441000,1,22.53711331,20.1130
1625473707442000,1,15.89676532,20.1130
1625473707442000,1,58.91524202,20.1096
1625473707442000,1,38.06548461,20.1096
1625473708215000,1,8.89802800,20.1025
1625473708493000,1,11.42299032,20.1025
1625473818390000,1,13.36307629,20.1150
1625473818398000,1,33.30831067,20.1150
1625473961473000,0,13.77162753,20.1247
1625475357041000,1,13.62056135,20.1860
1625475573679000,0,24.69018792,20.2615
1625475579737000,0,8.14017646,20.2690
1625475579753000,0,16.00000000,20.2690
1625475579767000,0,8.00000000,20.2690
1625475617417000,0,24.71000000,20.2450
1625475952373000,0,24.50000000,20.4156
1625475990523000,0,21.65000000,20.3871
1625475998516000,0,5.41000000,20.3964
1625476424698000,1,24.44000336,20.4542
1625476424698000,1,48.04481247,20.4520
1625477076974000,1,72.85351065,20.4600
1625477143794000,0,97.73160000,20.4200
1625477143794000,0,2.26840000,20.4200
1625477276820000,1,76.42635176,20.4210
1625477276834000,1,21.14554824,20.4210
1625477306920000,1,16.45742197,20.3950
1625477394898000,0,30.83034121,20.4090
1625477394989000,0,35.40413450,20.4090
1625477395023000,0,27.79233913,20.4090
1625477816058000,1,15.19955292,20.2740
1625478158416000,1,39.23539828,20.2930
1625478158792000,1,7.38591718,20.2890
1625478158852000,1,74.94703338,20.2890
1625478158853000,1,16.21504944,20.2890
1625478383217000,1,11.99999414,20.2344
1625478800663000,1,12.20984622,20.3100
1625478800663000,1,56.46347670,20.3100
1625479203919000,1,13.78500000,20.2780
1625479203965000,1,74.01199054,20.2780
1625479966977000,1,16.43482540,20.3848
1625479967026000,1,8.08194847,20.3848
1625480157692000,1,48.67812900,20.3790
1625480157737000,1,46.74472414,20.3790
1625480157975000,1,2.47584686,20.3790
1625480323089000,1,6.98551196,20.3810
1625480494748000,1,73.06719684,20.3970
1625480494750000,1,24.81530316,20.3970
1625480688657000,1,24.33552846,20.5305
1625480688657000,1,73.02865025,20.5276
1625481540219000,1,67.81800560,20.4680
1625481911581000,1,8.00000000,20.4858
1625482191115000,0,1.77318578,20.5728
1625482435146000,0,24.35860553,20.5365
1625482435146000,0,65.47711292,20.5440
1625482440799000,0,22.47384418,20.5365
1625482443848000,0,1.88476135,20.5365
1625482443848000,0,3.73179806,20.5460
1625482524650000,1,20.98849278,20.5210
1625482524724000,1,44.33545115,20.5210
1625482524729000,1,14.62009678,20.5210
1625482524754000,1,17.41035929,20.5210
1625483101933000,1,72.60855486,20.5270
1625483101995000,1,37.33274514,20.5270
1625483154673000,1,14.61893512,20.5270
1625483154711000,1,58.96111490,20.5270
1625483260521000,1,72.60000000,20.5400
1625483260592000,1,14.77825473,20.5400
1625483261008000,1,9.79394527,20.5400
1625483261342000,1,19.35473153,20.5370
1625483261558000,1,4.98430946,20.5370
1625483351302000,1,11.69920781,20.5380
1625483351322000,1,41.00000000,20.5380
1625483351361000,1,3.45189219,20.5380
1625483351411000,1,11.15310781,20.5380
1625483438663000,1,30.25497133,20.4990
1625483589742000,1,24.03224919,20.4390
1625483589819000,1,23.49141095,20.4390
1625483589879000,1,48.94043948,20.4390
1625483704582000,1,25.86703745,20.3930
1625483704671000,1,13.24698264,20.3930
1625483704766000,1,10.00300000,20.3930
1625483775698000,1,8.79357605,20.3510
1625483845648000,1,11.33331080,20.3720
1625483868904000,0,147.15757780,20.3863
1625483946756000,1,21.05367678,20.3870
1625483946858000,1,76.87972322,20.3870
1625483946858000,1,3.46354880,20.3864
1625483969527000,1,49.53990347,20.3790
1625483969605000,1,48.49479653,20.3790
1625483969605000,1,17.32737387,20.3788
1625483969605000,1,7.94903044,20.3788
1625483970087000,1,24.53005014,20.3752
1625484079185000,1,12.92605558,20.3850
1625484128590000,1,59.36336500,20.2910
1625484129060000,1,98.31380000,20.2870
1625484144813000,1,12.35386173,20.2682
1625484145010000,1,2.67718931,20.2482
1625484175508000,1,6.25765041,20.2560
1625484209421000,1,24.65468357,20.2730
1625484221327000,1,18.14260090,20.2722
1625484248470000,1,24.68722206,20.2380
1625484262791000,1,24.72672406,20.2033
1625484262791000,1,4.64289036,20.2029
1625484262868000,1,10.99300000,20.2029
1625484262989000,1,40.27327046,20.2029
1625484266635000,1,1.77318577,20.1869
1625484268761000,1,0.00000001,20.1869
1625484332065000,1,74.44734280,20.0074
1625484332065000,1,1.78909067,20.0074
1625484352313000,1,1.80513871,19.8296
1625484352771000,1,0.00000001,19.8296
1625484436184000,1,8.68570768,19.8581
1625484501214000,1,25.27634158,19.7604
1625484602770000,1,25.23290641,19.8039
1625484862827000,1,1.82133083,19.6533
1625484862830000,1,0.00000001,19.6533
1625484862917000,1,9.41041114,19.6023
1625484862917000,1,24.28831885,19.5990
1625484862917000,1,76.37742317,19.5990
1625484862917000,1,61.44195931,19.5853
1625484862917000,1,152.57534431,19.5853
1625484862917000,1,76.55344055,19.5818
1625484862917000,1,8.47356856,19.5798
1625484862917000,1,152.80924013,19.5604
1625484866653000,1,13.99999940,19.5430
1625484873684000,1,1.83766794,19.4785
1625484976137000,1,11.00176690,19.5698
1625484991009000,0,11.61195399,19.4902
1625485024964000,1,25.51641566,19.5648
1625485024964000,1,62.43858434,19.5605
1625485085678000,1,46.60613516,19.5190
1625485432544000,1,78.52461515,19.5980
1625485436715000,1,10.78394936,19.5980
1625485457837000,1,76.14474824,19.6150
1625485466039000,1,51.11457409,19.5910
1625485802523000,0,77.58740000,19.5147
1625485802552000,0,0.00006588,19.5147
1625485802708000,0,60.79921403,19.5324
1625485813488000,1,71.96027429,19.5496
1625485900857000,1,18.77445174,19.5318
1625485900858000,1,6.80481159,19.5318
1625485900858000,1,68.57279539,19.5280
1625485957809000,0,72.98576425,19.4970
1625485991183000,0,59.12394233,19.4980
1625485991662000,0,17.25000000,19.5000
1625486118475000,1,1.85415189,19.3054
1625486118481000,1,0.00000001,19.3054
1625486144921000,1,25.89087093,19.2891
1625486144921000,1,77.65055452,19.2811
1625486144921000,1,50.87603666,19.2744
1625486145330000,0,12.75201613,19.2731
1625486195873000,1,26.05766742,19.1721
1625486196082000,1,4.48235329,19.1635
1625486219349000,0,88.15098762,19.1660
1625486219507000,0,16.11551237,19.1660
1625486219605000,0,0.00000001,19.1660
1625486562650000,1,36.66235870,19.4090
1625486671238000,1,36.83040221,19.3910
1625486671280000,1,10.61871533,19.3910
1625486671337000,1,10.22259900,19.3910
1625486671449000,1,18.60000000,19.3910
1625486744494000,1,38.21355302,19.3990
1625486751808000,1,22.74514213,19.3580
1625486752317000,1,55.31144998,19.3550
1625486752443000,1,35.23574261,19.3550
1625486752443000,1,12.70630741,19.3550
1625486887502000,1,12.49999355,19.3671
1625486887543000,1,88.03197433,19.3671
1625487579779000,1,54.47219140,19.3840
1625487579806000,1,12.38286260,19.3840
1625487616745000,1,76.33194079,19.3910
1625487616781000,1,26.52795921,19.3910
1625487635292000,0,11.68980036,19.4350
1625487750315000,0,6.24000000,19.4159
1625487954619000,0,25.77221512,19.4132
1625487956638000,1,18.87363846,19.3830
1625487956831000,1,14.12261487,19.3830
1625487958619000,1,25.78777562,19.3733
1625487958619000,1,43.37563000,19.3657
1625487958619000,1,62.43248435,19.3652
1625487958621000,1,14.43720586,19.3652
1625487958621000,1,77.35769290,19.3638
1625487958621000,1,6.59673612,19.3543
1625487958621000,1,2.53720620,19.3543
1625487958621000,1,71.94165159,19.3535
1625488138203000,0,25.84000000,19.3526
1625488145175000,0,25.86000000,19.3433
1625488190217000,0,11.56000000,19.3448
1625488199448000,0,2.90000000,19.3442
1625488725044000,0,15.82990190,19.3568
1625488728649000,0,8.88270048,19.3648
1625488729183000,0,16.94448371,19.3648
1625488791963000,0,55.46089745,19.3770
1625489195000000,1,40.33314179,19.3210
1625489195034000,1,62.80315821,19.3210
1625489204630000,1,47.41220000,19.2950
1625489205036000,1,27.81441956,19.2830
1625489205048000,1,68.38944323,19.2830
1625489205144000,1,7.18043721,19.2830
1625489205144000,1,30.03996803,19.2830
1625489598394000,1,29.25481975,19.3020
1625489810032000,1,53.12731027,19.3000
1625489810278000,1,10.00000000,19.3000
1625489810385000,1,37.74489694,19.3000
1625489810385000,1,40.46108260,19.3000
1625490253213000,1,77.36889400,19.3890
1625490540499000,0,25.64000000,19.5106
1625490543715000,0,8.06000000,19.5101
1625490699566000,1,40.55157221,19.4760
1625490699605000,1,30.54646721,19.4760
1625490699633000,1,31.37596058,19.4760
1625490742909000,0,11.26000000,19.4950
1625490822767000,1,6.67061280,19.4980
1625490968203000,0,17.66000000,19.5619
1625490969209000,0,4.42000000,19.5619
1625490972425000,1,46.59318145,19.5330
1625490972556000,1,55.59131855,19.5330
1625490972556000,1,22.08128041,19.5328
1625491092598000,1,7.73522820,19.5250
1625491092603000,1,77.41390000,19.5250
1625491092615000,1,17.13367180,19.5250
1625491239239000,1,44.77291794,19.4799
1625491597816000,1,72.19393140,19.4970
1625491638504000,0,12.49000000,19.5192
1625491787200000,0,17.33000000,19.5565
1625491788287000,0,4.33000000,19.5565
1625491956455000,1,40.98339701,19.5290
1625491956480000,1,35.34817956,19.5290
1625491956516000,1,25.70072343,19.5290
1625492063382000,1,75.67237814,19.5567
1625492063538000,1,27.00301620,19.5567
1625492390233000,1,74.71564761,19.5600
1625492390430000,1,27.12935239,19.5600
1625492591698000,1,25.45735537,19.6480
1625492591698000,1,13.68977915,19.6460
1625492591756000,1,42.88891559,19.6460
1625492686591000,1,25.49701387,19.6029
1625492686591000,1,25.54707894,19.6000
1625492686799000,1,25.49701387,19.6029
1625492859347000,0,1.85415190,19.6744
1625492883720000,1,54.48328304,19.6670
1625492987023000,1,25.46086027,19.6280
1625493169057000,1,22.99991822,19.6093
1625493378691000,1,71.01008319,19.6050
1625493378725000,1,25.49609925,19.6050
1625493378773000,1,5.35741756,19.6050
1625493378773000,1,10.84063034,19.6034
1625493378807000,1,14.65546891,19.6034
1625493699411000,0,8.39000000,19.5291
1625493879198000,0,21.15000000,19.6473
1625493885393000,0,4.32000000,19.6473
1625493903353000,1,12.48339686,19.6340
1625493903400000,1,36.02479813,19.6340
1625493921354000,0,0.00293497,19.6473
1625493937844000,1,36.00000000,19.6440
1625493937891000,1,65.52150000,19.6440
1625493937891000,1,9.81180289,19.6427
1625493938496000,1,9.01900062,19.6450
1625494017151000,1,16.40015207,19.6350
1625494017156000,1,66.95159056,19.6350
1625494017174000,1,18.29405737,19.6350
1625494166878000,1,76.41559857,19.6440
1625494166915000,1,14.39645520,19.6440
1625494167010000,1,10.78814623,19.6440
1625494227644000,1,25.48332640,19.6136
1625494227644000,1,50.00761978,19.6130
1625494227808000,1,30.61990000,19.6130
1625494227842000,1,21.02868022,19.6130
1625494273496000,1,19.35552379,19.6052
1625494297914000,1,25.51160264,19.5919
1625494328539000,1,34.30073212,19.5900
1625494348398000,1,9.75998740,19.5950
1625494348425000,1,15.74376632,19.5950
1625494480002000,1,25.49881793,19.6032
1625494641791000,1,63.68224065,19.6440
1625494688814000,1,29.17349102,19.6120
1625494817574000,1,5.00000000,19.6420
1625494817827000,1,74.90329691,19.6420
1625494817893000,1,21.81430309,19.6420
1625494817893000,1,25.44495292,19.6419
1625494818674000,1,23.54074399,19.6328
1625494926303000,1,37.21167363,19.6400
1625495015995000,1,16.35117401,19.6214
1625495378113000,1,16.38346034,19.5330
1625495378224000,1,58.85566280,19.5330
1625495546922000,1,33.98812840,19.5340
1625495547074000,1,33.40000000,19.5340
1625495549515000,1,77.41604717,19.5250
1625495554517000,1,102.30600000,19.5160
1625495554517000,1,13.24963440,19.5154
1625495699380000,1,15.30768592,19.6090
1625495699499000,1,10.20512297,19.6090
1625495799036000,1,44.77511390,19.5880
1625496281204000,0,4.06139394,19.6023
1625496298149000,1,3.28707203,19.5730
1625496298172000,1,77.17469079,19.5730
1625496298243000,1,11.84385686,19.5730
1625496649943000,1,25.46278310,19.6290
1625496728069000,1,79.44555863,19.6210
1625496822525000,1,76.13499728,19.6230
1625496826482000,1,15.31197695,19.6140
1625496826542000,1,5.02513183,19.6140
1625497096070000,1,75.90304202,19.6470
1625497096107000,1,25.73185798,19.6470
1625497225628000,1,56.74864920,19.6490
1625497225633000,1,19.00000000,19.6490
1625497271621000,1,29.07318703,19.6250
1625497274853000,1,20.53130173,19.6250
1625497274880000,1,52.06861124,19.6250
1625497323753000,1,30.62490000,19.5792
1625497323771000,1,30.54934803,19.5792
1625497323824000,1,76.24204217,19.5792
1625497430846000,1,17.75833357,19.5569
1625497430958000,1,7.79720738,19.5569
1625497430958000,1,10.62779262,19.5550
1625497659354000,0,101.41220000,19.6730
1625498873200000,1,7.00000000,19.5910
1625498873251000,1,77.13132665,19.5910
1625498879328000,1,20.76157736,19.5830
1625498879348000,1,55.59967345,19.5830
1625498879491000,1,13.67200000,19.5751
1625498879519000,1,76.20000000,19.5800
1625498879569000,1,25.82290000,19.5800
1625499264963000,1,10.04695236,19.4850
1625499264982000,1,29.78788968,19.4850
1625499265025000,1,38.00000000,19.4850
1625499265153000,1,24.61615796,19.4850
1625499265234000,1,24.00000000,19.4769
1625499271873000,1,14.20719075,19.4508
1625499644626000,1,25.00000000,19.5339
1625499644648000,1,77.68408422,19.5339
1625499644649000,1,54.42226632,19.5339
1625499644651000,1,64.56152028,19.5339
1625499644681000,1,88.32790300,19.5339
1625499644696000,1,75.81967213,19.5339
1625499644698000,1,64.29999999,19.5339
1625499644699000,1,76.85213708,19.5339
1625499644701000,1,16.40520865,19.5339
1625499644733000,1,21.56720833,19.5339
1625499772788000,1,41.41187523,19.5790
1625499797081000,0,8.79715232,19.6100
1625499859627000,1,25.50083707,19.5953
1625500689301000,1,10.53645808,19.4720
1625500689404000,1,9.12420840,19.4720
1625500814376000,1,37.31506669,19.4220
1625500814439000,1,53.82741317,19.4220
1625500819455000,1,8.97500000,19.4070
1625500934355000,0,106.25000000,19.5959
1625500935206000,0,509.85464629,19.5959
1625501116146000,1,76.05009789,19.5510
1625501167222000,1,22.29216935,19.5474
1625501213744000,1,15.34997953,19.5510
1625501214300000,1,72.98660000,19.5460
1625501393489000,1,25.52492779,19.5840
1625501393796000,1,21.69362000,19.5840
1625501393861000,1,18.75137019,19.5840
1625501439441000,1,34.73641194,19.5868
1625501439472000,1,41.37719656,19.5868
1625501470660000,0,24.97056395,19.6140
1625501470727000,0,76.77453605,19.6140
1625501898867000,1,76.02027285,19.6123
1625502131310000,1,9.11464869,19.6840
1625503010762000,0,34.44150000,19.6916
1625503204980000,1,14.26116526,19.7100
1625503204980000,1,5.43028231,19.7100
1625503625894000,1,4.98079740,19.6500
1625503786953000,1,25.74058546,19.6770
1625504033570000,1,9.42693641,19.6990
1625504033848000,1,21.06070000,19.6990
1625504041358000,0,4.71317673,19.7100
1625504201954000,1,19.24676874,19.7280
1625505052731000,1,22.38299512,19.6980
1625505053319000,1,32.01687101,19.6950
1625505066529000,1,59.78500217,19.6760
1625505066642000,1,30.00000000,19.6760
1625505327589000,1,76.36633461,19.6610
1625505327669000,1,14.27419887,19.6610
1625505327758000,1,79.96092599,19.6610
1625505328108000,1,25.18708532,19.6590
1625505328190000,1,20.20133568,19.6590
1625505328243000,1,12.42312471,19.6590
1625505328333000,1,7.81598623,19.6590
1625505790715000,0,5.00000000,19.6490
1625505867376000,1,13.74398664,19.5908
1625505885386000,1,11.75000000,19.5810
1625505926579000,1,0.00291760,19.5810
1625505927111000,1,4.08621094,19.5664
1625506177050000,1,11.16169442,19.5520
1625506360280000,1,22.37400531,19.5200
1625506360280000,1,53.63167091,19.5200
1625506360391000,1,57.84429310,19.5170
1625506360505000,1,22.37399921,19.5200
1625506361189000,1,77.40763709,19.5090
1625506361192000,1,14.36281620,19.5090
1625506361210000,1,10.50824671,19.5090
1625506427905000,1,4.20797725,19.4454
1625506432293000,1,27.40000000,19.4178
1625506432330000,1,8.61390000,19.4178
1625506435077000,1,28.12477808,19.4056
1625506707600000,1,1.85415189,19.3054
1625506707677000,1,0.00000001,19.3054
1625507068084000,1,15.96243000,19.2211
1625507073721000,1,16.55111913,19.1636
1625507073721000,1,13.46366469,19.1630
1625507073721000,1,41.38149220,19.1565
1625507073721000,1,78.16161865,19.1565
1625507073721000,1,23.32779178,19.1465
1625507073747000,1,84.27432027,19.1465
1625507073747000,1,40.22413246,19.1465
1625507088671000,0,3.89896001,19.2205
1625507229978000,0,103.77869500,19.2590
1625507865633000,0,1.85415189,19.6744
1625507865651000,0,0.00000001,19.6744
1625508130246000,0,1.83766793,19.8509
1625508130248000,0,0.00000001,19.8509
1625508178611000,0,25.21000000,19.8454
1625508181249000,0,19.59000000,19.8553
1625508194269000,0,4.90000000,19.8347
1625508341222000,1,98.94000000,19.8868
1625508749140000,0,8.21258818,19.8187
1625508749193000,0,8.82296054,19.8187
1625508749475000,0,8.21258818,19.8187
1625508800895000,0,5.98920512,19.8311
1625509183389000,0,12.60001974,19.8480
1625509687728000,0,25.08433441,19.9469
1625509695448000,0,99.73900000,20.0190
1625509695448000,0,25.00436257,20.0198
1625509733227000,0,4.00000000,20.0236
1625509794778000,1,67.85758384,19.9350
1625509794778000,1,101.94313105,19.9303
1625509975014000,1,48.79813527,19.8000
1625509978174000,0,32.29751316,19.8210
1625510536611000,1,67.36875668,19.8430
1625510537283000,1,8.06980380,19.8330
1625510624562000,1,73.64161475,19.8330
1625510624569000,1,26.99088525,19.8330
1625510886256000,1,94.78625916,19.8180
1625511579613000,1,54.17911171,19.8842
1625511579626000,1,28.55111100,19.8842
1625511579666000,1,66.19470046,19.8850
1625511579685000,1,31.99253474,19.8850
1625511579696000,1,7.25876480,19.8850
1625511665985000,1,25.11665031,19.9070
1625511665991000,1,25.11665031,19.9070
1625511666038000,1,18.21235637,19.9070
1625511666072000,1,13.18370167,19.8984
1625511666206000,1,11.18216739,19.8970
1625511666230000,1,18.56048900,19.8970
1625511666367000,1,12.47985449,19.8970
1625511831595000,1,23.83428055,19.9300
1625511831611000,1,38.00183347,19.9300
1625511831620000,1,38.21468598,19.9300
1625511832484000,1,54.95311309,19.9310
1625511894180000,1,14.03979227,19.9280
1625511897978000,1,13.00617184,19.9277
1625511943479000,1,25.11196173,19.9043
1625511947421000,1,8.56261148,19.9043
1625511947478000,1,16.54935025,19.9043
1625512077937000,0,14.34000000,19.9850
1625512129533000,1,75.67090000,19.9620
1625512129644000,1,24.18370000,19.9620
1625512129983000,1,49.76779239,19.9630
1625512316890000,1,35.41568789,19.9650
1625512316933000,1,64.53431211,19.9650
1625512316933000,1,9.69051084,19.9630
1625512344761000,1,72.76250000,19.9950
1625512344770000,1,30.04670000,19.9950
1625512346108000,0,1.82133083,20.0289
1625512346185000,0,1.82133084,20.0289
1625512436763000,1,69.43805570,20.0890
1625512436991000,1,28.74313470,20.0850
1625512437072000,1,36.85000000,20.0850
1625512437175000,1,32.84679620,20.0850
1625512437181000,1,0.83476910,20.0850
1625512683503000,0,24.86000000,20.1224
1625512726849000,0,0.00243879,20.1224
1625512726849000,0,5.95756121,20.1308
1625512731830000,0,14.77000000,20.1381
1625512732866000,0,5.94000000,20.1381
1625512782255000,0,19.19000000,20.1432
1625512810600000,0,6.11000000,20.1318
1625512819241000,0,18.74000000,20.1318
1625512844709000,0,0.00499720,20.1318
1625512853419000,0,24.83000000,20.1473
1625512915241000,0,0.00206360,20.1473
1625512952313000,0,12.68000000,20.1495
1625512976249000,0,24.83000000,20.1492
1625512997136000,0,0.00063433,20.1492
1625513145243000,0,24.78000000,20.1863
1625513152641000,0,0.00255781,20.1863
1625513152641000,0,7.33744219,20.1863
1625513169843000,0,73.79175736,20.1950
1625513182560000,0,24.78000000,20.1856
1625513229659000,0,1.80513872,20.2086
1625513365108000,0,10.89933295,20.1351
1625513365160000,0,3.05266350,20.1351
1625513850795000,0,10.07143044,20.3120
1625513850826000,0,24.00000000,20.3120
1625513850826000,0,27.11979684,20.3120
1625513850839000,0,37.11817272,20.3120
1625514077238000,0,3.16000000,20.2619
1625514259596000,0,24.69000000,20.2594
1625514297623000,0,0.00523744,20.2594
1625514297623000,0,24.69476256,20.2594
1625514307043000,0,0.00047488,20.2594
1625514369320000,0,4.92000000,20.2565
1625514864894000,1,8.38519358,20.2022
1625514937257000,0,4.88000000,20.2420
1625514937850000,0,24.70730202,20.2501
1625514978729000,0,1.00000000,20.2750
1625515060241000,0,24.70000000,20.2564
1625515083442000,0,0.00136170,20.2564
1625515083442000,0,22.55863830,20.2564
1625515205085000,0,2.58000000,20.2698
1625515207492000,0,24.67486334,20.2796
1625515656217000,1,75.31463680,20.1960
1625515656231000,1,23.60706320,20.1960
1625515656431000,1,47.93023290,20.1970
1625515743294000,0,16.14000000,20.1841
1625515744519000,0,10.03000000,20.1911
1625515749298000,0,20.10000000,20.1989
1625515959341000,0,24.79000000,20.1862
1625516361171000,1,74.88816370,20.1800
1625516363736000,1,24.99999883,20.1647
1625516637280000,1,5.74360563,20.0250
1625516826694000,1,4.00000000,20.0570
1625516935030000,1,6.64636799,20.0570
1625516935517000,1,1.85617682,20.0570
1625516935517000,1,4.05773567,20.0490
1625517118081000,1,49.71890851,20.1230
1625517118110000,1,11.64668298,20.1230
1625517118394000,1,74.48721020,20.1190
1625517232238000,0,24.88000000,20.1069
1625517350545000,1,33.84057598,19.9980
1625517350552000,1,8.85877686,19.9980
1625517350553000,1,14.31859432,19.9980
1625517350566000,1,28.38075852,19.9980
1625517350567000,1,8.46568408,19.9980
1625517350631000,1,5.85291024,19.9980
1625517403287000,1,65.28588298,19.9660
1625517405690000,1,4.46240000,19.9410
1625517450439000,0,4.00000000,19.9810
1625518034351000,1,9.01225104,19.9540
1625518034404000,1,74.60000000,19.9540
1625518367238000,0,25.04000000,19.9834
1625518389093000,0,0.00106551,19.9834
1625518389093000,0,25.03893449,19.9834
1625518401399000,0,0.00213102,19.9834
1625518556235000,0,25.01000000,20.0042
1625518613911000,1,20.74723470,19.9810
1625518686024000,0,0.00486663,20.0042
1625518775917000,0,26.84000000,20.0203
1625518815292000,0,24.98000000,20.0273
1625518829239000,0,0.00596901,20.0273
1625518829239000,0,24.97403099,20.0344
1625518845923000,0,0.00249113,20.0344
1625519245018000,1,8.85387040,20.0721
1625519245057000,1,11.88227621,20.0721
1625519302555000,1,41.34950134,20.0780
1625519302569000,1,31.88362476,20.0780
1625519302643000,1,26.07747390,20.0780
1625519322434000,0,12.45764401,20.0786
1625519403461000,0,0.00233145,20.1069
1625519430191000,0,0.00174480,20.1862
1625519441594000,1,12.44247222,20.1810
1625519443360000,1,64.28330302,20.1840
1625519443437000,1,34.65339698,20.1840
1625519443731000,1,9.30000000,20.1683
1625519443738000,1,5.10765051,20.1683
1625519645206000,0,12.40918339,20.2257
1625519681774000,1,12.38150282,20.2244
1625519701200000,1,25.00000000,20.2120
1625519778236000,0,2.74000000,20.2451
1625519785244000,0,6.06000000,20.2451
1625519787104000,0,3.07000000,20.2451
1625519788151000,0,1.96000000,20.2451
1625519789242000,0,2.11000000,20.2451
1625519790305000,0,2.79000000,20.2451
1625519791344000,0,2.56000000,20.2451
1625519792512000,0,1.34000000,20.2451
1625519801845000,1,12.34864268,20.2301
1625519838979000,0,24.69116628,20.2619
1625519917243000,0,22.37000000,20.2639
1625519921986000,1,12.33839783,20.2414
1625519998154000,0,3.74000000,20.2334
1625520000488000,0,3.64000000,20.2334
1625520001510000,0,2.73000000,20.2334
1625520006145000,0,1.12000000,20.2459
1625520007207000,0,1.49000000,20.2459
1625520008812000,0,5.83000000,20.2459
1625520009888000,0,6.65000000,20.2459
1625520011923000,0,7.17000000,20.2459
1625520024242000,0,24.72000000,20.2399
1625520025643000,0,0.00046215,20.2399
1625520025643000,0,5.08953785,20.2399
1625520026719000,0,3.82000000,20.2399
1625520027895000,0,2.76000000,20.2399
1625520051747000,0,33.95000000,20.2459
1625520079240000,0,24.71000000,20.2412
1625520081303000,0,0.00734498,20.2412
1625520081303000,0,24.71265502,20.2412
1625520082506000,0,0.00468996,20.2412
1625520082506000,0,16.69531004,20.2412
1625520084238000,0,8.02000000,20.2412
1625520085514000,0,0.00203494,20.2412
1625520085514000,0,3.38796506,20.2412
1625520086706000,0,3.50000000,20.2412
1625520088602000,0,2.75000000,20.2412
1625520090410000,0,2.70000000,20.2412
1625520091943000,0,2.61000000,20.2412
1625520093221000,0,2.52000000,20.2412
1625520176238000,0,7.61000000,20.2339
1625520177239000,0,4.01000000,20.2339
1625520178350000,0,2.73000000,20.2339
1625520181915000,0,2.59000000,20.2339
1625520306413000,0,13.82675105,20.1971
1625520330241000,0,20.52000000,20.2261
1625520350448000,1,17.42365511,20.1850
1625520350537000,1,42.13635140,20.1850
1625520373954000,0,9.86000000,20.2049
1625520429159000,0,9.27000000,20.2020
1625520430174000,0,8.16000000,20.2020
1625520431428000,0,1.50000000,20.2020
1625520436816000,0,5.83703507,20.2020
1625520436816000,0,11.56296493,20.2021
1625520438092000,0,1.50000000,20.2020
1625520440813000,0,1.50000000,20.2020
1625520450239000,0,8.06000000,20.2020
1625520451263000,0,5.02000000,20.2020
1625520460888000,0,3.46000000,20.2020
1625520481260000,0,5.22000000,20.2020
1625520482522000,0,0.00703507,20.2020
1625520482522000,0,11.68296493,20.2020
1625520483878000,0,6.80000000,20.2020
1625520484888000,0,3.05000000,20.2020
1625520486235000,0,3.23000000,20.2020
1625520488840000,0,0.00407014,20.2020
1625520488840000,0,9.56592986,20.2020
1625520490921000,0,7.27000000,20.2020
1625520492033000,0,4.67000000,20.2020
1625520493042000,0,1.69000000,20.2020
1625520545472000,0,1.57110521,20.2020
1625520545472000,0,35.17889479,20.2036
1625520547503000,0,12.04000000,20.2036
1625520552486000,0,24.75000000,20.2088
1625520553514000,0,0.00916225,20.2088
1625520553514000,0,24.75083775,20.2088
1625520559743000,0,0.00832450,20.2088
1625520559743000,0,24.50167550,20.2088
1625520611262000,0,3.33000000,20.2104
1625520612308000,0,4.23000000,20.2104
1625520614093000,0,4.46000000,20.2104
1625520615006000,1,17.32648840,20.1902
1625520677241000,0,24.74000000,20.2186
1625520721035000,0,0.00811074,20.2186
1625520721035000,0,2.50188926,20.2186
1625520859066000,0,3.79000000,20.1978
1625520907956000,0,18.83000000,20.1999
1625520980241000,0,6.35000000,20.2089
1625521005236000,0,5.06000000,20.2089
1625521006244000,0,3.44000000,20.2089
1625521008241000,0,3.65000000,20.2089
1625521009505000,0,2.68000000,20.2089
1625521010940000,0,3.03000000,20.2089
1625521403894000,1,74.96283416,20.1810
1625521435669000,1,44.10852470,20.1517
1625521497251000,0,24.82000000,20.1577
1625521501391000,0,0.00079606,20.1577
1625521501391000,0,2.67920394,20.1577
1625521509287000,0,21.25000000,20.1577
1625521512220000,0,1.50000000,20.1671
1625521536552000,0,63.90000000,20.1745
1625521541467000,0,24.78000000,20.1840
1625521549240000,0,0.00962003,20.1840
1625521549240000,0,13.75037997,20.1917
1625521550870000,0,8.39000000,20.1917
1625521582546000,0,2.66000000,20.2292
1625521583714000,0,2.49000000,20.2292
1625521584814000,0,2.29000000,20.2292
1625521587040000,0,4.04000000,20.2292
1625521588087000,0,4.64000000,20.2292
1625521589111000,0,4.73000000,20.2292
1625521590176000,0,3.97000000,20.2292
1625521592256000,0,4.06000000,20.2292
1625521630993000,0,15.71000000,20.2387
1625521639966000,0,9.07000000,20.2623
1625521661238000,0,24.69000000,20.2644
1625521662510000,0,0.00301144,20.2644
1625521662510000,0,14.20698856,20.2649
1625521747242000,0,9.15000000,20.3159
1625521748245000,0,4.69000000,20.3159
1625521759482000,0,10.78000000,20.3159
1625521773449000,0,0.00869953,20.3159
1625523265979000,1,20.45523570,20.2850
1625523686607000,0,12.49999409,20.3226
1625523964180000,0,23.03995287,20.3834
1625523964256000,0,1.50052308,20.3834
1625523964453000,0,1.78909067,20.3899
1625524084629000,0,74.11145423,20.3790
1625524085178000,0,73.03205568,20.3860
1625524085205000,0,23.84314614,20.3860
1625524188544000,0,25.60650012,20.3790
1625524188631000,0,8.17859999,20.3790
1625524230927000,0,11.12724778,20.4120
1625524230984000,0,5.97052790,20.4120
1625524231021000,0,73.95073280,20.4120
1625524231579000,0,11.30919186,20.4160
1625524231617000,0,19.89570000,20.4160
1625524231686000,0,66.58430814,20.4160
1625525720243000,0,24.65012756,20.2979
1625526315821000,0,24.61911533,20.3248
1625526575103000,0,8.85007583,20.4050
1625526621985000,0,74.47329826,20.3900
1625526649847000,0,3.62863393,20.4020
1625526680601000,0,8.71758841,20.4210
1625526680622000,0,5.81207899,20.4210
1625526680624000,0,2.90754431,20.4210
1625526680692000,0,36.00000000,20.4210
1625526706032000,0,8.66597764,20.4450
1625526706625000,0,4.67972541,20.4450
1625526706628000,0,92.90797459,20.4450
1625526880318000,0,22.07845911,20.4370
1625526883243000,0,20.12000000,20.4378
1625526884317000,0,4.05000000,20.4378
1625527155593000,0,24.57190542,20.3596
1625528054377000,1,41.23705959,20.3580
1625528054420000,1,13.14090000,20.3580
