timestamp ms,type,amount,price
1625962243559000,1,32.07218480,20.2950
1625962243647000,1,66.28281520,20.2950
1625962559058000,0,1.78909066,20.3899
1625962559125000,0,0.00000001,20.3899
1625966657082000,1,8.13028518,20.3700
1625970225862000,0,2.35210000,20.2795
1625971104796000,1,48.42820300,20.2930
1625971104806000,1,49.14098767,20.2930
1625971104814000,1,0.66950933,20.2930
1625971105621000,1,40.18724361,20.2615
1625971105669000,1,5.00000000,20.2615
1625971105696000,1,2.76260000,20.2615
1625971105699000,1,13.19483595,20.2615
1625971105701000,1,31.13465845,20.2615
1625971114939000,1,14.02584232,20.2550
1625971115620000,1,49.10118130,20.2530
1625971823757000,1,5.74017764,20.2010
1625972239627000,1,74.74151600,20.1470
1625972240274000,1,14.10459875,20.1182
1625972240274000,1,13.00000000,20.1182
1625972240274000,1,2.89540125,20.1181
1625975853110000,1,1.78909067,20.0074
1625976306399000,1,5.86814582,20.0200
1625976306416000,1,10.95613550,20.0200
1625982427707000,0,24.67749692,20.2792
1625982428323000,0,24.64143530,20.2906
1625983486989000,0,11.22071000,20.3087
1625984154409000,1,36.16325391,20.2980
1625984154434000,1,9.98057711,20.2980
1625986000396000,1,44.48248378,20.1540
1625988227888000,0,24.73739254,20.2280
1625988227888000,0,73.58486649,20.2338
1625988227888000,0,2.01179561,20.2367
1625990939572000,1,52.00000000,20.2070
1625990939590000,1,37.55110279,20.2070
1625990939608000,1,9.24859721,20.2070
1625991186962000,1,31.92808570,20.1600
1625991672807000,0,3.10418174,20.2101
1625992403117000,0,3.39993273,20.2796
1625994401252000,1,1.00000000,20.2870
1625994694330000,1,100.33405464,20.2739
1625995493914000,0,1.78909067,20.3899
1625996711113000,0,8.19000000,20.3712
1626002025409000,1,97.65950000,20.4230
1626002025409000,1,24.46518295,20.4225
1626002025409000,1,39.73824806,20.4212
1626003159919000,1,9.61152455,20.5114
1626003159942000,1,40.35471067,20.5114
1626003159943000,1,13.10000000,20.5114
1626003159970000,1,42.30723315,20.5114
1626003159975000,1,27.78462162,20.5114
1626003159997000,1,5.89418540,20.5114
1626003159999000,1,20.22898620,20.5114
1626003160008000,1,43.39336439,20.5114
1626003160014000,1,71.70518480,20.5114
1626003160018000,1,11.14295073,20.5114
1626003160054000,1,10.56579685,20.5114
1626003160060000,1,38.12630347,20.5114
1626003160087000,1,30.53743872,20.5114
1626003160131000,1,72.00000000,20.5114
1626003160175000,1,8.52922197,20.5114
1626003160180000,1,61.80929225,20.5114
1626003160288000,1,45.22030390,20.5114
1626003160306000,1,28.54634335,20.5114
1626003160353000,1,5.03253798,20.5114
1626003581766000,1,40.13646398,20.4300
1626007775857000,0,1.00000000,20.3873
1626010553012000,1,36.00000000,20.3740
1626011174262000,1,24.60194320,20.3065
1626011174262000,1,536.73416114,20.3045
1626011273465000,1,73.30981181,20.3076
1626011273465000,1,24.60164116,20.3076
1626011273465000,1,70.34883728,20.3040
1626011842843000,1,24.52993567,20.3673
1626011842843000,1,300.98200000,20.3570
1626011842843000,1,98.15392793,20.3567
1626011842843000,1,73.73746603,20.3567
1626011842843000,1,73.60264118,20.3543
1626011842843000,1,4.46091186,20.3511
1626011842843000,1,4.42646182,20.3455
1626011842843000,1,278.86237311,20.3441
1626011852412000,1,24.52655402,20.3671
1626011852412000,1,221.31693652,20.3581
1626012072077000,1,24.46761205,20.4136
1626012072077000,1,73.39909629,20.4099
1626012072077000,1,74.36860932,20.4038
1626012072077000,1,1.87225973,20.3987
1626012072077000,1,4.67948975,20.3987
1626012072077000,1,300.98200000,20.3987
1626012072077000,1,73.41577378,20.3987
1626012072077000,1,12.16761415,20.3919
1626012072077000,1,74.57394721,20.3918
1626012072077000,1,4.22551991,20.3893
1626012072077000,1,122.31723265,20.3871
1626012072077000,1,557.79000000,20.3853
1626012072077000,1,99.01191958,20.3836
1626012072077000,1,4.55636652,20.3836
1626012072077000,1,44.00000000,20.3652
1626012072077000,1,13.00000000,20.3652
1626012072077000,1,122.40142944,20.3652
1626012072077000,1,44.77395313,20.3606
1626012072299000,1,24.46761205,20.4136
1626012072299000,1,1.87853342,20.4038
1626012072299000,1,10.95625000,20.3865
1626012072299000,1,4.33115764,20.3785
1626012072299000,1,4.31432332,20.3708
1626012072299000,1,4.52799457,20.3651
1626012072299000,1,37.47912900,20.3606
1626012078126000,1,24.48052273,20.4029
1626012078126000,1,74.48029987,20.3973
1626012078126000,1,1.77684079,20.3882
1626012078126000,1,300.98200000,20.3882
1626012078126000,1,73.43718709,20.3866
1626012078126000,1,72.49643391,20.3865
1626012078126000,1,11.54925101,20.3731
1626012078126000,1,4.44210228,20.3731
1626012078126000,1,73.46932946,20.3731
1626012078126000,1,122.40142944,20.3652
1626012078126000,1,40.23521434,20.3606
1626012078126000,1,1145.89573829,20.3606
1626012078126000,1,13.00000000,20.3489
1626012078126000,1,104.77254666,20.3489
1626012078406000,1,41.26819000,20.3547
1626012078406000,1,1.77591160,20.3489
1626012078406000,1,4.43977901,20.3489
1626012078406000,1,11.54342543,20.3489
1626012078406000,1,28.92769396,20.3489
1626012127981000,1,24.48942110,20.3945
1626012127981000,1,1.50802424,20.3852
1626012127981000,1,61.95755466,20.3846
1626012260200000,1,1.44467624,20.3972
1626012260200000,1,10.81753496,20.3972
1626012341461000,0,41.15327000,20.4115
1626012500366000,1,1.20310055,20.3703
1626012500366000,1,11.05120671,20.3703
1626012740483000,1,1.16502131,20.3582
1626012740483000,1,11.10773630,20.3582
1626012862256000,0,12.27134797,20.3726
1626012864123000,1,12.25660226,20.3732
1626012901582000,0,41.20230000,20.4006
1626012980677000,1,12.27134797,20.3868
1626013100891000,1,12.26281267,20.3857
1626013220990000,1,12.26347436,20.3781
1626013316299000,0,15.36242376,20.4109
1626013341060000,1,12.26366085,20.3857
1626013461004000,1,1.02402998,20.3856
1626013461004000,1,11.23963087,20.3856
1626013581088000,1,1.21864726,20.3855
1626013581088000,1,11.03632678,20.3855
1626013701297000,1,12.26360671,20.3851
1626013821241000,1,12.26382930,20.3922
1626013875087000,0,1.22457416,20.4153
1626013941365000,1,12.24574166,20.3917
1626014016793000,0,4.21765719,20.4097
1626014061379000,1,12.25628980,20.3977
1626014301620000,1,1.02200584,20.3907
1626014301620000,1,11.23428396,20.3907
1626014421694000,1,12.25423518,20.3938
1626014541731000,1,12.24417814,20.3938
1626014661808000,1,12.25860357,20.3946
1626014663227000,0,12.25628980,20.4174
1626014781933000,1,12.23281692,20.4306
1626014902005000,1,12.23217051,20.4377
1626015022070000,1,1.18846463,20.4541
1626015022070000,1,11.03789716,20.4541
1626015129075000,0,17.78489421,20.4920
1626015129104000,0,28.76570370,20.4920
1626015129194000,0,7.35900000,20.4920
1626015129355000,0,43.67142040,20.4920
1626015142143000,1,12.22636179,20.4753
1626015262276000,1,12.20557706,20.4977
1626015382310000,1,12.19646058,20.5137
1626015502444000,1,12.18241064,20.5316
1626015610972000,0,13.86965399,20.5563
1626015622526000,1,12.17634661,20.5362
1626015742594000,1,12.17362511,20.5241
1626015862669000,1,12.18077834,20.5093
1626015982740000,1,12.18077834,20.5179
1626016197591000,0,1.77318578,20.5728
1626016342942000,1,12.14439392,20.5925
1626016463063000,1,12.14439392,20.6222
1626016550925000,0,47.00000000,20.6858
1626016550942000,0,26.30080185,20.6858
1626016625199000,1,2.49003735,20.6788
1626016627149000,1,2.48272680,20.6788
1626016703173000,1,12.08557943,20.6880
1626016843411000,0,12.12288728,20.6871
1626016943329000,1,12.08481412,20.6570
1626017559988000,0,8.25000000,20.5980
1626017609404000,0,106.27869044,20.6057
1626019189491000,0,1.75742139,20.7573
1626019256680000,1,10.95625000,20.7233
1626019256723000,1,61.52007135,20.7233
1626019277969000,1,2.48644513,20.6910
1626020711496000,0,24.00000000,20.6180
1626020711659000,0,12.95267126,20.6180
1626020711780000,0,8.64267989,20.6180
1626020792951000,0,100.54628537,20.6870
1626021463655000,1,94.49600000,20.7050
1626021464088000,1,1.76900000,20.7050
1626022735492000,0,45.57432009,20.7030
1626024618505000,0,3.63319699,20.7010
1626024650020000,1,5.75000000,20.6500
1626024961080000,0,8.32447501,20.6050
1626024961116000,0,58.13490000,20.6050
1626024961130000,0,5.86510000,20.6050
1626024961138000,0,18.42389640,20.6050
1626024961950000,0,28.53576928,20.6090
1626025882982000,0,10.82213069,20.6080
1626026138419000,0,72.25671656,20.6200
1626027475513000,0,49.65448623,20.5800
1626028373252000,1,97.14210000,20.5300
1626028373252000,1,74.08213844,20.5292
1626028373252000,1,24.33586181,20.5292
1626028373252000,1,91.66935781,20.5187
1626028373252000,1,300.98200000,20.5187
1626028373252000,1,73.00758541,20.5187
1626028373252000,1,12.81324551,20.5150
1626028373252000,1,74.06481017,20.5097
1626028373252000,1,146.47999359,20.5096
1626028373657000,1,24.64143530,20.5310
1626031262763000,1,63.60350970,20.4970
1626031262806000,1,4.26107090,20.4970
1626033276196000,1,20.00000000,20.4100
1626033937932000,1,74.19768758,20.4730
1626033937932000,1,97.47220000,20.4730
1626033937932000,1,24.40083448,20.4727
1626033937932000,1,73.20081005,20.4667
1626033937932000,1,14.97586024,20.4605
1626033937932000,1,74.18440408,20.4605
1626033937932000,1,37.43660329,20.4561
1626033937932000,1,73.22248106,20.4561
1626033937932000,1,77.97206639,20.4504
1626034782777000,0,29.07678468,20.5580
1626035377466000,0,5.75719537,20.5188
1626035546672000,0,24.87145000,20.5276
1626035988190000,1,13.48117103,20.4890
1626036473308000,0,10.00000000,20.5013
1626036789967000,0,150.00000000,20.4977
1626037029437000,1,6.54079600,20.4280
1626037029445000,1,68.29195023,20.4280
1626037029471000,1,22.94825377,20.4280
1626037029499000,1,11.62482195,20.4239
1626037029499000,1,11.14765152,20.4239
1626037120864000,1,24.51119759,20.3786
1626037121284000,1,1.75742139,20.3680
1626037273071000,0,20.38204970,20.3750
1626037273165000,0,57.39660060,20.3750
1626037273275000,0,20.38204970,20.3750
1626038942457000,0,14.50000000,20.6590
1626038942567000,0,8.21989442,20.6590
1626039049490000,0,57.56597276,20.6950
1626039049951000,0,4.98778109,20.6950
1626039049955000,0,5.23187967,20.6950
1626039050713000,0,28.66026648,20.6950
1626039050713000,0,36.17160143,20.6952
1626039051104000,0,21.83584047,20.6952
1626039052509000,0,6.41700000,20.6952
1626039052768000,0,14.20596047,20.6952
1626039052775000,0,15.54864096,20.6952
1626039170999000,1,23.53334761,20.6760
1626039345118000,0,1.75742139,20.7573
1626040122445000,0,23.29274876,20.9170
1626040629728000,0,1.00372297,20.8623
1626040706061000,0,43.65165309,20.8700
1626041486162000,0,39.65210267,20.8290
1626041486981000,0,10.04600000,20.8430
1626042055248000,0,71.69990137,20.7500
1626043181000000,0,10.07692000,20.6830
1626043560821000,1,24.20956078,20.6371
1626043560869000,1,10.95625000,20.6348
1626043560920000,1,62.07104618,20.6348
1626043581119000,1,21.03399080,20.5562
1626052429904000,1,6.61000000,20.7663
1626056047591000,0,71.03431725,20.8550
1626056047647000,0,3.30233100,20.8550
1626056048182000,0,11.83630599,20.8610
1626056343421000,0,1.74179752,20.9435
1626056371548000,0,13.00000000,20.9757
1626056551315000,0,15.63686577,21.0000
1626056551353000,0,63.31480170,21.0000
1626056929572000,1,12.87276510,21.0220
1626056929621000,1,81.88943490,21.0220
1626059005239000,0,1.72631244,21.1314
1626059178063000,0,9.62500000,21.2000
1626059364616000,0,93.99960000,21.2430
1626059364616000,0,23.55783296,21.2435
1626059364616000,0,23.65921205,21.2482
1626062029727000,0,4.62500000,21.2800
1626062039584000,0,1.71096533,21.3209
1626064185224000,0,50.13740486,21.1419
1626064833535000,1,7.11507447,21.0880
1626064833553000,1,2.94745679,21.0880
1626066042972000,0,23.99317570,21.0380
1626066043010000,0,46.88244860,21.0380
1626066400601000,1,14.95905540,20.9520
1626066788140000,1,1.71096533,20.9210
1626066788140000,1,3.28903467,20.9110
1626066788190000,1,3.97322368,20.9110
1626066895659000,1,63.91520910,20.9670
1626066895670000,1,31.27549090,20.9670
1626067922732000,0,12.87540155,21.0123
1626068687386000,0,5.76807000,21.1860
1626068687417000,0,84.30312365,21.1860
1626068687419000,0,4.30790635,21.1860
1626068793798000,0,23.68213933,21.1291
1626068797845000,0,23.68214495,21.1290
1626068797965000,0,106.31424832,21.1290
1626069527082000,1,11.83432512,21.1250
1626069721412000,0,5.81486104,21.1532
1626069765949000,1,11.82983958,21.1345
1626069885995000,1,11.82897758,21.1169
1626070006079000,1,11.83786107,21.0852
1626070126124000,1,11.85668024,21.0826
1626070246138000,1,11.85811996,21.0834
1626070486406000,1,11.85765314,21.0630
1626070606507000,1,11.86845009,21.0423
1626070726499000,1,11.88083616,21.0519
1626071212680000,0,11.87109900,21.0880
1626072381290000,0,3.06000000,21.2431
1626072382278000,0,1.46533697,21.2431
1626072382278000,0,6.53178550,21.2493
1626072402507000,0,8.54899283,21.2493
1626072593140000,0,1.71096532,21.3209
1626072593142000,0,0.00000001,21.3209
1626072593390000,0,53.07249968,21.3290
1626072607899000,0,4.99999999,21.4020
1626072607921000,0,0.00000001,21.4020
1626072608512000,0,12.46924105,21.4190
1626074949396000,0,69.69953847,21.2400
1626080203028000,1,70.87812767,21.0310
1626081123457000,1,39.78142744,21.0630
1626081123457000,1,53.94140171,21.0630
1626081244743000,1,5.93300000,21.0650
1626081244806000,1,40.58380769,21.0650
1626081244830000,1,26.95185633,21.0650
1626081693491000,1,1.00000000,21.0200
1626081962040000,1,33.04706145,20.9710
1626082982879000,1,24.40000000,20.9670
1626082982926000,1,14.31297709,20.9670
1626083243089000,1,18.67473583,20.9755
1626083598600000,1,0.96530026,20.9430
1626083902734000,1,1.71096533,20.9210
1626084095189000,1,24.06916263,20.7500
1626084110979000,1,1.72631243,20.7350
1626084112262000,1,0.00000001,20.7350
1626084116219000,1,1.14471617,20.6775
1626084116219000,1,23.00239676,20.6775
1626084178874000,0,1.39938281,20.7519
1626084281398000,1,10.95625000,20.7629
1626084281563000,1,44.84963820,20.7599
1626084298656000,1,94.49600000,20.7000
1626084298882000,1,13.79229189,20.6941
1626084298943000,1,0.63766333,20.6941
1626084298943000,1,36.07459205,20.6941
1626084662332000,1,11.01014978,20.6670
1626084662364000,1,12.00000000,20.6670
1626084662371000,1,11.90007660,20.6670
1626084950644000,1,1.00000000,20.6000
1626085074240000,1,12.10744045,20.6910
1626085194230000,1,12.00020800,20.6620
1626085490971000,1,12.39710090,20.6310
1626085491036000,1,67.45434262,20.6310
1626085491053000,1,7.02241510,20.6310
1626085682833000,1,24.18869311,20.6557
1626085807832000,1,10.92240058,20.6330
1626087008476000,1,1.74179752,20.5507
1626088662456000,0,97.13110000,20.5920
1626088662456000,0,26.74890000,20.5925
1626088900168000,1,94.49600000,20.5870
1626088900340000,1,10.95625000,20.5800
1626088900384000,1,44.90323606,20.5800
1626088900443000,1,40.29970135,20.5800
1626088900459000,1,0.76591259,20.5800
1626088901261000,0,22.32418108,20.5373
1626089035210000,1,11.16209200,20.5310
1626089231139000,1,32.87526557,20.4880
1626089499863000,1,24.29392423,20.4937
1626089567595000,0,51.29000000,20.4614
1626089957447000,1,38.41939642,20.4500
1626090543085000,1,10.00000000,20.4260
1626090874015000,0,10.46244266,20.4380
1626091179312000,1,36.30197227,20.3950
1626091179312000,1,36.24338523,20.3950
1626091179440000,1,11.46329957,20.3950
1626091207614000,1,1.75742139,20.3680
1626091211022000,1,7.37885308,20.3320
1626091211104000,1,11.31483097,20.3320
1626091211112000,1,4.91982204,20.3320
1626091211303000,1,2.75769853,20.3320
1626091211416000,1,13.77515119,20.3320
1626091375866000,1,12.29588825,20.2786
1626091496006000,1,11.76737600,20.3297
1626092138387000,0,97.31510000,20.3930
1626092603798000,1,13.50820939,20.3410
1626092793383000,1,62.82279849,20.3290
1626093065785000,1,29.47647853,20.2721
1626093733756000,0,2.45417080,20.3254
1626094031199000,0,16.01362455,20.2950
1626094045633000,0,27.00518212,20.3128
1626094045797000,0,20.12046632,20.3128
1626094045905000,0,50.12217371,20.3128
1626094045933000,0,78.43980000,20.3128
1626094804284000,0,31.47901390,20.3820
1626094903682000,1,84.11196641,20.2770
1626095181267000,0,19.73506594,20.3780
1626095181331000,0,46.02219863,20.3780
1626095246333000,0,57.40551364,20.3600
1626095489940000,0,60.00000000,20.2920
1626096295499000,0,10.95625000,20.2966
1626096295533000,0,62.88877595,20.2966
1626096297256000,0,245.29623072,20.3533
1626096310862000,0,215.85403274,20.3502
1626097290468000,0,199.57321665,20.3471
1626099351434000,0,78.67564523,20.3100
1626099871268000,1,16.39725501,20.2617
1626099871311000,1,6.10000000,20.2617
1626100139343000,1,10.19909100,20.2966
1626100739629000,1,12.30617770,20.3510
1626102066171000,1,3.48975357,20.3270
1626102182064000,1,25.00000000,20.2500
1626104975969000,1,1.00000000,20.2780
1626104975969000,1,65.06000000,20.2705
1626106241185000,1,18.56983870,20.2410
1626106244440000,1,80.10786130,20.2410
1626106248525000,1,1.77318578,20.1869
1626106273771000,1,61.20279294,20.1000
1626106330319000,1,20.00000000,20.1000
1626106501243000,1,1.78909067,20.0074
1626106501243000,1,8.21090933,20.0001
1626106501581000,1,1.78909067,20.0001
1626106501581000,1,0.96488372,20.0000
1626106502369000,1,54.47577961,20.0000
1626106503125000,1,74.12733925,20.0000
1626106503322000,1,10.80599782,20.0000
1626106503328000,1,84.49600000,20.0000
1626106503506000,1,6.62464700,20.0000
1626106503513000,1,10.00813334,20.0000
1626106503551000,1,5.00000000,20.0000
1626106503564000,1,29.40553921,20.0000
1626106503568000,1,101.13356503,20.0000
1626106503574000,1,46.00000000,20.0000
1626106503609000,1,63.09077044,20.0000
1626106503620000,1,42.17691885,20.0000
1626106503721000,1,381.85954336,20.0000
1626108246747000,1,7.01042753,19.8680
1626108276679000,1,1.80513872,19.8296
1626108281397000,1,100.76450000,19.7830
1626108281397000,1,4.45276469,19.7714
1626108281397000,1,25.25537633,19.7707
1626108281397000,1,8.23771059,19.7678
1626108281397000,1,75.26727919,19.7678
1626108281397000,1,4.53293161,19.7659
1626108281397000,1,53.55155082,19.7562
1626108281397000,1,20.59291349,19.7562
1626108281397000,1,4.37696345,19.7562
1626108281397000,1,75.74295564,19.7552
1626108281397000,1,75.74858084,19.7537
1626108281397000,1,15.00000000,19.7346
1626108281397000,1,60.67647335,19.7346
1626108281415000,1,90.72163365,19.7346
1626108281415000,1,65.76213023,19.7233
1626108281550000,1,20.59291349,19.7234
1626108281550000,1,8.23771059,19.7234
1626108281550000,1,59.12437592,19.7233
1626108284166000,1,507.59670543,19.7234
1626108284702000,1,9.75807264,19.7234
1626108295505000,1,570.88000000,19.7521
1626108295505000,1,27.68212405,19.7394
1626108295505000,1,71.97469554,19.7394
1626108295505000,1,11.08030945,19.7394
1626108295505000,1,4.29608746,19.7394
1626108295505000,1,25.27081369,19.7390
1626108295505000,1,92.71215811,19.7325
1626108295505000,1,76.71627191,19.7325
1626108295505000,1,4.34017794,19.7323
1626108295505000,1,25.21647948,19.7270
1626108295734000,0,8.04000000,19.7702
1626108307903000,0,9.65000000,19.7820
1626108313209000,0,31.27425354,19.7830
1626108722108000,0,12.62690034,19.7950
1626108845370000,0,12.61513836,19.8019
1626108883991000,0,19.57236870,19.8470
1626108964860000,0,12.61536753,19.8430
1626109081958000,1,12.59890137,19.8224
1626109202048000,1,12.61299350,19.7935
1626109209702000,1,23.02038084,19.7710
1626109442184000,1,12.63882485,19.7870
1626109562210000,1,12.63882485,19.7948
1626109682214000,1,12.61822010,19.7971
1626109802313000,1,12.62737230,19.7820
1626109883495000,0,23.50000000,19.8260
1626109883552000,0,53.04223071,19.8260
1626109933142000,1,28.40342014,19.8220
1626109933223000,1,5.23035615,19.8220
1626109933223000,1,42.76964385,19.8220
1626110287654000,1,75.68446182,19.6930
1626110287924000,1,5.09106160,19.6790
1626110379392000,0,22.34881083,19.7420
1626110388051000,1,7.59660300,19.7080
1626110415659000,0,16.03261064,19.7230
1626110521171000,0,43.69049999,19.8060
1626110689914000,1,2.95721400,19.7307
1626110942695000,1,12.63454527,19.7820
1626111062658000,1,12.63775149,19.7310
1626111284473000,1,28.84129759,19.6557
1626111289267000,1,1.82133084,19.6533
1626111302480000,1,1.33000000,19.6130
1626111517410000,1,48.24415029,19.6115
1626112056561000,0,80.00000000,19.6900
1626112106743000,0,38.10478511,19.7040
1626112106774000,0,21.04097957,19.7040
1626112106807000,0,15.50000000,19.7040
1626113224263000,0,53.43898312,19.6410
1626113589035000,0,18.00000000,19.5890
1626113768607000,1,1.83766794,19.4785
1626113768607000,1,18.16233206,19.4717
1626114397504000,1,13.40350260,19.5300
1626114397524000,1,10.95625000,19.5299
1626114397822000,1,35.39119373,19.5160
1626114397835000,1,66.75480627,19.5160
1626114459132000,1,31.47901390,19.5330
1626114469451000,1,45.07240445,19.5300
1626114469494000,1,48.17905114,19.5300
1626114793125000,1,7.48342032,19.5120
1626116183368000,1,1.85415190,19.3054
1626116183893000,1,15.04744322,19.3052
1626116283964000,1,12.92723209,19.3410
1626116432580000,1,8.64142577,19.3910
1626116624127000,1,40.82175461,19.5395
1626116624178000,1,45.92368165,19.5395
1626116624212000,1,36.88765251,19.5395
1626116624214000,1,77.01465826,19.5395
1626116624219000,1,17.93957990,19.5395
1626116624224000,1,11.19839715,19.5395
1626116624241000,1,55.00000000,19.5395
1626116624277000,1,124.75224606,19.5395
1626116624305000,1,76.06769056,19.5395
1626116624312000,1,73.91433930,19.5395
1626117230522000,1,39.67214843,19.5760
1626117755840000,1,45.87805189,19.4160
1626117755874000,1,21.00000000,19.4160
1626117755892000,1,11.87808409,19.4160
1626119017221000,0,25.80737068,19.3743
1626119064328000,0,25.83572098,19.3530
1626119512078000,0,0.01998589,19.3530
1626121103004000,0,34.21168901,19.5020
1626122715515000,0,25.69707345,19.4744
