timestamp ms,type,amount,price
1628727409701000,0,0.74882061,29.2334
1628728293652000,0,6.01066367,29.1813
1628729767750000,1,17.09883218,29.2237
1628729768108000,1,0.00000001,29.2237
1628733365855000,0,5.99111664,29.8262
1628733365912000,0,2.94609336,29.8262
1628734265888000,0,16.79981724,29.7800
1628735903009000,0,16.73954811,29.8865
1628737440954000,1,30.58000000,29.7304
1628737999794000,1,16.10438514,29.7340
1628740464580000,1,100.00000000,29.5000
1628741773672000,1,51.02591654,29.3616
1628741773672000,1,17.01572140,29.3615
1628741773672000,1,85.25739921,29.3586
1628741773672000,1,67.96940000,29.3430
1628741773672000,1,51.03075264,29.3417
1628741773672000,1,12.05752443,29.3386
1628741773672000,1,4.30089439,29.3386
1628741773672000,1,27.10722357,29.3384
1628741909115000,0,17.06436258,29.3193
1628741909374000,0,5.80108294,29.3193
1628742166208000,1,50.91710796,29.1651
1628742166208000,1,30.22995395,29.1631
1628742168746000,0,17.14926305,29.1758
1628743391798000,0,0.71703554,29.1415
1628743622606000,0,17.23461202,29.0293
1628743622905000,0,0.00000001,29.0293
1628745870455000,1,12.96000000,28.7194
1628745879812000,0,17.41672203,28.7245
1628745879812000,0,17.40298327,28.7388
1628745967305000,0,17.43936773,28.6400
1628745967385000,0,117.89624536,28.6400
1628745967417000,0,64.66438691,28.6400
1628745967638000,1,9.21481000,28.6397
1628745967638000,1,4.37078669,28.6397
1628745967638000,1,4.22758954,28.6324
1628745967638000,1,49.96816848,28.6306
1628746032620000,1,13.53077627,28.6172
1628746033032000,1,74.13051063,28.6172
1628746033905000,1,12.33871310,28.6172
1628746053164000,0,4.14103253,28.5911
1628746299526000,1,53.21365202,28.4166
1628746432970000,0,2.78000000,28.3207
1628746730995000,0,4.22000000,28.4217
1628746824463000,0,350.88200270,28.4873
1628746946532000,0,3.42000000,28.5499
1628746977404000,0,3.83000000,28.5525
1628747165013000,1,7.03440191,28.4077
1628747165013000,1,21.08886623,28.4023
1628747165013000,1,21.09302865,28.3932
1628747165013000,1,4.21695156,28.3883
1628747165013000,1,4.33079992,28.3808
1628747165013000,1,53.58834174,28.3802
1628747165013000,1,4.49177104,28.3733
1628747165013000,1,4.35971408,28.3660
1628747165013000,1,35.15504775,28.3637
1628748199988000,0,4.33639700,28.4324
1628748199988000,0,4.45034521,28.4400
1628748199988000,0,24.16544869,28.4440
1628748773229000,0,23.06000000,28.2171
1628748929605000,1,16.66716979,28.0730
1628748929697000,1,4.20000000,28.0730
1628748930168000,1,50.00000000,28.0438
1628748945361000,1,17.80756102,28.0442
1628748945361000,1,17.01214427,28.0365
1628749024566000,1,1.86199969,28.0836
1628749024566000,1,17.78840055,28.0836
1628749024566000,1,53.33663754,28.0832
1628749024566000,1,4.49584096,28.0792
1628749024566000,1,53.85814149,28.0738
1628749024566000,1,89.46518433,28.0720
1628749024566000,1,70.98360000,28.0720
1628749024566000,1,4.24469565,28.0712
1628749024566000,1,1.86332486,28.0669
1628749024566000,1,4.65665510,28.0669
1628749024566000,1,53.34147487,28.0669
1628749024566000,1,88.86010284,28.0649
1628749024566000,1,350.83350840,28.0646
1628749426618000,0,10.58997117,28.1878
1628749851956000,1,25.00000000,28.1000
1628749901508000,1,13.70828270,28.1061
1628749901706000,1,4.06542560,28.1061
1628750034176000,1,1.00000000,28.0000
1628750034665000,1,17.85527152,27.9548
1628750034665000,1,27.14472848,27.9405
1628750314974000,0,8.57000000,27.9831
1628750318285000,0,2.14000000,27.9831
1628750368458000,0,25.47106181,27.9671
1628750368505000,0,3.57219404,27.9671
1628750368522000,0,25.00535829,27.9671
1628750368675000,0,54.19000012,27.9671
1628750368754000,0,53.94156432,27.9671
1628750368791000,0,53.62006963,27.9671
1628751138017000,1,1.95000000,28.2011
1628751141406000,1,47.05000000,28.2011
1628752071921000,0,17.57100731,28.4714
1628752071983000,1,17.57100731,28.4714
1628752083203000,1,17.90195847,28.4714
1628752083497000,1,52.53072689,28.4714
1628752084420000,1,26.81000000,28.4714
1628753467125000,1,0.00982056,28.4714
1628755031588000,0,17.42315319,28.7183
1628755031588000,0,4.55104369,28.7257
1628755031588000,0,4.11186007,28.7337
1628756963137000,1,1.62654080,28.6542
1628757613770000,1,69.81203341,28.7259
1628759192264000,1,17.56608679,28.4462
1628759192264000,1,52.68573926,28.4358
1628759192264000,1,88.76589846,28.4290
1628759192264000,1,70.06550000,28.4280
1628759192264000,1,300.98200000,28.4230
1628759192264000,1,52.69231681,28.4228
1628759192264000,1,13.41896088,28.4196
1628759192264000,1,259.42942368,28.4196
1628760609099000,0,9.21398000,28.8098
1628760852199000,0,4.31272269,29.0703
1628760852199000,0,119.29129234,29.0760
1628762782313000,1,6.01066367,28.9220
1628763349537000,0,52.03860853,29.0899
1628763349537000,0,17.20240945,29.1008
1628763349537000,0,14.98249519,29.1010
1628763636818000,0,17.24160000,29.0149
1628764825326000,0,0.70201634,28.9925
1628765947371000,0,17.20943129,28.9093
1628766010748000,1,4.43299320,28.8426
1628766534065000,0,15.30000000,28.9227
1628766576554000,1,17.28353902,28.9050
1628766576636000,0,10.05689839,28.9050
1628766642237000,1,13.11623275,28.9009
1628766682444000,1,29.11725000,28.8489
1628766682444000,1,6.16755204,28.8488
1628768005878000,1,17.46593606,28.6058
1628768006030000,1,17.46593606,28.6058
1628768006030000,1,9.35408546,28.5950
1628768707158000,1,17.61567902,28.3644
1628768707463000,1,86.52758024,28.2699
1628768707463000,1,1000.00000000,28.2512
1628768707463000,1,7.99679986,28.2355
1628768707463000,1,20.00320130,28.2355
1628768707463000,1,51.99077105,28.2355
1628768707463000,1,11.00000000,28.2355
1628768707463000,1,246.67137000,28.1518
1628768707463000,1,40.00000000,28.1518
1628768707463000,1,205.00000000,28.1518
1628768707463000,1,408.00000000,28.1518
1628768707463000,1,79.00000000,27.9075
1628768707463000,1,20.00000000,27.9000
1628768707463000,1,2.78158349,27.5980
1628768707463000,1,1.14000000,27.5980
1628768707463000,1,39.00000000,27.5303
1628768707463000,1,65.00000000,27.5000
1628768707463000,1,41.00000000,27.4486
1628768707463000,1,50.00000000,27.0000
1628768707463000,1,39.00000000,26.4469
1628768707463000,1,1.20000000,26.2830
1628768707463000,1,42.30174342,25.9713
1628768707463000,1,1.25000000,25.0320
1628768707463000,1,1.30000000,24.3000
1628768707463000,1,1.32000000,23.8400
1628768707463000,1,10.00000000,23.2122
1628768707463000,1,4.00000000,23.1860
1628768707463000,1,1.02000000,22.4600
1628768707463000,1,12.00000000,22.1000
1628768707463000,1,10.00000000,21.6682
1628768707463000,1,1.30000000,21.6230
1628768707463000,1,1.09000000,20.4200
1628768707463000,1,1.04000000,20.3700
1628768707463000,1,15.00000000,20.1200
1628768707463000,1,11.84596096,20.1000
1628768707463000,1,200.00000000,20.0000
1628768707463000,1,100.00000000,19.3400
1628768707463000,1,1.58000000,18.6790
1628768707463000,1,75.03791208,18.2000
1628768707463000,1,1.66000000,17.7900
1628768707463000,1,200.00000000,17.7000
1628768707463000,1,1.61000000,16.9430
1628768707463000,1,18.39143730,16.3500
1628768707463000,1,1.69000000,16.1360
1628768707463000,1,40.00000000,15.8000
1628768707463000,1,1.87000000,14.6360
1628768707463000,1,200.11471159,14.1000
1628768707463000,1,28.80000000,14.0130
1628768707463000,1,50.00000000,14.0000
1628768707463000,1,5.00000000,14.0000
1628768707463000,1,1.87000000,13.9390
1628768707463000,1,1.46000000,13.7900
1628768707463000,1,1.46000000,13.7900
1628768707463000,1,1.96000000,13.2750
1628768707463000,1,1.53000000,13.1300
1628768707463000,1,30.50000000,13.1000
1628768707463000,1,162.64538145,13.1000
1628768708256000,1,24.39000000,14.6297
1628768708297000,1,29.48359536,14.6297
1628768708330000,1,3.54388464,14.6297
1628768708330000,1,47.18070466,14.5406
1628768708385000,1,85.26719997,14.5406
1628768708408000,0,4.45593491,14.6402
1628768708408000,0,1.87000000,16.3100
1628768708425000,1,13.60559987,16.8216
1628768708474000,1,795.58956629,16.8216
1628768708479000,1,1.96000000,16.8216
1628768708509000,1,94.89571565,16.8216
1628768708543000,1,2.03947820,16.8216
1628768708985000,0,1.68300000,16.8300
1628768709117000,0,0.18700000,16.8300
1628768709117000,0,4.20125048,16.8928
1628768709276000,0,4.18986546,18.5507
1628768709276000,0,0.19541993,18.5554
1628768709432000,0,4.53130084,18.5507
1628768709527000,0,4.18986526,18.5554
1628768709616000,0,1.69000000,18.5507
1628768709632000,0,1.61000000,18.5507
1628768709723000,0,1.05697951,18.5507
1628768709723000,0,0.00000645,18.5554
1628768709723000,0,0.60301404,18.5600
1628768709747000,0,1.08698596,18.5600
1628768709747000,0,0.49301404,19.4800
1628768712002000,0,4.02665089,19.4703
1628768712732000,0,0.44740565,19.4703
1628768712732000,0,3.60965886,19.4703
1628768712794000,0,0.45078495,19.4703
1628768712794000,0,4.45860871,19.4751
1628768712794000,0,1.11698596,19.4800
1628768712876000,0,1.66000000,20.4549
1628768712891000,0,1.58000000,20.4549
1628768713419000,0,4.26746238,20.4498
1628768714125000,0,1.66000000,20.4600
1628768714988000,0,1.58000000,21.4800
1628768716228000,1,2.78158349,24.4865
1628768716314000,0,1.30000000,24.8700
1628768716314000,0,1.32000000,27.4200
1628768729237000,1,7.36080967,28.2710
1628768729237000,1,17.65689827,28.2710
1628768729237000,1,4.32459206,28.2700
1628768729349000,1,17.65689827,28.2710
1628768729349000,1,11.68540173,28.2700
1628768729460000,1,29.34230000,28.2638
1628768729707000,1,29.34230000,28.2640
1628768730422000,1,40.00000000,28.2640
1628768732675000,1,17.66714423,28.2552
1628768733265000,1,17.66714423,28.2552
1628768733265000,1,11.67515577,28.2389
1628768734131000,1,17.66714423,28.2552
1628768735070000,0,22.33285577,28.2552
1628768738697000,1,40.00000000,28.2609
1628768743186000,1,17.66002487,28.2715
1628768743262000,0,17.66002487,28.2715
1628768743354000,0,4.67995026,28.2715
1628768745950000,1,17.66000000,28.2714
1628768748077000,1,40.00000000,28.1449
1628768752053000,1,29.87512000,28.1170
1628768752088000,0,10.12488000,28.1170
1628768756585000,1,40.00000000,28.1140
1628768760014000,0,40.00000000,28.1990
1628768760014000,0,11.00000000,28.1990
1628768761352000,1,10.87758198,28.1600
1628768761612000,0,29.12241802,28.1600
1628768762027000,0,11.00000000,28.1961
1628768765690000,1,17.72499110,28.1675
1628768769948000,0,22.27500890,28.1675
1628768770308000,0,17.73109171,28.1530
1628768770392000,0,17.73109171,28.1530
1628768770514000,0,4.53781658,28.1530
1628768775304000,1,17.73097404,28.1689
1628768775389000,0,17.73097404,28.1689
1628768775405000,0,4.53805192,28.1689
1628768779204000,1,17.72997146,28.1722
1628768779277000,0,17.72997146,28.1722
1628768784838000,0,40.00000000,28.2179
1628768784838000,0,11.00000000,28.2179
1628768810022000,0,40.00000000,28.2775
1628768810022000,0,11.00000000,28.2776
1628768818338000,1,17.66126108,28.2881
1628768832558000,0,11.00000000,28.3165
1628768838528000,1,17.64529953,28.3168
1628768859798000,1,17.63758814,28.3323
1628768866962000,0,17.62392346,28.3531
1628768873968000,0,11.00000000,28.3563
1628768878540000,1,17.62451496,28.3455
1628768879349000,1,17.62451496,28.3455
1628768882849000,1,17.62451496,28.3455
1628768888263000,1,6.35520114,28.3253
1628768890115000,1,17.64414186,28.3141
1628768897934000,0,48.82295179,28.3318
1628768897981000,0,70.91000000,28.3318
1628768898446000,0,4.30000000,28.3348
1628768900030000,0,11.00000000,28.3363
1628768900030000,0,81.25000000,28.3430
1628768934975000,0,11.00000000,28.3399
1628768966970000,0,63.45000000,28.3709
1628768969031000,0,11.00000000,28.3754
1628769000147000,0,8.78379296,28.3847
1628769000179000,0,2.21620704,28.3847
1628769023183000,0,4.33000000,28.3521
1628769040004000,0,23.59389497,28.3410
1628769062460000,0,38.36664659,28.3046
1628769065981000,0,11.00005659,28.3297
1628769153979000,0,83.37000000,28.2698
1628769181029000,0,29.34000000,28.2350
1628769229975000,0,11.00000000,28.2621
1628769248779000,0,11.00000000,28.2284
1628769273625000,0,23.26000000,28.2766
1628769364087000,0,11.00000000,28.2616
1628769576954000,1,1.79000000,28.2608
1628769577009000,1,50.62364619,28.2608
1628769600421000,1,70.94040000,28.1450
1628769600421000,1,7.39782541,28.1447
1628769600421000,1,52.88033119,28.1447
1628769600421000,1,17.73166849,28.1405
1628769600421000,1,4.23288857,28.1398
1628769600421000,1,18.58004593,28.1321
1628769600421000,1,48.32043531,28.1258
1628769600421000,1,53.10950416,28.1236
1628769601041000,1,7.39782541,28.1177
1628769601041000,1,18.58004593,28.1177
1628769601041000,1,48.32043531,28.1177
1628769668221000,0,11.00000000,28.2191
1628769676948000,0,11.00000000,28.2328
1628769962203000,0,29.87994000,28.1366
1628769962203000,0,53.19850219,28.1399
1628769962304000,0,21.56056896,28.1600
1628769970463000,0,92.09376347,28.1757
1628769976999000,0,11.00000000,28.1794
1628769982383000,0,11.00000000,28.1995
1628770233756000,0,49.72404321,28.1830
1628770240666000,0,11.00000000,28.2361
1628770414752000,1,2.93966053,28.2448
1628770414826000,1,14.74639963,28.2448
1628770529503000,1,17.70689022,28.2176
1628771078229000,1,5.65659626,28.0946
1628771095690000,1,17.78732009,28.0838
1628771095690000,1,4.42007489,28.0688
1628771095690000,1,62.01611819,28.0650
1628771505880000,1,17.88390396,27.9333
1628771505880000,1,33.55023605,27.9178
1628771591048000,1,9.66644225,27.9557
1628771591085000,1,6.00000000,27.9557
1628771720785000,1,17.88163910,27.9389
1628771845636000,0,2.17600180,27.9318
1628772090980000,0,11.00000000,27.9287
1628772152885000,0,71.39190000,28.0090
1628772315468000,0,53.96894421,27.9757
1628772316449000,0,5.85838432,27.9757
1628772317299000,0,20.77718922,27.9757
1628772317512000,0,6.29634992,27.9757
1628772319424000,0,357.16817770,27.9757
1628772319471000,0,77.01646463,27.9757
1628772384611000,1,17.80505263,28.0112
1628772425418000,0,1.77997680,28.0230
1628773079572000,0,1.77126065,28.0880
1628773401804000,1,45.00000000,28.0000
1628774730337000,1,17.75422035,28.1412
1628774730337000,1,47.06169673,28.1390
1628774829205000,0,0.90000000,28.2138
1628775722112000,1,16.09048593,28.1219
1628776635628000,1,17.44943382,28.0546
1628776644564000,0,11.00000000,28.1352
1628776908316000,0,1.00000000,28.0940
1628776929602000,1,1.00000000,28.0396
1628776931099000,1,17.81583554,28.0445
1628777328177000,1,53.20921675,27.8518
1628777358980000,1,17.96875146,27.8065
1628777735356000,0,11.00000000,27.8773
1628777735356000,0,15.20513338,27.8779
1628778520213000,1,4.67000000,27.4230
1628778743642000,1,0.00118239,27.4230
1628779272666000,0,10.00000000,27.4594
1628779962010000,1,18.25822638,27.3660
1628779962010000,1,54.75461095,27.3622
1628779962010000,1,26.98716267,27.3606
1628779976121000,1,7.04000000,27.3722
1628780310088000,1,18.29819236,27.3013
1628780310088000,1,4.28556591,27.2975
1628780310088000,1,55.49414777,27.2948
1628780310088000,1,4.39140114,27.2877
1628780310088000,1,4.51700832,27.2802
1628780310088000,1,54.90677398,27.2795
1628780310088000,1,54.58374804,27.2773
1628780310088000,1,14.30887979,27.2580
1628780310088000,1,676.87000000,27.2580
1628780310170000,0,18.29070778,27.2550
1628780310179000,0,91.48090446,27.2550
1628780310180000,0,54.87838432,27.2550
1628780310183000,0,18.29819236,27.2550
1628780310224000,0,365.88616383,27.2550
1628780310301000,0,18.29070825,27.2550
1628780310412000,0,710.34000000,27.2550
1628780310729000,0,366.03098808,27.2550
1628780311334000,0,230.65134424,27.2550
1628780919204000,0,15.00000000,27.4475
1628781047113000,1,15.84905196,27.4392
1628781097906000,0,10.30665282,27.5145
1628781292894000,1,75.00000000,27.4457
1628781829845000,0,18.21579044,27.4733
1628781829845000,0,7.70037152,27.4782
1628782022066000,0,14.79067900,27.5018
1628782571245000,1,14.15730406,27.4960
1628782571254000,1,126.18478972,27.4960
1628783703994000,1,7.32019483,27.3043
1628784183349000,1,28.38132843,27.1344
1628784185376000,1,73.79638849,27.1218
1628784207862000,0,94.48100000,27.1342
1628784238800000,1,757.06000000,27.1360
1628784239035000,1,368.75694884,27.1360
1628784239573000,1,96.32419116,27.1360
1628784696176000,0,18.25035255,27.4128
1628784744312000,0,24.76389882,27.3803
1628785427660000,0,36.48369622,27.1710
1628785625597000,1,18.44412703,27.0910
1628785625597000,1,53.83944704,27.0869
1628788092245000,0,18.37593680,27.2249
1628788092245000,0,11.00000000,27.2313
1628788092245000,0,7.26195371,27.2348
1628788412984000,0,18.30246975,27.3355
1628788729591000,0,18.29584449,27.3439
1628788788567000,0,12.06575276,27.3143
1628788788582000,0,6.25139995,27.3143
1628788789292000,0,18.89000000,27.3384
1628788794932000,0,31.33651924,27.3594
1628788960933000,0,4.19187740,27.3892
1628788960997000,0,6.80812260,27.3892
1628788992600000,0,7.51592674,27.4034
1628788992642000,0,3.22675028,27.4034
1628788992686000,0,4.28917646,27.4034
1628789171335000,0,7.28982522,27.4381
1628789171400000,0,3.65535627,27.4381
1628789438015000,0,2.19283418,27.5089
1628792025956000,0,53.82907159,27.7211
1628792025956000,0,18.05227309,27.7233
1628792025956000,0,27.66016554,27.7288
1628792025956000,0,11.00000000,27.7326
1628792025956000,0,94.51821225,27.7350
1628792025956000,0,71.99800000,27.7350
1628792025956000,0,22.94227753,27.7378
1628792320643000,0,18.00827615,27.7800
1628792471853000,0,18.03896464,27.7346
1628792478669000,0,18.03237373,27.7438
1628792480258000,0,10.07950758,27.7639
1628793677764000,0,18.04077474,27.7354
1628793677764000,0,18.09675657,27.7445
1628794273565000,1,36.13753131,27.7678
1628795918644000,0,3.58394468,27.7634
1628798290515000,0,13.39143730,27.7800
1628798754875000,0,54.23518229,27.9450
1628798754875000,0,17.90903071,27.9450
1628798754875000,0,53.75620599,27.9571
1628798754875000,0,33.20301567,27.9666
1628799465724000,0,1.68279774,28.0864
1628801082258000,0,4.26585660,28.0686
1628801775385000,0,42.24258477,27.7898
1628801775494000,1,140.70684096,27.7500
1628802545021000,0,10.00000000,27.9300
1628805387422000,1,18.04553459,27.6932
1628805387422000,1,4.48342985,27.6885
1628805387422000,1,72.13760000,27.6860
1628805387422000,1,53.59124363,27.6846
1628805387422000,1,4.24095268,27.6811
1628805387422000,1,4.25007457,27.6740
1628805387422000,1,90.00800000,27.6724
1628805387422000,1,53.24316468,27.6724
1628806883024000,0,5.97165304,27.6379
1628806973239000,0,12.84510829,27.6403
1628807096172000,1,5.97165304,27.5269
1628811418385000,0,24.39839250,27.9500
1628811418430000,0,62.27068165,27.9500
1628811418444000,0,3.78901289,27.9500
