timestamp ms,type,amount,price
1623543336139000,0,61.70069993,21.2500
1623543336211000,0,69.48507988,21.2500
1623544332930000,0,34.01546561,21.2820
1623545320353000,0,17.68168971,21.4934
1623545325996000,0,5.59594406,21.4934
1623545515922000,0,23.24549464,21.5201
1623545708800000,0,8.70006305,21.5151
1623546036020000,0,23.20591793,21.5595
1623546036514000,0,5.80234306,21.5595
1623546548786000,0,1.68067919,21.7051
1623548076922000,1,56.88438307,21.6367
1623548214221000,1,56.88438307,21.6543
1623549603691000,0,21.70000000,21.7167
1623550099860000,0,23.03572059,21.7177
1623553621066000,1,1.68067919,21.2980
1623554028911000,0,45.42992439,21.2406
1623554028930000,0,11.39009596,21.2406
1623554661066000,1,1.69575451,21.1087
1623554838317000,1,17.35470000,21.1088
1623555341871000,0,4.08962899,21.1161
1623555359884000,0,13.61567101,21.1161
1623555359884000,0,17.88060000,21.1213
1623555544463000,1,138.06146622,20.9720
1623555679077000,1,11.50319479,20.9398
1623555679882000,1,17.70530000,20.9318
1623555711201000,1,1.71096533,20.9210
1623555729299000,1,5.76265000,20.9166
1623555846881000,1,23.83675301,20.9640
1623555846881000,1,72.61677025,20.9621
1623555846881000,1,17.28732210,20.9501
1623556443162000,1,20.74101410,20.9409
1623558190395000,1,71.30114859,20.8856
1623558556587000,0,13.57792609,20.9377
1623559712697000,0,23.94064928,20.8916
1623560791201000,1,23.95572656,20.8549
1623560825184000,1,23.97710674,20.8349
1623560825294000,1,9.12369999,20.8349
1623560825332000,1,14.36930000,20.8349
1623560845623000,1,18.82399890,20.8155
1623561339144000,1,1.72631244,20.7350
1623561617676000,0,71.54562765,20.7777
1623561617812000,0,9.91352836,20.7777
1623561628982000,0,30.85778998,20.8488
1623561629033000,0,4.59987551,20.8488
1623561629248000,0,14.46553002,20.8488
1623562519024000,1,10.59022081,20.7824
1623563709252000,1,24.17212705,20.6685
1623563709388000,1,1.67714041,20.6646
1623563709812000,1,9.07677117,20.6646
1623563709975000,1,9.30000000,20.6646
1623564064495000,1,1.74179752,20.5507
1623564088768000,0,72.95997876,20.5898
1623564088837000,0,12.71244622,20.5898
1623564088864000,0,52.79200000,20.5898
1623564088911000,0,7.77899864,20.5898
1623564629236000,0,2.00000000,20.6951
1623565932936000,1,2.00000000,20.7136
1623565983336000,0,71.05695405,20.7784
1623565983341000,0,1.23329564,20.7784
1623565983341000,0,73.22071423,20.7812
1623565983341000,0,58.06015047,20.7891
1623567498111000,0,27.03116591,20.8308
1623567520875000,0,53.40972880,20.8878
1623567553790000,0,3.68668909,20.8886
1623567607346000,0,2.00000000,20.8955
1623568382282000,1,11.50172874,20.7429
1623569428254000,0,8.29963440,20.8037
1623569531441000,0,20.02383147,20.8315
1623569531578000,0,3.99056442,20.8315
1623569579141000,0,20.26551633,20.8513
1623569837388000,0,24.04634570,20.8028
1623570596022000,1,24.11042988,20.7241
1623570596022000,1,2.92073603,20.7186
1623570825761000,0,19.59999942,20.7855
1623571066419000,0,1.00000000,20.7434
1623572642573000,1,12.26221040,20.6312
1623573175754000,0,24.01378905,20.8342
1623573175755000,0,72.02728596,20.8503
1623573175755000,0,98.55234426,20.8540
1623573175879000,0,16.03675341,20.8553
1623573211970000,0,17.70530000,20.8921
1623573297087000,0,1.74179752,20.9435
1623573414381000,0,16.03675341,20.9822
1623575181338000,0,23.95123154,20.8871
1623575181338000,0,7.25729043,20.8950
1623575221787000,1,23.90297984,20.9072
1623575221787000,1,24.13593249,20.8987
1623575221789000,1,47.56433785,20.8987
1623575222136000,1,50.58740590,20.8870
1623575222396000,1,18.26322400,20.8889
1623575222398000,1,2.86467091,20.8889
1623576163013000,1,12.01161378,20.7989
1623576403155000,1,11.71449965,20.7864
1623576403325000,1,12.32580447,20.7864
1623576538351000,1,24.05873677,20.7709
1623578629949000,1,23.90564412,20.9056
1623578737399000,1,23.00000000,20.9092
1623581402265000,1,23.80876846,20.9867
1623581509044000,1,29.97656075,20.9357
1623581659190000,1,25.88386135,20.9594
1623581659355000,1,15.52414455,20.9594
1623581659925000,1,20.39999920,20.9594
1623581659925000,1,3.44365016,20.9539
1623583836049000,1,67.10001383,20.8856
1623585287482000,1,23.99643132,20.8230
1623585760712000,0,5.05416999,20.9895
1623585761264000,0,21.11900800,20.9895
1623585762092000,0,33.07260108,20.9895
1623589290909000,1,18.93240000,20.6881
1623594176675000,1,1.74179752,20.5507
1623596341532000,1,24.50000000,20.5000
1623600521626000,0,2.00000000,20.9000
1623600567499000,0,1.74179752,20.9435
1623600846153000,0,18.05590000,21.1229
1623600846153000,0,1.72631244,21.1314
1623600846153000,0,17.35470000,21.1329
1623600846153000,0,18.23120000,21.1438
1623600846153000,0,57.16204778,21.1512
1623600907219000,1,31.81948571,21.0645
1623600913389000,1,0.00000001,21.0645
1623601002426000,0,17.53000000,21.1699
1623601102666000,0,17.53000000,21.1901
1623601102699000,0,77.47016022,21.1901
1623601683789000,0,1.71096533,21.3209
1623601683919000,0,5.85900000,21.3441
1623602295559000,1,16.82880000,21.4062
1623602407118000,0,2.39505351,21.4859
1623602649410000,0,26.13006538,21.4381
1623602664019000,0,17.53000000,21.4560
1623602664051000,0,52.66731122,21.4560
1623602984122000,0,95.21193756,21.4362
1623602984122000,0,81.31681023,21.4488
1623602984122000,0,17.17940000,21.4488
1623602984122000,0,18.19593347,21.4510
1623602993131000,1,23.35235291,21.3979
1623602993131000,1,2.77771247,21.3959
1623603235771000,0,23.33878410,21.4370
1623603235771000,0,66.07806902,21.4484
1623603470511000,1,15.00000000,21.4991
1623603636584000,0,1.66394674,21.5122
1623604092654000,1,4.59492859,21.4396
1623604621806000,0,54.19097609,21.5415
1623604621806000,0,45.80902391,21.5415
1623605080932000,0,38.53250338,21.5643
1623605366753000,0,1.68067919,21.7051
1623606127599000,0,23.02591345,21.7318
1623606180570000,1,51.48831992,21.7000
1623606196625000,1,48.51168008,21.7000
1623606233792000,1,14.83675120,21.7816
1623606233792000,1,18.08520784,21.7662
1623606233792000,1,18.07886007,21.7601
1623606233792000,1,22.94526567,21.7601
1623606365402000,0,23.03088481,21.7315
1623606475794000,0,23.10318457,21.6606
1623607187261000,1,40.18811181,21.7931
1623607237362000,0,1.66573775,21.8998
1623608138158000,1,8.36431812,21.9193
1623608138165000,1,6.66447705,21.9193
1623608168905000,1,12.62324941,21.9148
1623608233278000,1,3.44619644,21.9234
1623608341275000,1,19.59999923,21.8801
1623608596242000,1,17.36576686,21.9689
1623608694047000,1,68.99050000,21.9762
1623608694207000,1,30.44034975,21.9762
1623610621997000,1,12.35200000,22.0030
1623610622011000,1,5.24709395,22.0030
1623610967934000,0,1.65092866,22.0963
1623611007766000,1,14.55200838,22.0805
1623611097020000,1,11.32221763,22.0175
1623611140443000,0,14.02098168,22.0243
1623611227864000,0,22.70811436,22.0326
1623611227864000,0,92.52936304,22.0375
1623611227864000,0,68.14474346,22.0375
1623611227864000,0,57.08224497,22.0493
1623611227864000,0,18.05590000,22.0493
1623611227864000,0,68.11080792,22.0507
1623611227864000,0,67.46550197,22.0513
1623611227864000,0,2.39778000,22.0550
1623611227864000,0,18.05590000,22.0550
1623611227864000,0,39.05331799,22.0568
1623613646228000,0,101.20712936,22.0972
1623613646228000,0,67.27747672,22.1040
1623613646285000,1,33.42502563,22.1111
1623613646495000,1,72.57039708,22.1111
1623613646506000,1,24.22410682,22.1111
1623613651778000,1,96.88916000,22.0460
1623614542716000,1,13.52425996,22.1464
1623614602085000,1,10.47121931,22.0351
1623614670443000,0,4.51859969,22.1307
1623614675285000,0,17.00410000,22.1467
1623614675814000,0,17.17940000,22.1514
1623614681162000,0,17.53000000,22.2000
1623614682214000,0,17.53000000,22.2000
1623614683251000,0,14.94000000,22.2000
1623614878595000,1,11.25788389,22.2386
1623614891143000,0,1.63625191,22.2945
1623614891329000,0,1.00000000,22.2980
1623614954400000,0,1.62170522,22.4944
1623615018939000,0,18.05590000,22.5160
1623615100378000,0,17.53000000,22.5155
1623615100378000,0,5.66290465,22.5215
1623615129579000,0,22.26108385,22.4853
1623615966828000,0,20.00000000,22.4981
1623615967183000,0,27.37904574,22.4981
1623615967296000,0,48.42054874,22.4981
1623616014613000,0,20.00000000,22.4970
1623616128512000,1,13.54316496,22.5281
1623616188831000,0,6.62095851,22.6553
1623616205349000,0,1.60728787,22.6962
1623616424853000,0,1.59299841,22.8998
1623616424853000,0,18.40700159,22.9418
1623616680132000,0,10.88217434,22.9344
1623616775236000,0,1.57883613,23.1052
1623616867906000,0,1.67714039,23.2400
1623616867906000,0,0.00000001,23.2400
1623616923658000,0,1.57368787,23.3125
1623616938727000,0,26.60320000,23.3545
1623616938766000,0,0.00008000,23.3545
1623617347067000,0,65.20072253,23.2014
1623617347358000,1,211.90408126,23.1425
1623617348005000,1,1.00000000,23.1523
1623617368925000,0,63.80162758,23.2565
1623617368925000,0,64.69742769,23.2730
1623617491354000,1,13.04224924,23.2106
1623617565437000,1,16.98735681,23.1747
1623617589152000,1,65.01919999,23.1952
1623617589191000,1,10.65477279,23.1945
1623617589765000,1,19.11262854,23.1899
1623617691995000,0,11.85763791,23.2012
1623617760988000,1,10.77428307,23.2583
1623617806653000,0,26.43074572,23.3465
1623617806653000,0,168.05492264,23.3465
1623617806653000,0,15.56714038,23.3465
1623617818838000,1,6.20000004,23.2747
1623617867679000,1,64.37574837,23.3173
1623617870345000,1,42.06930393,23.3094
1623617870439000,1,20.00000000,23.3094
1623617871741000,0,39.20464538,23.3656
1623617871745000,0,24.09383976,23.3656
1623617880931000,1,10.77428307,23.3939
1623617886808000,1,1.08371575,23.3976
1623617958380000,1,27.42433014,23.3654
1623617986448000,1,63.31848856,23.3920
1623617986604000,1,59.79750064,23.3920
1623617989517000,1,63.32092585,23.3792
1623617990081000,1,64.32620000,23.3733
1623617996488000,1,2.58464733,23.3850
1623618003611000,0,94.48100000,23.4123
1623618003635000,0,17.53000000,23.4123
1623618004733000,0,17.53000000,23.4123
1623618005757000,0,17.53000000,23.4123
1623618174598000,1,1.99999999,23.3000
1623618174610000,1,0.00000001,23.3000
1623618643011000,0,64.54509881,23.4074
1623618643011000,0,6.59835000,23.4096
1623618643011000,0,59.82903411,23.4346
1623618645946000,0,1.57368787,23.5216
1623618645946000,0,17.17940000,23.5230
1623618645946000,0,18.05590000,23.5300
1623618714627000,0,40.92502563,23.5134
1623618828964000,0,8.29861959,23.4829
1623618829024000,0,5.00000000,23.4829
1623618829520000,0,51.70000000,23.4829
1623619010821000,0,21.35993526,23.4269
1623619010821000,0,63.18440166,23.4338
1623619010821000,0,61.53185687,23.4382
1623619010821000,0,648.21000000,23.4382
1623619010821000,0,64.07670776,23.4385
1623619010821000,0,17.88060000,23.4450
1623619010821000,0,96.85655834,23.4465
1623619010821000,0,64.86405566,23.4467
1623619010821000,0,156.04939345,23.4522
1623619090132000,0,21.32967486,23.4415
1623619665827000,1,2.00000000,23.4113
1623619722560000,0,21.26783742,23.5210
1623619722660000,1,21.26783742,23.5210
1623619722689000,1,42.47516653,23.5210
1623619823272000,0,8.49619103,23.5587
1623619924281000,1,5.38996161,23.4919
1623619924347000,1,5.77786785,23.4919
1623620012066000,0,21.34060000,23.4628
1623620107881000,1,1.00000000,23.5265
1623620222998000,1,10.63180116,23.4576
1623620287564000,1,5.00000000,23.5502
1623620559214000,1,450.00000000,23.4522
1623620621232000,0,0.90044254,23.4655
1623621250863000,1,2.00000000,23.3000
1623621251453000,1,1.00000000,23.2667
1623621682915000,0,4.02925528,23.4460
1623621869353000,0,21.34126016,23.4385
1623621881317000,1,19.79190060,23.4385
1623622527548000,0,4.96872150,23.2643
1623622548336000,0,41.13316076,23.2443
1623622607829000,1,5.80129645,23.3297
1623623163735000,0,21.37990639,23.3980
1623623276560000,0,21.46789373,23.3057
1623623396904000,0,16.82880000,23.2212
1623623396910000,0,28.33430000,23.2212
1623623396913000,0,7.39250000,23.2212
1623623396954000,0,44.69869274,23.2212
1623623465540000,1,10.75868527,23.2572
1623623482980000,0,47.96758562,23.3157
1623623482980000,0,8.40125258,23.3157
1623623482993000,0,5.19892639,23.3157
1623623483027000,0,32.11298291,23.3157
1623623585696000,1,10.71262066,23.3484
1623623616247000,0,3.19985693,23.3631
1623623616318000,0,12.05838041,23.3631
1623623616339000,0,5.04487372,23.3631
1623623623573000,0,7.22261706,23.3824
1623623623587000,0,4.83576335,23.3824
1623623705719000,1,10.71262066,23.2927
1623623945857000,1,10.69163319,23.3397
1623624245029000,0,8.52938479,23.4484
1623625344631000,1,38.39027072,23.1712
1623625344662000,1,22.43022904,23.1712
1623625344804000,1,21.00000000,23.1712
1623625344936000,1,13.49571340,23.1712
1623625344949000,1,4.02925528,23.1138
1623627887113000,1,1.55088885,23.0804
1623627887113000,1,21.64800309,23.0767
1623627887113000,1,99.01590922,23.0755
1623627887113000,1,17.00410000,23.0746
1623627887113000,1,329.66424009,23.0746
1623628455616000,0,96.61858000,23.2203
1623628455665000,0,0.00000508,23.2203
1623628455665000,0,64.98390192,23.2234
