timestamp ms,type,amount,price
1623715416969000,1,17.57594984,24.2814
1623715423314000,1,17.57413155,24.2547
1623715425450000,1,114.28828909,24.2474
1623715618040000,1,15.57481991,24.0640
1623715632299000,0,15.53392655,24.0640
1623716237473000,0,1.57368787,24.3770
1623716515841000,1,7.77718661,24.4344
1623716628311000,1,5.83288996,24.4496
1623716789041000,0,20.43539134,24.4814
1623716917850000,1,17.49866988,24.4286
1623717372169000,1,20.52395681,24.3461
1623718116252000,0,18.34506392,24.3389
1623718138882000,1,18.30899228,24.3389
1623718961266000,1,10.27601795,24.3107
1623722215394000,0,20.76444734,24.0950
1623722343543000,1,20.83154672,23.9884
1623722343544000,1,0.00000001,23.9884
1623722343544000,1,13.86378133,23.9821
1623722343544000,1,30.21819402,23.9821
1623722344532000,1,3.00000000,23.9673
1623722344557000,1,13.00000000,23.9673
1623722344900000,1,17.17940000,23.9615
1623724190698000,1,20.58910205,24.2709
1623724190830000,0,18.65765331,24.2709
1623725903956000,0,20.72084690,24.1471
1623725903956000,0,62.08583319,24.1545
1623726042089000,0,20.66765798,24.2179
1623727980085000,1,61.31893172,24.3114
1623727982778000,1,20.39999449,24.3114
1623728041127000,0,20.57020296,24.3258
1623728104945000,1,1.00000000,24.2921
1623729537992000,0,9.30000000,24.1055
1623731378942000,1,20.62630692,24.2256
1623731535436000,1,20.55448983,24.3087
1623732149632000,0,5.32200374,24.4958
1623732836223000,1,61.40000000,24.5627
1623732836326000,1,57.38668401,24.5627
1623732836466000,1,57.88443785,24.5627
1623732860575000,0,1.57368787,24.5956
1623733069382000,0,20.37598378,24.5518
1623733069382000,0,61.82734841,24.5595
1623733237690000,1,6.26779458,24.6394
1623733238140000,1,20.29064731,24.6308
1623733243794000,1,10.15726286,24.6139
1623733483906000,1,10.18033858,24.5398
1623733537334000,0,5.23755128,24.5895
1623733537360000,0,4.92947672,24.5895
1623733577587000,0,20.28818900,24.6662
1623733604007000,1,10.14269555,24.6368
1623733896848000,1,30.60797655,24.4240
1623734458138000,0,20.44182531,24.4787
1623734458138000,0,16.44100812,24.4830
1623734608493000,0,16.96326128,24.4649
1623734633922000,1,18.15000000,24.4395
1623736078348000,1,7.48951685,24.4523
1623736078443000,1,5.45835034,24.4523
1623736461261000,0,37.20908601,24.4620
1623736621037000,0,2.15981635,24.4620
1623736621531000,0,2.15981635,24.4620
1623736886596000,0,10.00000000,24.3922
1623737180278000,0,11.67394192,24.4620
1623737204143000,0,32.00006000,24.4620
1623737205881000,0,61.00000000,24.4620
1623737205917000,0,61.00000000,24.4620
1623737206718000,0,182.30949000,24.4620
1623737206814000,0,6.88332196,24.4620
1623737207003000,0,17.32804365,24.4620
1623737213962000,0,8.00000000,24.4620
1623737215536000,0,35.00000000,24.4620
1623737215562000,0,25.00000000,24.4620
1623737215667000,0,10.76705975,24.4620
1623737218747000,0,31.02376360,24.4620
1623737218767000,0,194.12864280,24.4620
1623737218808000,0,62.96897005,24.4620
1623737218829000,0,28.56641080,24.4620
1623737220491000,0,58.06017197,24.4620
1623737220527000,0,60.89999999,24.4620
1623737220553000,0,418.18392000,24.4620
1623737220711000,0,53.00000000,24.4620
1623737221377000,0,61.97241080,24.4620
1623737225570000,0,8.00000000,24.4620
1623737226242000,0,5.09504212,24.4620
1623737226263000,0,17.23551880,24.4620
1623737229132000,0,60.56340000,24.4620
1623737235150000,0,13.00000000,24.4620
1623737242535000,0,40.00000000,24.4620
1623737242592000,0,61.71990000,24.4620
1623737242621000,0,60.99999999,24.4620
1623737242623000,0,120.94467619,24.4620
1623737242772000,0,118.04495364,24.4620
1623737242779000,0,408.46944764,24.4620
1623737242957000,0,5.22719220,24.4620
1623737243337000,0,9.81145543,24.4620
1623737243367000,0,6.12884796,24.4620
1623737243431000,0,7.92449589,24.4620
1623737243746000,0,13.27896604,24.4620
1623737244260000,0,34.74464728,24.4620
1623737244384000,0,82.73819671,24.4620
1623737245956000,0,16.52665865,24.4620
1623737249590000,0,12.80029580,24.4620
1623737250388000,0,36.35107908,24.4620
1623737254797000,0,60.00000001,24.4620
1623737254871000,0,8.00000000,24.4620
1623737254874000,0,61.69812863,24.4620
1623737254932000,0,61.01860000,24.4620
1623737254960000,0,51.99999999,24.4620
1623737254975000,0,4.88360000,24.4620
1623737254976000,0,144.12597974,24.4620
1623737255021000,0,61.33680000,24.4620
1623737255033000,0,601.43000000,24.4620
1623737255054000,0,20.42387465,24.4620
1623737255081000,0,61.29000000,24.4620
1623737255085000,0,408.44673501,24.4620
1623737255102000,0,8.17173722,24.4620
1623737255118000,0,123.76247243,24.4620
1623737255156000,0,63.32799951,24.4620
1623737255172000,0,61.01800000,24.4620
1623737255191000,0,51.46638346,24.4620
1623737255192000,0,46.15320997,24.4620
1623737255213000,0,61.00000000,24.4620
1623737255227000,0,32.25938176,24.4620
1623737255242000,0,60.00000000,24.4620
1623737255278000,0,15.92891330,24.4620
1623737255282000,0,83.06915721,24.4620
1623737255301000,0,28.99260892,24.4620
1623737255319000,0,61.10298213,24.4620
1623737255329000,0,61.23448726,24.4620
1623737255343000,0,21.32252867,24.4620
1623737255354000,0,15.36161500,24.4620
1623737255356000,0,37.09676636,24.4620
1623737255364000,0,25.00000000,24.4620
1623737255367000,0,61.00000000,24.4620
1623737255381000,0,15.25513584,24.4620
1623737255384000,0,94.48100000,24.4620
1623737255390000,0,40.79620000,24.4620
1623737255403000,0,201.79301116,24.4620
1623737255432000,0,100.76511684,24.4620
1623737255435000,0,18.78049278,24.4620
1623737255439000,0,20.84678433,24.4620
1623737255453000,0,51.86601316,24.4620
1623737255469000,0,17.29284589,24.4620
1623737255471000,0,31.00000000,24.4620
1623737255481000,0,40.38480000,24.4620
1623737255482000,0,287.00437396,24.4620
1623737255486000,0,61.00000000,24.4620
1623737255489000,0,42.46024455,24.4620
1623737255490000,0,12.23827568,24.4620
1623737255496000,0,14.89386572,24.4620
1623737255508000,0,61.24073733,24.4620
1623737255516000,0,8.72348223,24.4620
1623737255543000,0,43.26041003,24.4620
1623737255555000,0,21.00000000,24.4620
1623737255559000,0,36.82259057,24.4620
1623737255565000,0,58.33614223,24.4620
1623737255723000,0,17.70530000,24.5105
1623737255723000,0,32.33193836,24.5244
1623737321001000,0,20.42811776,24.4889
1623737515311000,0,20.40241787,24.5220
1623737515311000,0,29.63482049,24.5276
1623737776944000,0,20.34752273,24.5889
1623738043674000,1,4.00785439,24.5495
1623738883268000,1,20.46048274,24.4262
1623740128898000,1,20.55232267,24.3138
1623742135175000,1,20.63130861,24.2177
1623742135175000,1,9.74566139,24.2110
1623742600930000,1,8.98670673,24.2676
1623742754154000,0,278.82967336,24.2158
1623742849591000,1,10.33014310,24.2001
1623743089729000,1,10.29523437,24.2744
1623743130274000,1,14.18930130,24.2836
1623743209673000,1,10.28692285,24.3346
1623743329852000,1,10.28692204,24.3202
1623743569879000,1,10.26329877,24.3572
1623744284964000,1,20.56335058,24.3043
1623744376889000,1,20.56232684,24.3066
1623744383894000,1,58.13203724,24.2691
1623744389499000,1,13.06512492,24.2637
1623744389618000,1,7.52815395,24.2637
1623744392530000,1,20.59327887,24.2637
1623745667529000,1,20.43687160,24.4546
1623745971455000,1,10.22302552,24.3710
1623746230163000,1,8.44573548,24.3144
1623746230288000,1,8.55836452,24.3144
1623746230288000,1,17.17940000,24.3088
1623746568705000,1,16.99905803,24.1930
1623746569048000,1,4.40094117,24.1930
1623746569881000,1,20.67533113,24.1704
1623746693383000,1,1.48316495,24.1343
1623747081839000,1,10.64582007,23.9784
1623747082188000,1,62.54712529,23.9455
1623747082188000,1,89.43996534,23.9379
1623747082188000,1,15.86646819,23.9379
1623747082188000,1,29.08683449,23.9365
1623747139939000,1,20.82568227,23.9967
1623747139939000,1,62.47814691,23.9847
1623747139939000,1,14.95034757,23.9778
1623747139939000,1,43.46199000,23.9778
1623747139939000,1,37.37569105,23.9751
1623747140078000,0,20.82568227,23.9700
1623747140099000,0,416.65811916,23.9700
1623747140187000,0,237.52839660,23.9700
1623747140202000,0,1.65700084,23.9700
1623747140219000,0,20.00000000,23.9700
1623747140509000,0,3.11900000,23.9700
1623747140602000,0,121.11994333,23.9700
1623747479808000,1,20.83874229,23.9705
1623747554676000,0,50.00000000,24.0103
1623747671798000,1,0.00832040,23.9705
1623747826536000,1,1.49646896,23.9197
1623747877626000,0,3.15420652,23.9301
1623748005819000,1,20.97116690,23.8255
1623748071813000,1,2.01218487,23.8000
1623748071813000,1,6.08781512,23.7800
1623748154574000,0,94.64847399,23.8629
1623748567961000,1,20.87150060,23.9344
1623748799827000,1,18.05590000,23.9394
1623748817424000,1,6.03095503,23.9493
1623749023376000,1,20.84454456,23.9683
1623749122781000,0,7.39580000,24.0240
1623749122796000,0,9.60830000,24.0240
1623749450602000,1,7.57432555,24.1047
1623749453933000,1,7.19821820,24.0966
1623749480031000,1,2.64024484,24.0498
1623749480185000,1,3.92879518,24.0498
1623750668134000,1,6.26460738,23.9336
1623750671374000,1,20.59999930,23.9336
1623750775666000,0,4.17808700,23.9402
1623750846637000,1,16.45141522,23.9528
1623750846727000,1,8.67012620,23.9528
1623750846736000,1,4.68892005,23.9528
1623750880581000,0,10.43936141,23.9372
1623750895651000,0,10.44057000,23.9450
1623752103581000,1,7.53635501,23.9351
1623753316946000,0,11.12862577,23.9465
1623753317134000,0,9.76788872,23.9465
1623753604451000,1,5.85372380,23.9197
1623754629699000,1,3.20643911,23.9393
1623755615119000,1,13.62724494,23.9617
1623755823804000,1,6.46703973,23.9680
1623755823804000,1,10.41910859,23.9680
1623755823804000,1,14.38206794,23.9680
1623755825693000,1,31.26821031,23.9680
1623756069778000,1,3.42183670,23.9238
1623756070794000,1,19.39427717,23.9122
1623756193729000,1,19.34393838,23.9162
1623756193729000,1,3.20187772,23.9162
1623756418457000,1,1.64787689,23.8689
1623756432326000,1,5.85023890,23.8690
1623756538470000,1,9.04441550,23.8552
1623756674111000,1,20.97023275,23.8275
1623756746829000,1,3.30350590,23.7964
1623756958652000,1,3.22235700,23.7140
1623757245334000,1,9.94260054,23.7472
1623757318893000,1,9.94260000,23.7082
1623757402922000,1,21.05064912,23.7339
1623757473037000,0,50.90304434,23.8004
1623757473066000,0,18.05590000,23.8112
1623757530658000,0,17.70529434,23.8509
1623757637450000,1,10.30045233,23.7898
1623757637479000,1,5.88581518,23.7898
1623757637481000,1,1.16843249,23.7898
1623757637481000,1,19.45393472,23.7830
1623757666077000,1,4.57430049,23.7677
1623757666272000,1,12.25449951,23.7677
1623757686087000,0,20.39999929,23.7575
1623758362371000,1,20.93772882,23.8677
1623758566581000,1,2.34496522,23.9813
1623760018583000,0,5.01360750,24.0530
1623760658092000,0,2.35099610,23.9174
1623760811722000,1,17.90000000,23.8803
1623760989414000,1,18.59999909,23.7842
1623761008384000,1,9.20000000,23.7845
1623761456794000,1,2.37565511,24.0152
1623761488514000,0,2.00000000,24.0398
1623761610940000,0,87.12521136,24.0576
1623761944588000,0,2.00000000,24.0500
1623762485244000,0,4.57492300,23.9239
1623762561327000,1,2.00000000,23.9500
1623762662208000,0,2.38639120,23.8966
1623763117044000,0,2.00000000,23.9700
1623764054055000,1,20.88132973,23.9297
1623766677730000,1,1.50989214,23.7070
1623767338794000,1,1.52343576,23.4963
1623767353753000,0,12.80555866,23.5390
1623767353865000,0,12.86325812,23.5390
1623767467413000,1,21.18081539,23.4656
1623768006963000,0,6.75682009,23.5006
1623768007168000,0,38.65829150,23.5014
1623769590887000,0,21.42457056,23.3509
1623769645681000,1,21.37542145,23.3725
1623769645681000,1,65.00311525,23.3689
1623769645681000,1,9.62982733,23.3669
1623769645685000,1,54.47615199,23.3669
1623769645685000,1,102.75437501,23.3629
1623771157133000,1,61.35015065,23.5222
1623775554023000,1,99.88987883,23.5629
1623776167141000,1,10.64952147,23.6231
1623776503319000,0,21.14574802,23.6604
1623776503398000,1,18.41870529,23.6604
1623776643430000,0,21.15731963,23.6506
1623776646665000,0,17.85082371,23.6626
1623779497113000,1,21.10806305,23.7008
1623779498325000,1,21.10901703,23.7008
1623779500388000,1,21.10901703,23.7008
1623779507480000,1,21.10845164,23.7008
1623779510070000,1,63.76178819,23.7008
1623779510148000,1,422.24445799,23.7008
1623779510199000,1,21.10855001,23.7008
1623779510645000,1,422.23002783,23.7008
1623779511388000,1,21.10855001,23.7008
1623779518357000,1,34.97588617,23.7008
1623779518475000,1,89.02852216,23.7008
1623779528053000,1,63.02119297,23.7008
1623779529550000,1,9.37213787,23.7008
1623779537520000,1,21.11206522,23.7008
1623779538661000,1,7.43278495,23.7008
1623779538952000,1,21.11038004,23.7008
1623779539672000,1,422.27191508,23.7008
1623779539672000,1,11.00000000,23.7008
1623779539740000,1,22.00000000,23.7008
1623779539750000,1,29.00000000,23.7008
1623779539800000,1,15.00000000,23.7008
1623779539897000,1,47.90000000,23.7008
1623779540032000,1,25.00000000,23.7008
1623779540045000,1,62.46307081,23.7008
1623779540457000,1,422.27815517,23.7008
1623779540685000,1,32.00000000,23.7008
1623779540687000,1,5.21089066,23.7008
1623780074965000,0,51.02067432,23.8966
1623780075334000,0,127.64778023,23.8966
1623780086460000,0,1.52343576,23.9454
1623780098306000,1,76.62710000,23.9454
1623780154155000,0,20.89770112,23.9492
1623780154269000,1,20.89770112,23.9492
1623780154291000,1,417.92963298,23.9492
1623780154342000,1,20.89770112,23.9492
1623780155154000,1,417.93523588,23.9492
1623780155676000,1,101.44202778,23.9492
1623780653967000,1,20.86024866,23.9544
1623780775739000,0,3.96053142,23.9867
1623780988650000,1,8.73267198,23.9441
1623781088478000,1,8.73267200,23.9053
1623781225516000,1,17.33910922,23.9034
1623781672839000,1,2.78529596,23.9366
1623781821641000,1,10.43314251,23.9449
1623781940302000,1,1.36280958,23.8724
1623782101666000,0,31.37933249,23.8862
1623782101757000,0,8.18512082,23.8862
1623782494878000,1,13.00990699,23.8898
1623782778992000,1,10.44296187,23.8140
1623783023225000,1,1.00000000,23.7204
1623783623343000,0,1.37431762,23.6649
1623784443012000,1,17.53000000,23.6778
1623784443036000,1,86.30410000,23.6778
1623784443051000,1,94.49600000,23.6778
1623784443114000,1,24.09008700,23.6778
1623784443122000,1,125.81521569,23.6778
1623784443127000,1,36.60100000,23.6778
1623784443130000,1,63.79356234,23.6778
1623784443131000,1,103.33521720,23.6778
1623784443138000,1,422.69578176,23.6778
1623784443170000,1,48.85773463,23.6778
1623784443283000,1,20.48212000,23.6778
1623784443284000,1,24.03979500,23.6778
1623784443349000,1,1.00232410,23.6650
1623784499469000,0,21.15738319,23.6406
1623784572074000,1,21.16094717,23.6392
1623784812224000,0,21.16635208,23.6316
1623785087938000,1,1.52343576,23.4963
1623785173105000,0,52.33880601,23.4598
1623787209561000,1,15.11716220,23.3101
1623787218591000,1,1.53710112,23.2874
1623787267244000,1,19.71992156,23.2890
1623787267280000,1,24.70040000,23.2890
1623787653864000,1,21.46527844,23.2741
1623787653864000,1,33.75732604,23.2735
1623788068675000,0,12.39075372,23.1943
1623788068893000,0,9.17413955,23.1943
1623788142657000,1,21.89448405,23.1697
1623789328800000,1,20.52126867,23.3799
1623789328807000,1,0.85983752,23.3799
1623789529741000,1,24.41301685,23.3591
1623789529780000,1,18.41683727,23.3591
1623789617660000,0,7.39862372,23.3935
1623790603838000,1,63.33867339,23.3558
1623790603922000,1,27.84559264,23.3558
1623790603923000,1,9.99999999,23.3558
1623790603962000,1,64.28773721,23.3558
1623790603992000,1,64.40000000,23.3558
1623790603992000,1,31.21500000,23.3558
1623790603998000,1,86.00857721,23.3558
1623790603999000,1,13.96320000,23.3558
1623790604000000,1,33.60500000,23.3558
1623790604008000,1,94.49600000,23.3558
1623790604016000,1,49.93360000,23.3558
1623790604028000,1,53.30000000,23.3558
1623790604029000,1,63.00000000,23.3558
1623790604060000,1,64.07930000,23.3558
1623790604140000,1,64.25083526,23.3558
1623790604148000,1,428.70194941,23.3558
1623790604267000,1,63.90000000,23.3558
1623790604339000,1,40.10000001,23.3558
1623790604411000,1,24.00000000,23.3558
1623790604465000,1,30.07334701,23.3558
1623790604503000,1,18.28367716,23.3558
1623790604647000,1,34.64576150,23.3558
1623790604741000,1,123.81121944,23.3558
1623790604749000,1,11.98173091,23.3558
1623790604753000,1,7.98782060,23.3558
1623790604760000,1,71.89038548,23.3558
1623790604770000,1,39.93910304,23.3558
1623790604781000,1,71.89038548,23.3558
1623790604798000,1,35.94519274,23.3558
1623790604800000,1,7.98782060,23.3558
1623790604806000,1,23.96346182,23.3558
1623790604806000,1,15.97564121,23.3558
1623790604808000,1,11.98173091,23.3558
1623790604818000,1,17.57320533,23.3558
1623790604943000,1,62.66496328,23.3558
1623790605037000,1,64.15348200,23.3558
1623790605038000,1,428.70105736,23.3558
1623790605153000,1,151.49429472,23.3558
1623790605250000,1,8.63696116,23.3558
1623790605282000,1,5.14728553,23.3558
1623790605391000,1,28.73666788,23.3558
1623790605406000,1,7.46722207,23.3558
1623790605527000,1,23.99684251,23.3558
1623790605556000,1,23.44086410,23.3558
1623790605595000,1,8.57554872,23.3558
1623790605658000,1,126.69081806,23.3558
1623790605794000,1,12.00406285,23.3558
1623790605853000,1,24.00728999,23.3558
1623790605884000,1,10.28883830,23.3558
1623790621518000,1,5.48000000,23.3558
1623790632570000,1,63.84800000,23.3558
1623790633179000,1,7.77439670,23.3558
1623790633346000,1,391.12414804,23.3558
1623790633415000,1,105.92354960,23.3558
1623790633436000,1,348.22188072,23.3558
1623790633544000,1,31.32425188,23.3558
1623790633670000,1,644.83846140,23.3558
1623790633750000,1,22.68348195,23.3558
1623790635153000,1,125.96948036,23.3558
1623790635289000,1,75.11422302,23.3558
1623790635556000,1,77.78041995,23.3558
1623790635605000,1,70.81118173,23.3558
1623790635637000,1,68.19491206,23.3558
1623790635675000,1,58.79415035,23.3558
1623790635918000,1,29.59243662,23.3558
1623790635968000,1,51.37927347,23.3558
1623790635991000,1,253.37935665,23.3558
1623790636841000,1,9.00000000,23.3558
1623790645726000,1,22.71085389,23.3558
1623790648338000,1,23.81979957,23.3558
1623790650623000,1,55.00000000,23.3558
1623790650666000,1,58.28000000,23.3558
1623790650696000,1,63.81702930,23.3558
1623790650728000,1,21.43090971,23.3558
1623790650730000,1,64.39200000,23.3558
1623790650745000,1,6.71558584,23.3558
1623790670583000,1,64.73000025,23.2822
1623790670710000,1,13.00000000,23.2822
1623797965321000,0,21.21906052,23.5859
1623798309006000,1,13.52920203,23.6043
1623798559966000,1,2.94655400,23.5738
1623799103422000,1,3.37623591,23.5527
1623799103490000,1,9.86751236,23.5527
1623799534598000,0,2.63239500,23.5790
1623800292493000,1,21.24367374,23.5292
1623800894778000,1,11.98550981,23.5179
1623801119852000,1,50.61341813,23.4929
1623801320848000,1,10.64900125,23.4744
