timestamp ms,type,amount,price
1623715416969000,1,17.57594984,24.2814
1623715423314000,1,17.57413155,24.2547
1623715425450000,1,114.28828909,24.2474
1623715618040000,1,15.57481991,24.0640
1623715632299000,0,15.53392655,24.0640
1623716237473000,0,1.57368787,24.3770
1623716515841000,1,7.77718661,24.4344
1623716628311000,1,5.83288996,24.4496
1623716789041000,0,20.43539134,24.4814
1623716917850000,1,17.49866988,24.4286
1623717372169000,1,20.52395681,24.3461
1623718116252000,0,18.34506392,24.3389
1623718138882000,1,18.30899228,24.3389
1623718961266000,1,10.27601795,24.3107
1623722215394000,0,20.76444734,24.0950
1623722343543000,1,20.83154672,23.9884
1623722343544000,1,0.00000001,23.9884
1623722343544000,1,13.86378133,23.9821
1623722343544000,1,30.21819402,23.9821
1623722344532000,1,3.00000000,23.9673
1623722344557000,1,13.00000000,23.9673
1623722344900000,1,17.17940000,23.9615
1623724190698000,1,20.58910205,24.2709
1623724190830000,0,18.65765331,24.2709
1623725903956000,0,20.72084690,24.1471
1623725903956000,0,62.08583319,24.1545
1623726042089000,0,20.66765798,24.2179
1623727980085000,1,61.31893172,24.3114
1623727982778000,1,20.39999449,24.3114
1623728041127000,0,20.57020296,24.3258
1623728104945000,1,1.00000000,24.2921
1623729537992000,0,9.30000000,24.1055
1623731378942000,1,20.62630692,24.2256
1623731535436000,1,20.55448983,24.3087
1623732149632000,0,5.32200374,24.4958
1623732836223000,1,61.40000000,24.5627
1623732836326000,1,57.38668401,24.5627
1623732836466000,1,57.88443785,24.5627
1623732860575000,0,1.57368787,24.5956
1623733069382000,0,20.37598378,24.5518
1623733069382000,0,61.82734841,24.5595
1623733237690000,1,6.26779458,24.6394
1623733238140000,1,20.29064731,24.6308
1623733243794000,1,10.15726286,24.6139
1623733483906000,1,10.18033858,24.5398
1623733537334000,0,5.23755128,24.5895
1623733537360000,0,4.92947672,24.5895
1623733577587000,0,20.28818900,24.6662
1623733604007000,1,10.14269555,24.6368
1623733896848000,1,30.60797655,24.4240
1623734458138000,0,20.44182531,24.4787
1623734458138000,0,16.44100812,24.4830
1623734608493000,0,16.96326128,24.4649
1623734633922000,1,18.15000000,24.4395
1623736078348000,1,7.48951685,24.4523
1623736078443000,1,5.45835034,24.4523
1623736461261000,0,37.20908601,24.4620
1623736621037000,0,2.15981635,24.4620
1623736621531000,0,2.15981635,24.4620
1623736886596000,0,10.00000000,24.3922
1623737180278000,0,11.67394192,24.4620
1623737204143000,0,32.00006000,24.4620
1623737205881000,0,61.00000000,24.4620
1623737205917000,0,61.00000000,24.4620
1623737206718000,0,182.30949000,24.4620
1623737206814000,0,6.88332196,24.4620
1623737207003000,0,17.32804365,24.4620
1623737213962000,0,8.00000000,24.4620
1623737215536000,0,35.00000000,24.4620
1623737215562000,0,25.00000000,24.4620
1623737215667000,0,10.76705975,24.4620
1623737218747000,0,31.02376360,24.4620
1623737218767000,0,194.12864280,24.4620
1623737218808000,0,62.96897005,24.4620
1623737218829000,0,28.56641080,24.4620
1623737220491000,0,58.06017197,24.4620
1623737220527000,0,60.89999999,24.4620
1623737220553000,0,418.18392000,24.4620
1623737220711000,0,53.00000000,24.4620
1623737221377000,0,61.97241080,24.4620
1623737225570000,0,8.00000000,24.4620
1623737226242000,0,5.09504212,24.4620
1623737226263000,0,17.23551880,24.4620
1623737229132000,0,60.56340000,24.4620
1623737235150000,0,13.00000000,24.4620
1623737242535000,0,40.00000000,24.4620
1623737242592000,0,61.71990000,24.4620
1623737242621000,0,60.99999999,24.4620
1623737242623000,0,120.94467619,24.4620
1623737242772000,0,118.04495364,24.4620
1623737242779000,0,408.46944764,24.4620
1623737242957000,0,5.22719220,24.4620
1623737243337000,0,9.81145543,24.4620
1623737243367000,0,6.12884796,24.4620
1623737243431000,0,7.92449589,24.4620
1623737243746000,0,13.27896604,24.4620
1623737244260000,0,34.74464728,24.4620
1623737244384000,0,82.73819671,24.4620
1623737245956000,0,16.52665865,24.4620
1623737249590000,0,12.80029580,24.4620
1623737250388000,0,36.35107908,24.4620
1623737254797000,0,60.00000001,24.4620
1623737254871000,0,8.00000000,24.4620
1623737254874000,0,61.69812863,24.4620
1623737254932000,0,61.01860000,24.4620
1623737254960000,0,51.99999999,24.4620
1623737254975000,0,4.88360000,24.4620
1623737254976000,0,144.12597974,24.4620
1623737255021000,0,61.33680000,24.4620
1623737255033000,0,601.43000000,24.4620
1623737255054000,0,20.42387465,24.4620
1623737255081000,0,61.29000000,24.4620
1623737255085000,0,408.44673501,24.4620
1623737255102000,0,8.17173722,24.4620
1623737255118000,0,123.76247243,24.4620
1623737255156000,0,63.32799951,24.4620
1623737255172000,0,61.01800000,24.4620
1623737255191000,0,51.46638346,24.4620
1623737255192000,0,46.15320997,24.4620
1623737255213000,0,61.00000000,24.4620
1623737255227000,0,32.25938176,24.4620
1623737255242000,0,60.00000000,24.4620
1623737255278000,0,15.92891330,24.4620
1623737255282000,0,83.06915721,24.4620
1623737255301000,0,28.99260892,24.4620
1623737255319000,0,61.10298213,24.4620
1623737255329000,0,61.23448726,24.4620
1623737255343000,0,21.32252867,24.4620
1623737255354000,0,15.36161500,24.4620
1623737255356000,0,37.09676636,24.4620
1623737255364000,0,25.00000000,24.4620
1623737255367000,0,61.00000000,24.4620
1623737255381000,0,15.25513584,24.4620
1623737255384000,0,94.48100000,24.4620
1623737255390000,0,40.79620000,24.4620
1623737255403000,0,201.79301116,24.4620
1623737255432000,0,100.76511684,24.4620
1623737255435000,0,18.78049278,24.4620
1623737255439000,0,20.84678433,24.4620
1623737255453000,0,51.86601316,24.4620
1623737255469000,0,17.29284589,24.4620
1623737255471000,0,31.00000000,24.4620
1623737255481000,0,40.38480000,24.4620
1623737255482000,0,287.00437396,24.4620
1623737255486000,0,61.00000000,24.4620
1623737255489000,0,42.46024455,24.4620
1623737255490000,0,12.23827568,24.4620
1623737255496000,0,14.89386572,24.4620
1623737255508000,0,61.24073733,24.4620
1623737255516000,0,8.72348223,24.4620
1623737255543000,0,43.26041003,24.4620
1623737255555000,0,21.00000000,24.4620
1623737255559000,0,36.82259057,24.4620
1623737255565000,0,58.33614223,24.4620
1623737255723000,0,17.70530000,24.5105
1623737255723000,0,32.33193836,24.5244
1623737321001000,0,20.42811776,24.4889
1623737515311000,0,20.40241787,24.5220
1623737515311000,0,29.63482049,24.5276
1623737776944000,0,20.34752273,24.5889
1623738043674000,1,4.00785439,24.5495
1623738883268000,1,20.46048274,24.4262
1623740128898000,1,20.55232267,24.3138
1623742135175000,1,20.63130861,24.2177
1623742135175000,1,9.74566139,24.2110
1623742600930000,1,8.98670673,24.2676
1623742754154000,0,278.82967336,24.2158
1623742849591000,1,10.33014310,24.2001
1623743089729000,1,10.29523437,24.2744
1623743130274000,1,14.18930130,24.2836
1623743209673000,1,10.28692285,24.3346
1623743329852000,1,10.28692204,24.3202
1623743569879000,1,10.26329877,24.3572
1623744284964000,1,20.56335058,24.3043
1623744376889000,1,20.56232684,24.3066
1623744383894000,1,58.13203724,24.2691
1623744389499000,1,13.06512492,24.2637
1623744389618000,1,7.52815395,24.2637
1623744392530000,1,20.59327887,24.2637
1623745667529000,1,20.43687160,24.4546
1623745971455000,1,10.22302552,24.3710
1623746230163000,1,8.44573548,24.3144
1623746230288000,1,8.55836452,24.3144
1623746230288000,1,17.17940000,24.3088
1623746568705000,1,16.99905803,24.1930
1623746569048000,1,4.40094117,24.1930
1623746569881000,1,20.67533113,24.1704
1623746693383000,1,1.48316495,24.1343
1623747081839000,1,10.64582007,23.9784
1623747082188000,1,62.54712529,23.9455
1623747082188000,1,89.43996534,23.9379
1623747082188000,1,15.86646819,23.9379
1623747082188000,1,29.08683449,23.9365
1623747139939000,1,20.82568227,23.9967
1623747139939000,1,62.47814691,23.9847
1623747139939000,1,14.95034757,23.9778
1623747139939000,1,43.46199000,23.9778
1623747139939000,1,37.37569105,23.9751
1623747140078000,0,20.82568227,23.9700
1623747140099000,0,416.65811916,23.9700
1623747140187000,0,237.52839660,23.9700
1623747140202000,0,1.65700084,23.9700
1623747140219000,0,20.00000000,23.9700
1623747140509000,0,3.11900000,23.9700
1623747140602000,0,121.11994333,23.9700
1623747479808000,1,20.83874229,23.9705
1623747554676000,0,50.00000000,24.0103
1623747671798000,1,0.00832040,23.9705
1623747826536000,1,1.49646896,23.9197
1623747877626000,0,3.15420652,23.9301
1623748005819000,1,20.97116690,23.8255
1623748071813000,1,2.01218487,23.8000
1623748071813000,1,6.08781512,23.7800
1623748154574000,0,94.64847399,23.8629
1623748567961000,1,20.87150060,23.9344
1623748799827000,1,18.05590000,23.9394
1623748817424000,1,6.03095503,23.9493
1623749023376000,1,20.84454456,23.9683
1623749122781000,0,7.39580000,24.0240
1623749122796000,0,9.60830000,24.0240
1623749450602000,1,7.57432555,24.1047
1623749453933000,1,7.19821820,24.0966
1623749480031000,1,2.64024484,24.0498
1623749480185000,1,3.92879518,24.0498
1623750668134000,1,6.26460738,23.9336
1623750671374000,1,20.59999930,23.9336
1623750775666000,0,4.17808700,23.9402
1623750846637000,1,16.45141522,23.9528
1623750846727000,1,8.67012620,23.9528
1623750846736000,1,4.68892005,23.9528
1623750880581000,0,10.43936141,23.9372
1623750895651000,0,10.44057000,23.9450
1623752103581000,1,7.53635501,23.9351
1623753316946000,0,11.12862577,23.9465
1623753317134000,0,9.76788872,23.9465
1623753604451000,1,5.85372380,23.9197
1623754629699000,1,3.20643911,23.9393
1623755615119000,1,13.62724494,23.9617
1623755823804000,1,6.46703973,23.9680
1623755823804000,1,10.41910859,23.9680
1623755823804000,1,14.38206794,23.9680
1623755825693000,1,31.26821031,23.9680
1623756069778000,1,3.42183670,23.9238
1623756070794000,1,19.39427717,23.9122
1623756193729000,1,19.34393838,23.9162
1623756193729000,1,3.20187772,23.9162
1623756418457000,1,1.64787689,23.8689
1623756432326000,1,5.85023890,23.8690
1623756538470000,1,9.04441550,23.8552
1623756674111000,1,20.97023275,23.8275
1623756746829000,1,3.30350590,23.7964
1623756958652000,1,3.22235700,23.7140
1623757245334000,1,9.94260054,23.7472
1623757318893000,1,9.94260000,23.7082
1623757402922000,1,21.05064912,23.7339
1623757473037000,0,50.90304434,23.8004
1623757473066000,0,18.05590000,23.8112
1623757530658000,0,17.70529434,23.8509
1623757637450000,1,10.30045233,23.7898
1623757637479000,1,5.88581518,23.7898
1623757637481000,1,1.16843249,23.7898
1623757637481000,1,19.45393472,23.7830
1623757666077000,1,4.57430049,23.7677
1623757666272000,1,12.25449951,23.7677
1623757686087000,0,20.39999929,23.7575
1623758362371000,1,20.93772882,23.8677
1623758566581000,1,2.34496522,23.9813
1623760018583000,0,5.01360750,24.0530
1623760658092000,0,2.35099610,23.9174
1623760811722000,1,17.90000000,23.8803
1623760989414000,1,18.59999909,23.7842
1623761008384000,1,9.20000000,23.7845
1623761456794000,1,2.37565511,24.0152
1623761488514000,0,2.00000000,24.0398
1623761610940000,0,87.12521136,24.0576
1623761944588000,0,2.00000000,24.0500
1623762485244000,0,4.57492300,23.9239
1623762561327000,1,2.00000000,23.9500
1623762662208000,0,2.38639120,23.8966
1623763117044000,0,2.00000000,23.9700
1623764054055000,1,20.88132973,23.9297
1623766677730000,1,1.50989214,23.7070
1623767338794000,1,1.52343576,23.4963
1623767353753000,0,12.80555866,23.5390
1623767353865000,0,12.86325812,23.5390
1623767467413000,1,21.18081539,23.4656
1623768006963000,0,6.75682009,23.5006
1623768007168000,0,38.65829150,23.5014
1623769590887000,0,21.42457056,23.3509
1623769645681000,1,21.37542145,23.3725
1623769645681000,1,65.00311525,23.3689
1623769645681000,1,9.62982733,23.3669
1623769645685000,1,54.47615199,23.3669
1623769645685000,1,102.75437501,23.3629
1623771157133000,1,61.35015065,23.5222
1623775554023000,1,99.88987883,23.5629
1623776167141000,1,10.64952147,23.6231
1623776503319000,0,21.14574802,23.6604
1623776503398000,1,18.41870529,23.6604
1623776643430000,0,21.15731963,23.6506
1623776646665000,0,17.85082371,23.6626
1623779497113000,1,21.10806305,23.7008
1623779498325000,1,21.10901703,23.7008
1623779500388000,1,21.10901703,23.7008
1623779507480000,1,21.10845164,23.7008
1623779510070000,1,63.76178819,23.7008
1623779510148000,1,422.24445799,23.7008
1623779510199000,1,21.10855001,23.7008
1623779510645000,1,422.23002783,23.7008
1623779511388000,1,21.10855001,23.7008
1623779518357000,1,34.97588617,23.7008
1623779518475000,1,89.02852216,23.7008
1623779528053000,1,63.02119297,23.7008
1623779529550000,1,9.37213787,23.7008
1623779537520000,1,21.11206522,23.7008
1623779538661000,1,7.43278495,23.7008
1623779538952000,1,21.11038004,23.7008
1623779539672000,1,422.27191508,23.7008
1623779539672000,1,11.00000000,23.7008
1623779539740000,1,22.00000000,23.7008
1623779539750000,1,29.00000000,23.7008
1623779539800000,1,15.00000000,23.7008
1623779539897000,1,47.90000000,23.7008
1623779540032000,1,25.00000000,23.7008
1623779540045000,1,62.46307081,23.7008
1623779540457000,1,422.27815517,23.7008
1623779540685000,1,32.00000000,23.7008
1623779540687000,1,5.21089066,23.7008
1623780074965000,0,51.02067432,23.8966
1623780075334000,0,127.64778023,23.8966
1623780086460000,0,1.52343576,23.9454
1623780098306000,1,76.62710000,23.9454
1623780154155000,0,20.89770112,23.9492
1623780154269000,1,20.89770112,23.9492
1623780154291000,1,417.92963298,23.9492
1623780154342000,1,20.89770112,23.9492
1623780155154000,1,417.93523588,23.9492
1623780155676000,1,101.44202778,23.9492
1623780653967000,1,20.86024866,23.9544
1623780775739000,0,3.96053142,23.9867
1623780988650000,1,8.73267198,23.9441
1623781088478000,1,8.73267200,23.9053
1623781225516000,1,17.33910922,23.9034
1623781672839000,1,2.78529596,23.9366
1623781821641000,1,10.43314251,23.9449
1623781940302000,1,1.36280958,23.8724
1623782101666000,0,31.37933249,23.8862
1623782101757000,0,8.18512082,23.8862
1623782494878000,1,13.00990699,23.8898
1623782778992000,1,10.44296187,23.8140
1623783023225000,1,1.00000000,23.7204
1623783623343000,0,1.37431762,23.6649
1623784443012000,1,17.53000000,23.6778
1623784443036000,1,86.30410000,23.6778
1623784443051000,1,94.49600000,23.6778
1623784443114000,1,24.09008700,23.6778
1623784443122000,1,125.81521569,23.6778
1623784443127000,1,36.60100000,23.6778
1623784443130000,1,63.79356234,23.6778
1623784443131000,1,103.33521720,23.6778
1623784443138000,1,422.69578176,23.6778
1623784443170000,1,48.85773463,23.6778
1623784443283000,1,20.48212000,23.6778
1623784443284000,1,24.03979500,23.6778
1623784443349000,1,1.00232410,23.6650
1623784499469000,0,21.15738319,23.6406
1623784572074000,1,21.16094717,23.6392
1623784812224000,0,21.16635208,23.6316
1623785087938000,1,1.52343576,23.4963
1623785173105000,0,52.33880601,23.4598
1623787209561000,1,15.11716220,23.3101
1623787218591000,1,1.53710112,23.2874
1623787267244000,1,19.71992156,23.2890
1623787267280000,1,24.70040000,23.2890
1623787653864000,1,21.46527844,23.2741
1623787653864000,1,33.75732604,23.2735
1623788068675000,0,12.39075372,23.1943
1623788068893000,0,9.17413955,23.1943
1623788142657000,1,21.89448405,23.1697
1623789328800000,1,20.52126867,23.3799
1623789328807000,1,0.85983752,23.3799
1623789529741000,1,24.41301685,23.3591
1623789529780000,1,18.41683727,23.3591
1623789617660000,0,7.39862372,23.3935
1623790603838000,1,63.33867339,23.3558
1623790603922000,1,27.84559264,23.3558
1623790603923000,1,9.99999999,23.3558
1623790603962000,1,64.28773721,23.3558
1623790603992000,1,64.40000000,23.3558
1623790603992000,1,31.21500000,23.3558
1623790603998000,1,86.00857721,23.3558
1623790603999000,1,13.96320000,23.3558
1623790604000000,1,33.60500000,23.3558
1623790604008000,1,94.49600000,23.3558
1623790604016000,1,49.93360000,23.3558
1623790604028000,1,53.30000000,23.3558
1623790604029000,1,63.00000000,23.3558
1623790604060000,1,64.07930000,23.3558
1623790604140000,1,64.25083526,23.3558
1623790604148000,1,428.70194941,23.3558
1623790604267000,1,63.90000000,23.3558
1623790604339000,1,40.10000001,23.3558
1623790604411000,1,24.00000000,23.3558
1623790604465000,1,30.07334701,23.3558
1623790604503000,1,18.28367716,23.3558
1623790604647000,1,34.64576150,23.3558
1623790604741000,1,123.81121944,23.3558
1623790604749000,1,11.98173091,23.3558
1623790604753000,1,7.98782060,23.3558
1623790604760000,1,71.89038548,23.3558
1623790604770000,1,39.93910304,23.3558
1623790604781000,1,71.89038548,23.3558
1623790604798000,1,35.94519274,23.3558
1623790604800000,1,7.98782060,23.3558
1623790604806000,1,23.96346182,23.3558
1623790604806000,1,15.97564121,23.3558
1623790604808000,1,11.98173091,23.3558
1623790604818000,1,17.57320533,23.3558
1623790604943000,1,62.66496328,23.3558
1623790605037000,1,64.15348200,23.3558
1623790605038000,1,428.70105736,23.3558
1623790605153000,1,151.49429472,23.3558
1623790605250000,1,8.63696116,23.3558
1623790605282000,1,5.14728553,23.3558
1623790605391000,1,28.73666788,23.3558
1623790605406000,1,7.46722207,23.3558
1623790605527000,1,23.99684251,23.3558
1623790605556000,1,23.44086410,23.3558
1623790605595000,1,8.57554872,23.3558
1623790605658000,1,126.69081806,23.3558
1623790605794000,1,12.00406285,23.3558
1623790605853000,1,24.00728999,23.3558
1623790605884000,1,10.28883830,23.3558
1623790621518000,1,5.48000000,23.3558
1623790632570000,1,63.84800000,23.3558
1623790633179000,1,7.77439670,23.3558
1623790633346000,1,391.12414804,23.3558
1623790633415000,1,105.92354960,23.3558
1623790633436000,1,348.22188072,23.3558
1623790633544000,1,31.32425188,23.3558
1623790633670000,1,644.83846140,23.3558
1623790633750000,1,22.68348195,23.3558
1623790635153000,1,125.96948036,23.3558
1623790635289000,1,75.11422302,23.3558
1623790635556000,1,77.78041995,23.3558
1623790635605000,1,70.81118173,23.3558
1623790635637000,1,68.19491206,23.3558
1623790635675000,1,58.79415035,23.3558
1623790635918000,1,29.59243662,23.3558
1623790635968000,1,51.37927347,23.3558
1623790635991000,1,253.37935665,23.3558
1623790636841000,1,9.00000000,23.3558
1623790645726000,1,22.71085389,23.3558
1623790648338000,1,23.81979957,23.3558
1623790650623000,1,55.00000000,23.3558
1623790650666000,1,58.28000000,23.3558
1623790650696000,1,63.81702930,23.3558
1623790650728000,1,21.43090971,23.3558
1623790650730000,1,64.39200000,23.3558
1623790650745000,1,6.71558584,23.3558
1623790670583000,1,64.73000025,23.2822
1623790670710000,1,13.00000000,23.2822
1623797965321000,0,21.21906052,23.5859
1623798309006000,1,13.52920203,23.6043
1623798559966000,1,2.94655400,23.5738
1623799103422000,1,3.37623591,23.5527
1623799103490000,1,9.86751236,23.5527
1623799534598000,0,2.63239500,23.5790
1623800292493000,1,21.24367374,23.5292
1623800894778000,1,11.98550981,23.5179
1623801119852000,1,50.61341813,23.4929
1623801320848000,1,10.64900125,23.4744
1623801492609000,1,21.28363468,23.4821
1623801680966000,1,8.03990700,23.3764
1623801694657000,1,20.32907662,23.3585
1623801698290000,1,7.91414136,23.3101
1623801698590000,1,7.27399999,23.3101
1623801801022000,1,10.75172167,23.2333
1623801921232000,1,9.56601668,23.2667
1623802049024000,1,10.65853000,23.2682
1623802174350000,1,10.64713200,23.2823
1623802174562000,1,8.99666753,23.2823
1623802181145000,1,127.72960697,23.2690
1623802736242000,1,21.44149999,23.3087
1623803342461000,1,2.88281669,23.1901
1623805275266000,1,1.55088885,23.0804
1623805562352000,1,3.59044404,22.9975
1623805593448000,0,36.48631000,23.0222
1623806817961000,1,21.82128499,22.8956
1623806817961000,1,11.92668309,22.8913
1623806817961000,1,66.41172252,22.8913
1623806817961000,1,29.81684686,22.8873
1623806818295000,1,20.64044862,22.8819
1623806818348000,1,11.12509542,22.8819
1623806818390000,1,1.56480030,22.8752
1623809789369000,1,64.78878230,23.1406
1623812419203000,1,4.09624865,23.1160
1623812419470000,1,61.24649721,23.1160
1623813649400000,0,17.00410000,23.1801
1623814108631000,1,5.91873279,23.1441
1623814108636000,1,13.56010553,23.1441
1623814129149000,1,63.19075439,23.1357
1623814129196000,1,27.29410469,23.1357
1623814129226000,1,36.12475863,23.1357
1623814166706000,1,10.80842711,23.0933
1623814286741000,1,10.80842711,23.0948
1623814426886000,0,12.95793433,23.1804
1623814427272000,0,10.82494292,23.1890
1623814516304000,0,18.05590000,23.2525
1623814555000000,0,21.12817667,23.3094
1623814561175000,0,1.56480030,23.3125
1623814562184000,0,63.84443365,23.3181
1623814647056000,1,2.17695600,23.2824
1623815241923000,1,17.00410000,23.3063
1623815257032000,0,4.46687118,23.3056
1623815371693000,0,10.72673178,23.3479
1623815371693000,0,2.78866020,23.3479
1623815371804000,0,15.26723980,23.3479
1623815416971000,1,51.11429828,23.3184
1623815427125000,1,6.27736700,23.3059
1623817911907000,0,12.00000000,23.3243
1623819480125000,1,15.61816299,23.3612
1623820447486000,1,15.22944020,23.2726
1623821136420000,1,16.60403380,23.2418
1623821136846000,1,4.90033609,23.2418
1623821482965000,0,1.07606435,23.2886
1623821545140000,1,1.07606435,23.2928
1623821937128000,0,2.00000000,23.3218
1623823584792000,1,100.46021927,23.2831
1623825832096000,0,2.00000000,23.3600
1623826096830000,1,2.00000000,23.4400
1623826812634000,0,12.00000000,23.4558
1623826907594000,0,1.55088885,23.5216
1623827405397000,1,2.00000000,23.4733
1623828370364000,1,2.00000000,23.4200
1623828370364000,1,5.50000000,23.4163
1623828931066000,0,13.82748525,23.4116
1623828931068000,0,3.77280684,23.4116
1623830543139000,1,21.41662726,23.3305
1623830543139000,1,64.22861198,23.3258
1623830543139000,1,300.98200000,23.3159
1623830543139000,1,17.08504136,23.3159
1623830543139000,1,49.89139311,23.3159
1623831901803000,1,6.81360000,23.2911
1623831906491000,1,11.24229436,23.2889
1623831950449000,1,21.50680936,23.2354
1623832712459000,1,7.25966326,23.1327
1623833491593000,1,1.20462000,23.1492
1623833718726000,1,17.53000000,23.1143
1623833742249000,1,1.55088885,23.0804
1623834258924000,0,1.20100000,23.0870
1623834474485000,1,8.38519358,23.0000
1623834515052000,0,21.73920399,23.0156
1623834859036000,1,1.20721000,22.9673
1623834996910000,1,1.56480030,22.8752
1623835306333000,0,6.28770000,22.8949
1623835306370000,0,6.28770000,22.8949
1623835306413000,0,4.77930000,22.8949
1623837608187000,1,21.88479628,22.8374
1623838399712000,0,5.00982286,22.8530
1623838436195000,0,2.70000000,22.8713
1623838700665000,1,11.95719227,22.7994
1623838870923000,1,15.44899739,22.7626
1623839764796000,1,21.96502518,22.7531
1623839971436000,1,31.98660557,22.7422
1623839971840000,1,19.08588249,22.7422
1623839971855000,1,6.60000000,22.7422
1623839972096000,1,12.27926509,22.7422
1623839972823000,1,6.04293988,22.7422
1623839972824000,1,78.37977392,22.7422
1623839972860000,1,26.31782224,22.7422
1623839972941000,1,6.86957274,22.7422
1623839973091000,1,75.44182250,22.7422
1623839973226000,1,24.01095926,22.7422
1623839973242000,1,21.22163320,22.7422
1623839973273000,1,14.44677927,22.7422
1623839973313000,1,13.21002335,22.7422
1623839973364000,1,14.29795875,22.7422
1623839973372000,1,7.78963603,22.7422
1623839973657000,1,88.46081571,22.7422
1623840023396000,1,1.57883613,22.6718
1623840094439000,1,11.44874316,22.6228
1623841048417000,0,2.42856921,22.5936
1623841449565000,1,1.59299841,22.4703
1623841465284000,1,6.10874613,22.3604
1623841465288000,1,15.27194992,22.3562
1623841551033000,1,18.59654000,22.4992
1623842916209000,0,186.47691688,22.3510
1623842916209000,0,22.38819519,22.3510
1623842916308000,1,447.82818330,22.3522
1623842916309000,1,94.49600000,22.3522
1623842916404000,1,22.39140917,22.3522
1623842920179000,1,5.37473678,22.3522
1623842921759000,1,47.36317389,22.3522
1623842921777000,1,7.01709401,22.3522
1623842936587000,0,1.20719000,22.3523
1623843017709000,1,20.19999428,22.3522
1623843020592000,1,22.38946675,22.3522
1623843031078000,1,22.38812239,22.3522
1623843031113000,1,447.80514358,22.3522
1623843031114000,1,94.49600000,22.3522
1623843031649000,1,447.87161296,22.3522
1623843032174000,1,112.33438049,22.3522
1623843109614000,1,1.60728787,22.2705
1623843380606000,1,22.38768162,22.3213
1623843445850000,0,22.37843111,22.3476
1623844287894000,1,10.38650663,22.3573
1623844288125000,1,11.95944983,22.3573
1623844288214000,0,10.38650663,22.3573
1623844655134000,1,1.20857000,22.3312
1623844655134000,1,64.76446176,22.3311
1623844655199000,1,9.00718852,22.3311
1623844655248000,1,10.00000000,22.3311
1623844655332000,1,9.00000000,22.3311
1623844655440000,1,9.48292162,22.3311
1623845762033000,0,3.62920214,22.2446
1623845762091000,0,25.00881452,22.2446
1623845762117000,0,40.87136534,22.2446
1623845762134000,0,21.09615808,22.2446
1623845762258000,0,9.88760363,22.2446
1623845862720000,1,22.55141870,22.1591
1623846653491000,0,1.20857000,22.1734
1623846974765000,0,1.02000000,22.2175
1623846980308000,1,1.00000000,22.1899
1623847043201000,0,1.18000000,22.2177
1623847047195000,1,1.00000000,22.1747
1623847116602000,1,0.20855000,22.1747
1623847225681000,0,21.39516399,22.1638
1623847589551000,0,2.24123486,22.3091
1623849180284000,1,0.91077000,22.2888
1623849488768000,0,14.88356616,22.2822
1623849503080000,0,2.11659000,22.2900
1623850584229000,1,22.40935644,22.3026
1623850735967000,0,21.09133300,22.3623
1623852552567000,0,22.38527005,22.3547
1623854652082000,0,22.32759531,22.4075
1623854803712000,1,0.90824000,22.3509
1623854999920000,1,38.55034934,22.3036
1623855009664000,0,0.91186000,22.3165
1623855067299000,1,0.91015000,22.3039
1623855371649000,1,1.62170522,22.0725
1623857324829000,0,0.91016000,22.0132
1623857455352000,0,1.00000000,22.0153
1623858201114000,1,0.92271000,22.0003
1623858284134000,0,22.67287843,22.0528
1623858481283000,1,0.92204000,22.0164
1623859252832000,0,67.50000049,22.0240
1623859263555000,0,28.94755900,22.0450
1623859264051000,0,19.22149981,22.0450
1623859911581000,1,0.90611000,22.3360
1623859911581000,1,7.71937571,22.3360
1623859912184000,1,2.74533000,22.3360
1623859928097000,0,22.00000000,22.3414
1623860010804000,0,8.81265824,22.3856
1623860062684000,0,22.36094252,22.3764
1623860062684000,0,4.05047023,22.3830
1623860282532000,0,22.35730704,22.3768
1623860282532000,0,44.66802251,22.3810
1623860283588000,1,0.90446000,22.3768
1623860664509000,0,0.90999000,22.2339
1623860664509000,0,21.59430095,22.2340
1623860693557000,1,0.91028000,22.2339
1623860705186000,1,0.91157000,22.2023
1623860782011000,1,0.91434000,22.1350
1623860899330000,0,17.70530000,22.1080
1623860899330000,0,4.29470000,22.1080
1623860905780000,0,22.00000000,22.0960
1623862036036000,1,0.92170000,21.9582
1623862145432000,1,0.92251000,21.9390
1623862145432000,1,12.13016455,21.9390
1623862153859000,1,10.00000000,21.9355
1623862199939000,1,0.92459000,21.8898
1623862199939000,1,22.82773724,21.8898
1623862200065000,1,0.92459000,21.8898
1623862244812000,1,1.63625191,21.8763
1623862305878000,1,0.92572000,21.8630
1623862305878000,1,10.50218795,21.8630
1623862390756000,1,7.73826292,21.7971
1623862426083000,1,11.42790795,21.8500
1623862575506000,1,0.92614000,21.8530
1623862575506000,1,49.63462613,21.8530
1623863736346000,0,113.13752998,22.0970
1623863775481000,1,0.91803000,22.0460
1623863775481000,1,22.67350589,22.0435
1623863775481000,1,30.23083284,22.0299
1623864292275000,0,1.00000000,21.9485
1623864393908000,1,0.92054000,21.9860
1623864394132000,1,7.40000000,21.9856
1623864394133000,1,12.99999901,21.9856
1623864948448000,0,0.91955000,22.0760
1623865235298000,1,0.91693000,22.0726
1623866449561000,1,17.00410000,21.9799
1623866536504000,0,451.24261904,22.1373
1623866558542000,0,1.63625191,22.2945
1623866855916000,1,17.07373319,22.4390
1623867036996000,1,17.17940000,22.2064
1623867258584000,0,0.91998000,22.0656
1623867258584000,0,17.53000000,22.0656
1623867397310000,0,0.91971000,22.0720
1623867676873000,1,9.66768225,21.9122
1623867677060000,0,0.92000000,21.9217
1623868644984000,1,10.15211400,22.0571
1623868644984000,1,22.65874734,22.0571
1623868724347000,0,0.91864000,22.0978
1623868724347000,0,54.51222656,22.0978
1623870049629000,0,0.91322000,22.2290
1623870066955000,0,102.20795958,22.2536
1623870444420000,0,0.90921000,22.3269
1623870444505000,1,0.90921000,22.3269
1623870449507000,1,6.98061741,22.3269
1623870458661000,1,16.71156174,22.3269
1623870481179000,0,67.01835095,22.3328
1623870483587000,1,22.40231073,22.3328
1623870483776000,1,281.29814108,22.3328
1623870731333000,0,0.90889000,22.3348
1623870731333000,0,22.40389956,22.3349
1623870803656000,0,22.42603117,22.3095
1623871144291000,0,0.90876000,22.3380
1623871223008000,0,0.90936000,22.3232
1623871223008000,0,3.71255052,22.3232
1623871223555000,0,4.61753045,22.3232
1623872189282000,0,0.90722000,22.3760
1623872189282000,0,97.41240857,22.3760
1623872957247000,0,0.90856000,22.3429
1623872957323000,1,0.90856000,22.3429
1623872957682000,1,8.59377023,22.3429
1623880433880000,0,3.36185229,22.2410
1623881842976000,0,21.06553119,22.1644
1623881938077000,0,5.28746698,22.1343
1623884431416000,1,2.70445452,21.9399
1623884641388000,1,1.63625191,21.8763
1623884990656000,1,1.00445805,21.8526
1623885273818000,0,22.92536875,21.8099
1623885348656000,1,0.93304000,21.6914
1623885348656000,1,23.03410267,21.6881
1623885348656000,1,1.65092866,21.6818
1623885363166000,1,0.93320000,21.6878
1623885363166000,1,23.03433517,21.6877
1623885363301000,0,23.03433517,21.6838
1623885391772000,1,0.93195000,21.7168
1623885391772000,1,23.01053842,21.7168
1623885391872000,0,23.01053842,21.7152
1623885399786000,1,0.93186000,21.7189
1623885399786000,1,23.00827113,21.7189
1623885429802000,1,0.93319000,21.6880
1623885429802000,1,17.70530000,21.6880
1623885593975000,0,12.95428983,21.8037
1623887281223000,1,0.93222000,21.7106
1623887281223000,1,20.17905730,21.7106
1623887612338000,0,22.77710652,21.7468
1623887612338000,0,0.21552527,21.7468
1623887623362000,1,0.93090000,21.7414
1623887623362000,1,22.98371376,21.7414
