timestamp ms,type,amount,price
1626307431216000,0,10.65297105,17.8510
1626307431235000,0,17.00000000,17.8510
1626307431241000,0,21.05405483,17.8510
1626307606372000,0,17.21446943,17.8298
1626307711483000,1,11.40000000,17.6780
1626308157740000,0,140.09340000,17.5640
1626308157740000,0,46.46847851,17.5649
1626308464722000,1,49.13280000,17.6530
1626309012424000,1,68.83470954,17.7530
1626309012431000,1,43.67029046,17.7530
1626309168399000,0,24.83050000,17.6880
1626309168446000,0,5.00000000,17.6880
1626309168499000,0,70.89803036,17.6880
1626309168502000,0,12.32026964,17.6880
1626309168790000,0,79.11546649,17.6890
1626309168869000,0,31.17837855,17.6951
1626309172906000,1,44.08690001,17.6730
1626309575578000,0,87.36300002,17.7343
1626309638236000,0,73.62734423,17.7060
1626309648023000,0,7.76465936,17.7170
1626309648152000,0,75.84171280,17.7170
1626309665828000,0,27.51868948,17.7390
1626309665854000,0,56.00000000,17.7390
1626309713242000,0,84.28710539,17.7920
1626309730624000,0,20.80030848,17.7920
1626309939859000,0,83.30582161,17.8215
1626309940105000,0,21.71305011,17.8215
1626310059097000,0,37.59998152,17.7960
1626310397829000,1,40.99493051,17.8840
1626310526222000,0,27.69875029,17.9030
1626310864432000,0,98.80461011,18.1740
1626310955889000,0,62.42164255,18.2170
1626310972276000,0,1.62765862,18.2369
1626310980452000,0,5.28132128,18.2580
1626311044000000,0,15.93999169,18.2230
1626311140653000,0,47.94561347,18.2180
1626311141221000,0,29.94181456,18.2200
1626311141316000,0,9.74005009,18.2200
1626311141369000,0,43.45488841,18.2200
1626311141435000,0,9.47080547,18.2200
1626311141709000,0,16.99204147,18.2200
1626311141856000,0,3.26257296,18.2349
1626311267958000,0,43.30000000,18.2360
1626311268009000,0,30.58104506,18.2360
1626311268021000,0,35.74615494,18.2360
1626311291687000,0,30.28809792,18.2650
1626311300052000,0,7.99430633,18.2908
1626311368412000,0,56.88375476,18.2870
1626311368885000,0,52.27304524,18.2870
1626311642317000,1,22.83224417,18.2800
1626311642369000,1,7.99999999,18.2800
1626311642430000,1,78.47935584,18.2800
1626311660837000,1,58.18975700,18.2632
1626311787619000,0,116.26865769,18.2558
1626311787627000,0,181.42209209,18.2558
1626311831579000,0,80.92055309,18.2800
1626311831605000,0,26.04910065,18.2800
1626311847065000,0,24.07728969,18.3233
1626311847110000,0,5.45654949,18.3233
1626311847144000,0,28.91971233,18.3233
1626312184845000,0,19.64382042,18.3470
1626312251141000,1,3.00000000,18.3002
1626312546390000,0,27.44825461,18.2310
1626312546400000,0,27.44825461,18.2310
1626312546424000,0,21.40270003,18.2310
1626312546588000,0,17.00514200,18.2310
1626312547187000,0,28.77492000,18.2530
1626312547220000,0,9.32273101,18.2530
1626312547441000,0,16.99307537,18.2530
1626312547574000,0,16.62856146,18.2530
1626312547614000,0,9.21968266,18.2530
1626312743307000,1,56.73459762,18.2110
1626312743355000,1,23.04750577,18.2110
1626312743357000,1,29.66259661,18.2110
1626312743357000,1,14.00000000,18.2101
1626313185176000,0,6.47561019,18.2740
1626313767807000,0,81.56937012,18.2881
1626313768065000,0,6.08171368,18.2881
1626313768191000,0,15.95683788,18.2881
1626314211415000,1,13.81600000,18.1230
1626315167623000,0,17.74684119,18.2050
1626315167644000,0,5.00000286,18.2050
1626315168196000,0,37.14914734,18.2190
1626315168281000,0,15.00584837,18.2190
1626315220930000,0,109.82300000,18.2190
1626315221902000,0,6.48509228,18.2301
1626315221973000,0,6.27821816,18.2301
1626316141592000,0,32.70857411,18.0160
1626316141630000,0,32.77359004,18.0160
1626317768633000,1,69.52291355,17.8740
1626318685000000,1,82.94094330,17.7980
1626318685052000,1,29.01895670,17.7980
1626318979767000,0,17.00000011,17.8130
1626318979840000,0,82.99054493,17.8130
1626318979843000,0,6.67713820,17.8130
1626319571806000,1,52.96402312,17.8280
1626319571815000,1,13.12746015,17.8280
1626320453039000,0,32.21913893,17.8190
1626320643140000,1,9.96276552,17.8210
1626321635507000,0,103.72904612,17.8955
1626321778202000,1,94.49600000,17.6950
1626321906730000,0,141.21664501,17.6560
1626322329107000,1,107.22104452,17.6800
1626323336590000,1,10.68745000,17.7600
1626323336620000,1,33.79653576,17.7600
1626323590599000,1,84.10576212,17.7460
1626323590616000,1,27.48363277,17.7460
1626323590920000,1,0.77540511,17.7460
1626323590920000,1,15.66848957,17.7454
1626323591068000,1,83.96305625,17.7454
1626323661626000,1,36.32634969,17.7390
1626324601622000,1,8.67093796,17.6690
1626324601662000,1,50.16700000,17.6690
1626324767210000,1,60.59010536,17.7240
1626325414852000,0,66.99996487,17.6950
1626325901025000,0,71.64302249,17.6630
1626326739390000,0,14.59465826,17.7560
1626327134029000,0,38.67353652,17.7910
1626327134030000,0,33.50240989,17.7910
1626328492320000,0,35.60373056,17.6440
1626328492370000,0,12.81008848,17.6440
1626328492424000,0,10.91830842,17.6440
1626328493478000,0,54.08225504,17.6650
1626328493703000,0,9.07596812,17.6650
1626329218003000,0,17.33503405,17.6490
1626329835193000,0,104.54213446,17.6990
1626329835208000,0,8.49406554,17.6990
1626331116396000,0,113.51880000,17.6020
1626331116396000,0,28.43008128,17.6029
1626331116396000,0,42.87460632,17.6107
1626331116399000,0,41.16785866,17.6107
1626331116399000,0,130.79528624,17.6130
1626331117331000,0,99.86288997,17.6644
1626331234432000,0,113.19770000,17.6530
1626331329837000,0,4.27370392,17.5873
1626331329837000,0,1.13345177,17.5917
1626331347992000,1,11.44811858,17.5380
1626331373840000,0,113.73800000,17.5560
1626331478521000,0,31.11782990,17.5630
1626331478576000,0,82.86197010,17.5630
1626331478576000,0,0.77435967,17.5637
1626331478597000,0,19.48610167,17.5637
1626331478614000,0,24.50000000,17.5637
1626331478629000,0,47.00000000,17.5637
1626331478662000,0,11.98649425,17.5637
1626332006749000,1,7.66384962,17.6190
1626332006774000,1,6.29801890,17.6190
1626332006810000,1,86.76093881,17.6190
1626332006811000,1,12.63659267,17.6190
1626332929295000,0,33.59125269,17.5540
1626332929371000,0,16.38320000,17.5540
1626332929375000,0,64.03614731,17.5540
1626333255002000,0,18.21493624,17.5900
1626333255035000,0,66.59836065,17.5900
1626333255167000,0,28.93110311,17.5900
1626333836394000,1,28.53145328,17.4977
1626333836394000,1,48.00707000,17.4974
1626333836394000,1,22.06097790,17.4969
1626333836394000,1,55.15661042,17.4964
1626333836394000,1,31.87663341,17.4920
1626333836396000,1,82.07616659,17.4920
1626333836396000,1,103.55657842,17.4890
1626333836397000,1,25.12466440,17.4890
1626334095092000,0,22.81177822,17.5450
1626334095115000,0,5.65757729,17.5450
1626334097722000,0,67.38222422,17.5440
1626334222842000,1,78.90008039,17.5517
1626334336033000,1,9.00000000,17.5170
1626334395377000,1,28.55467518,17.4960
1626334395441000,1,28.55467518,17.4960
1626334396183000,1,18.49999392,17.4960
1626335052685000,1,71.84350716,17.5089
1626335053196000,1,6.95604614,17.5000
1626335053207000,1,4.50533037,17.5000
1626335053218000,1,7.00000000,17.5000
1626335053242000,1,13.43579629,17.5000
1626335053260000,1,25.93863437,17.5000
1626335053261000,1,24.82926787,17.5000
1626335053262000,1,20.77790000,17.5000
1626335053263000,1,10.68532496,17.5000
1626335581144000,1,13.80004435,17.4850
1626335638992000,1,84.00000000,17.5130
1626335639029000,1,29.86510000,17.5130
1626335696586000,1,66.62789520,17.4670
1626335833062000,1,113.98850000,17.5210
1626335833062000,1,106.61133794,17.5208
1626335833062000,1,28.52011698,17.5148
1626335833062000,1,2.25668051,17.5091
1626336541654000,0,63.09999999,17.7260
1626336546349000,0,19.85792700,17.7520
1626336546390000,0,42.66924867,17.7520
1626336546448000,0,3.46517300,17.7520
1626337100388000,0,84.45000000,17.6150
1626337100420000,0,29.09140000,17.6150
1626337294535000,0,28.44097847,17.5971
1626337294535000,0,126.57686033,17.6030
1626337294535000,0,113.63300000,17.6030
1626337294535000,0,83.99134267,17.6036
1626337294535000,0,85.31600626,17.6052
1626337294535000,0,216.16067119,17.6059
1626337311932000,0,63.28843016,17.6050
1626337311932000,0,100.22520424,17.6050
1626337686536000,1,11.28185017,17.5800
1626338116524000,0,10.94485503,17.5900
1626338249852000,0,112.84040000,17.6990
1626338327411000,1,9.41282129,17.6930
1626338327418000,1,28.93191271,17.6930
1626340730866000,0,3.18088998,17.8380
1626340730877000,0,11.11938443,17.8380
1626340730890000,0,29.06732500,17.8380
1626340730891000,0,8.73392628,17.8380
1626340730947000,0,19.52000000,17.8380
1626340730951000,0,40.56267431,17.8380
1626340749570000,0,13.69663400,17.8530
1626340749587000,0,10.00000000,17.8530
1626340749631000,0,10.90274933,17.8530
1626340749632000,0,33.64000000,17.8530
1626340798474000,0,53.40797133,17.8780
1626340799364000,0,41.15715466,17.8850
1626342806290000,0,50.00004765,17.7307
1626342806507000,0,75.68827007,17.7307
1626343269755000,1,6.00000000,17.8230
1626343269977000,1,33.39616346,17.8160
1626343388993000,1,9.74956284,17.8670
1626343536527000,0,15.95063900,17.9060
1626343536540000,0,8.11248858,17.9060
1626343536565000,0,15.95063900,17.9060
1626343623164000,1,315.26224164,17.8853
1626344020055000,0,19.69420000,17.9140
1626344776528000,1,53.96521626,17.4801
1626345160162000,1,15.02968507,17.2770
1626345349514000,1,3.32600000,17.3160
1626345538965000,1,90.16026561,17.2800
1626345538966000,1,25.21893439,17.2800
1626345650009000,1,4.59979309,17.2579
1626345650509000,1,3.29749103,17.2579
1626346197779000,1,82.22818997,17.1950
1626346197806000,1,33.70471003,17.1950
1626346333291000,1,58.56076338,17.2370
1626346333314000,1,11.61103000,17.2370
1626346333331000,1,37.72988402,17.2370
1626346333364000,1,7.89622260,17.2370
1626346524694000,1,29.09657485,17.1677
1626348040513000,1,7.05630673,17.0405
1626348042405000,1,88.07396832,17.0405
1626348042414000,1,8.93441462,17.0405
1626348629132000,1,63.56460118,17.0920
1626349197699000,0,3.31129295,17.1800
1626349610667000,0,72.00350174,17.2640
1626349691152000,1,79.71100320,17.2500
1626351064493000,1,20.28299474,17.1436
1626351897072000,1,5.62440092,17.2090
1626351897096000,1,22.33941906,17.2090
1626351897112000,1,23.50702576,17.2090
1626351897115000,1,9.29300670,17.2090
1626351897135000,1,4.63700000,17.2090
1626351897151000,1,22.33435000,17.2090
1626351897246000,1,5.79586922,17.2090
1626351897303000,1,22.50942834,17.2090
1626352023174000,0,5.85480093,17.0960
1626352598372000,0,14.00994143,17.0760
1626352599021000,1,3.31129295,17.0556
1626352621699000,1,61.96514402,17.0900
1626352621763000,1,24.60000000,17.0900
1626352652109000,1,83.02919944,17.0960
1626353194328000,1,30.71421433,17.0770
1626353297651000,0,29.31933593,17.0737
1626353297651000,0,10.74788643,17.0750
1626354006476000,1,24.65477404,17.0700
1626354006491000,1,11.62363044,17.0700
1626354006493000,1,45.54173222,17.0700
1626354006499000,1,7.99999900,17.0700
1626354006529000,1,17.05472170,17.0700
1626354006558000,1,3.46556350,17.0700
1626354006584000,1,6.79457910,17.0700
1626354006584000,1,59.11293087,17.0551
1626354089311000,1,38.64360250,17.0770
1626354089407000,1,34.30363400,17.0770
1626354089417000,1,13.00000000,17.0770
1626354220804000,0,57.45514417,17.1010
1626354220833000,0,7.10092650,17.1010
1626354220836000,0,52.52342933,17.1010
1626354336702000,1,13.69299900,17.1340
1626354336905000,1,48.86222297,17.1340
1626354337000000,1,29.75003495,17.1340
1626354337046000,1,24.28644308,17.1340
1626355465585000,1,3.31772924,17.0297
1626355924120000,1,3.31772924,17.1820
1626356194393000,1,66.00204459,17.1960
1626356273247000,0,3.32129122,17.1563
1626356501103000,0,3.32129122,17.1710
1626356840013000,0,66.00000000,17.2090
1626356840062000,0,86.03100603,17.2099
1626356840070000,0,31.98604245,17.2099
1626356840089000,0,25.04032089,17.2099
1626356840595000,0,21.60000001,17.2120
1626356840597000,0,49.46070000,17.2120
1626356840690000,0,44.99089999,17.2120
1626358017950000,1,63.79249200,17.3330
1626358017957000,1,11.58073115,17.3330
1626358017962000,1,10.94212600,17.3330
1626358017966000,1,28.66045085,17.3330
1626358100639000,0,36.12172755,17.3720
1626359075277000,1,36.04574200,17.1950
1626359122288000,1,28.38292797,17.1790
1626359144156000,1,73.30744110,17.1700
1626359568536000,1,19.20521580,17.1750
1626360382707000,1,41.46451700,17.2320
1626360809682000,1,134.98687036,17.3120
1626360911166000,1,26.30580147,17.2840
1626361635562000,0,78.22771377,17.3680
1626362507107000,0,33.52670074,17.4770
1626362507119000,0,50.59571882,17.4770
1626362507120000,0,8.80000000,17.4770
1626363122438000,0,37.95766996,17.3290
1626363122449000,0,20.40215644,17.3290
1626364885248000,1,20.85947014,17.1996
1626364885388000,1,116.21220000,17.1740
1626364885388000,1,107.95780117,17.1690
1626364885388000,1,86.13843932,17.1689
1626364885388000,1,687.41000000,17.1637
1626364885388000,1,2.28155951,17.1627
1626364886141000,1,4.52508811,17.1679
1626364886141000,1,4.33676777,17.1636
1626364886141000,1,126.12501448,17.1629
1626365449198000,0,57.07824296,17.2480
1626365449212000,0,6.46000000,17.2480
1626365449279000,0,32.24408226,17.2480
1626365449329000,0,20.09057478,17.2480
1626365449329000,0,38.90942522,17.2490
1626367921367000,0,81.10400000,17.1030
1626367921616000,0,5.99886632,17.1030
1626367921738000,1,3.22981301,17.0770
1626367921752000,0,27.26983836,17.1030
1626367921774000,0,2.36759532,17.1030
1626368117550000,0,5.77300000,17.0520
1626368117901000,0,33.60341358,17.0550
1626368117906000,0,24.22700000,17.0550
1626368291469000,1,117.34020000,17.0120
1626368291469000,1,0.65980000,17.0114
1626368423564000,0,27.24500000,17.0660
1626368423637000,0,22.81500000,17.0660
1626368577721000,0,87.92680000,17.0450
1626368577749000,0,12.77623291,17.0450
1626368577821000,0,16.49996709,17.0450
1626368600114000,0,117.50060000,17.0300
1626368600114000,0,56.49940043,17.0309
1626368711589000,0,84.49467638,17.0350
1626369243201000,0,26.31138503,16.9470
1626369399958000,1,79.24723032,16.9180
1626369405278000,0,3.78363268,16.9320
1626369405434000,0,61.24810492,16.9320
1626369405447000,0,28.56000000,16.9320
1626369405449000,0,24.38316240,16.9320
1626369405449000,0,21.54883760,16.9322
1626369516273000,0,23.78200000,16.8930
1626369516327000,0,88.18838970,16.8930
1626369516341000,0,6.27621030,16.8930
1626369704321000,0,8.26462486,16.9470
1626369704324000,0,36.81938391,16.9470
1626369704357000,0,8.85478158,16.9470
1626370438558000,0,4.25533562,17.0093
1626370438558000,0,1.32947001,17.0141
1626370917172000,0,43.18759983,16.9090
1626370917215000,0,45.41504041,16.9090
1626370917233000,0,29.46005976,16.9090
1626371338209000,1,12.43501538,16.8870
1626371338326000,1,9.75648951,16.8870
1626371539323000,0,5.00000000,16.8450
1626371539395000,0,62.94590000,16.8450
1626371539433000,0,30.00000000,16.8450
1626371539464000,0,14.30000000,16.8450
1626371539476000,0,6.55960000,16.8450
1626371539476000,0,7.74040000,16.8462
1626371539654000,0,8.69995831,16.8462
1626371539781000,0,12.74669991,16.8462
1626371540131000,0,8.99994978,16.8462
1626371540673000,0,10.00000000,16.8462
1626371554629000,0,89.00000000,16.8610
1626371584859000,1,29.68625814,16.8240
1626371584859000,1,88.97940208,16.8222
1626371584859000,1,118.57890000,16.8180
1626371584859000,1,16.85461100,16.8172
1626371775833000,0,10.70903294,16.9120
1626371775991000,0,89.17770894,16.9120
1626372218991000,0,117.39350000,17.0330
1626372218991000,0,87.99244772,17.0333
1626372774474000,0,25.27175173,17.0180
1626373008611000,0,19.77970938,17.1160
1626373008630000,0,32.07835398,17.1160
1626373356835000,1,94.03343017,17.0630
1626373429308000,1,11.57609249,17.0294
1626373429311000,1,35.85272088,17.0294
1626373429585000,1,68.33916948,17.0090
1626373429638000,1,48.87993052,17.0090
1626373518790000,1,3.50782069,17.0100
1626375685592000,1,84.87454564,17.0570
1626376900561000,1,84.29096862,17.0850
1626379028381000,0,5.21182726,17.1130
1626381087060000,1,2.04394999,17.1697
1626381087106000,1,0.00000001,17.1697
1626381098284000,0,29.14441744,17.1696
1626385462779000,1,29.13901805,17.1443
1626385464855000,1,4.71817048,17.1059
1626385464945000,1,9.29318516,17.1059
1626385464945000,1,14.11884934,17.1059
1626385465076000,1,4.05315963,17.1059
1626387010998000,0,25.89273409,17.1800
1626387314443000,0,42.70237450,17.1900
1626387462123000,0,60.39182792,17.1760
1626387462187000,0,6.41710675,17.1760
1626387608411000,0,39.65173324,17.1930
1626387613745000,0,15.69949994,17.1930
1626387888641000,1,22.25111945,17.1400
1626387888641000,1,57.67554565,17.1400
1626387888662000,1,17.49679225,17.1400
1626387888811000,1,23.61985460,17.1400
1626387888814000,1,17.49120750,17.1400
1626387936229000,0,8.00000000,17.1550
1626388835523000,0,24.00089788,17.1890
1626388835579000,0,23.00000000,17.1890
1626388835655000,0,6.89666174,17.1890
1626388835655000,0,15.00000000,17.1890
1626390082663000,1,32.00000000,17.1540
1626390082663000,1,24.00000000,17.1540
1626392275396000,1,94.49600000,17.0350
1626392275629000,1,34.51055806,17.0300
1626392275766000,1,33.05577794,17.0300
1626392275839000,1,49.51396400,17.0300
1626392276082000,1,24.92139063,17.0270
1626392486152000,1,118.19470000,16.8950
1626393224101000,0,15.46300468,16.9190
1626393556517000,0,87.21101795,17.0790
