timestamp ms,type,amount,price
1626912497904000,0,81.92990238,16.7031
1626912497963000,0,13.19023922,16.7031
1626912498053000,0,11.59553219,16.7031
1626912537539000,0,599.11870458,16.6950
1626913816292000,0,15.20144198,16.9316
1626913816305000,0,12.97752111,16.9316
1626913816619000,0,23.54393213,16.9316
1626913816703000,0,28.41669594,16.9316
1626914347410000,0,14.10011850,16.7650
1626914347427000,0,40.48880052,16.7650
1626914571330000,0,13.21221549,16.7573
1626914571567000,0,7.35551078,16.7630
1626914571604000,0,11.31553017,16.7630
1626914571708000,0,23.00000000,16.7630
1626914604068000,0,40.61183591,16.7980
1626914742773000,0,1.25688293,16.7080
1626916143325000,1,1.25688293,16.4925
1626916852126000,1,410.04000000,16.4667
1626916852995000,1,9.42361562,16.4667
1626916853008000,1,7.24731111,16.4667
1626916853113000,1,11.59692583,16.4667
1626916853166000,1,119.67359597,16.4667
1626916853327000,1,96.17993802,16.4667
1626916853607000,1,18.23431872,16.4667
1626916853739000,1,93.46935133,16.4667
1626916855170000,1,102.51000000,16.4667
1626916856219000,1,25.63000000,16.4667
1626916858316000,1,6.41000000,16.4667
1626916858569000,1,90.85323644,16.4667
1626916858619000,1,91.40000000,16.4667
1626916858631000,1,12.40377034,16.4667
1626916858633000,1,30.00000000,16.4667
1626916858670000,1,6.59792800,16.4667
1626916858726000,1,332.41481151,16.4667
1626916858748000,1,91.19649805,16.4667
1626916858849000,1,91.56393443,16.4667
1626916858983000,1,9.11130000,16.4667
1626916858996000,1,99.04443227,16.4667
1626916858997000,1,17.00000000,16.4667
1626916858999000,1,120.55895348,16.4667
1626916859017000,1,94.49600000,16.4667
1626916859114000,1,34.97690000,16.4667
1626916859131000,1,34.77468641,16.4667
1626916859132000,1,20.00000000,16.4667
1626916859140000,1,76.90770760,16.4667
1626916859144000,1,145.21297515,16.4667
1626916859148000,1,64.26614329,16.4667
1626916859160000,1,14.48800596,16.4667
1626916859161000,1,10.45720000,16.4667
1626916859216000,1,108.77601564,16.4667
1626916859218000,1,54.70534971,16.4667
1626916859257000,1,89.40919421,16.4667
1626916859263000,1,36.46792820,16.4667
1626916859277000,1,68.08896915,16.4667
1626916859278000,1,89.79000000,16.4667
1626916859298000,1,41.92054715,16.4667
1626916859300000,1,42.00000000,16.4667
1626916859300000,1,84.29999999,16.4667
1626916859302000,1,21.00000000,16.4667
1626916859322000,1,34.04183812,16.4667
1626916859332000,1,0.24388119,16.4667
1626916859332000,1,27.75611881,16.4616
1626916859338000,1,7.80000000,16.4616
1626916859340000,1,8.03425704,16.4616
1626916859376000,1,184.02846158,16.4616
1626916859403000,1,44.60000000,16.4616
1626916859411000,1,125.81906607,16.4616
1626916859427000,1,32.74847814,16.4616
1626916859430000,1,58.49328699,16.4616
1626916859443000,1,422.16744813,16.4616
1626916859449000,1,184.98131308,16.4616
1626916859457000,1,296.46312761,16.4616
1626916859462000,1,6.44161452,16.4616
1626916859475000,1,78.57195666,16.4616
1626916859500000,1,49.31846736,16.4616
1626916859500000,1,103.16161915,16.4616
1626916859502000,1,60.83770170,16.4616
1626916859503000,1,36.29280693,16.4616
1626916859511000,1,52.27080402,16.4616
1626916859514000,1,58.31181628,16.4616
1626916859523000,1,60.86181468,16.4616
1626916859578000,1,10.69133053,16.4616
1626916859589000,1,8.21969076,16.4616
1626916859601000,1,86.88621716,16.4616
1626916859608000,1,17.45420368,16.4616
1626916859611000,1,29.56710109,16.4616
1626916859617000,1,39.50038214,16.4616
1626916859643000,1,29.61899913,16.4616
1626916859669000,1,63.85908411,16.4616
1626916859756000,1,57.55555071,16.4616
1626916859764000,1,243.01241893,16.4616
1626916859769000,1,94.49600000,16.4616
1626916859805000,1,90.57248545,16.4616
1626916859824000,1,66.87336319,16.4616
1626916859832000,1,18.93806185,16.4616
1626916859912000,1,38.87991438,16.4616
1626916860093000,1,8.76348204,16.4616
1626916860361000,1,77.69884811,16.4616
1626916860381000,1,35.15298224,16.4616
1626916860607000,1,7.54284411,16.4616
1626916860611000,1,18.43931135,16.4616
1626916860655000,1,29.10035867,16.4616
1626916860694000,1,15.17257503,16.4616
1626916860732000,1,18.30157765,16.4616
1626916860753000,1,49.29237926,16.4616
1626917755559000,1,30.17515181,16.5589
1626917755680000,1,4.06876989,16.5589
1626917755680000,1,26.10638192,16.5589
1626917756497000,1,45.75102606,16.5480
1626917756555000,1,18.20000000,16.5480
1626918063701000,1,30.41038792,16.4207
1626918063704000,1,0.00000001,16.4207
1626918416597000,0,1.93669000,16.5152
1626919305015000,0,22.99065019,16.4850
1626921697153000,0,30.47469373,16.3657
1626921799070000,0,29.67307127,16.3690
1626921912434000,0,22.00000000,16.3820
1626921912479000,0,91.63518657,16.3820
1626922234540000,0,8.53921097,16.3460
1626922234652000,0,10.87177000,16.3460
1626922234710000,0,8.00000000,16.3460
1626923276911000,0,8.70443865,16.4871
1626923372285000,0,18.72600059,16.4688
1626923372286000,0,7.10789366,16.4688
1626923541201000,0,7.45653846,16.5000
1626924094666000,1,43.21086999,16.4612
1626924095058000,1,17.28271903,16.4601
1626924502413000,1,10.04961402,16.4159
1626925816810000,1,30.27436453,16.5048
1626925883607000,0,46.68658411,16.5300
1626925883694000,0,8.00000000,16.5300
1626926028735000,1,28.24924690,16.5032
1626927818893000,0,30.00384011,16.6659
1626927818962000,1,6.00027241,16.6659
1626927840032000,1,9.24675141,16.6342
1626927840440000,1,89.12391666,16.6342
1626928010119000,0,6.27814220,16.6820
1626928010160000,0,92.67337668,16.6820
1626929826387000,1,70.53291536,16.5937
1626929826581000,1,52.60274513,16.5937
1626929829860000,1,62.00065335,16.5937
1626929885671000,1,50.91859600,16.5965
1626930430081000,1,3.61449000,16.5587
1626930558098000,1,2.18790000,16.5303
1626931263719000,1,30.35924043,16.4541
1626931540909000,0,23.00839857,16.4410
1626935423030000,0,4.53926497,16.4108
1626935423030000,0,25.92500506,16.4130
1626937224703000,0,12.62919905,16.5275
1626938311292000,0,30.02330574,16.6695
1626938311292000,0,119.70540000,16.6730
1626938311292000,0,0.27129426,16.6751
1626938965408000,1,94.49600000,16.7218
1626938965480000,1,57.97192000,16.7218
1626941050350000,1,30.29556845,16.5103
1626941657893000,0,18.05288773,16.6178
1626948990194000,1,30.65043300,16.2988
1626948990914000,1,122.39860000,16.2880
1626951541136000,1,24.24869764,16.3613
1626953058757000,1,30.79157243,16.2255
1626953059480000,1,30.46427003,16.2255
1626953377963000,1,30.68081159,16.2863
1626953377963000,1,44.89733875,16.2790
1626953437669000,1,30.66075512,16.2971
1626953437669000,1,7.12832004,16.2928
1626953439688000,1,28.34180638,16.2971
1626953655713000,1,4.72363440,16.3354
1626955315052000,1,3.54272579,16.3376
1626956766456000,1,35.53706166,16.1602
1626960590452000,0,147.29430000,16.5480
1626962136257000,1,6.50000000,16.4729
1626964216925000,1,10.24699195,16.5270
1626964217478000,1,81.80000000,16.5270
1626965392175000,0,23.00000000,16.5985
1626965392176000,0,11.51418982,16.5985
1626966046346000,1,22.09102100,16.6822
1626966699036000,0,27.91760000,16.7160
1626967597529000,0,300.98200000,16.8549
1626967597529000,0,29.69838212,16.8549
1626967597614000,1,29.69838212,16.8549
1626967597771000,1,117.22000000,16.8549
1626967600954000,1,29.30000000,16.8549
1626967602042000,1,7.33000000,16.8549
1626967607067000,1,94.49600000,16.8549
1626967615686000,1,525.28299135,16.8549
1626968197935000,0,118.21900000,16.9020
1626968197935000,0,29.60325387,16.9027
1626968197951000,0,87.40131488,16.9048
1626968197951000,0,61.59868512,16.9135
1626968198398000,0,1.53000000,16.9430
1626968329941000,0,87.61933279,17.0473
1626968421456000,0,20.21880776,17.0170
1626968899264000,0,50.00000000,17.2310
1626969403933000,0,50.00000000,17.2770
1626969487298000,0,4.55465313,17.2985
1626969487298000,0,15.68679604,17.2986
1626969579546000,0,54.21206506,17.2990
1626969579612000,0,14.26545394,17.2990
1626969579632000,0,33.17617600,17.2990
1626969579649000,0,13.73340500,17.2990
1626969579649000,0,35.26659500,17.3000
1626969579724000,0,13.73340500,17.3000
1626969598022000,0,28.81453779,17.3817
1626969598027000,0,0.00000001,17.3817
1626969800337000,1,28.72555390,17.3836
1626969800337000,1,102.17577004,17.3810
1626970030068000,1,102.48393276,17.1908
1626970048879000,1,48.83297000,17.2015
1626970048879000,1,53.65096276,17.2015
1626970238658000,1,28.95671999,17.2540
1626970687941000,1,14.49142629,17.1704
1626970926020000,1,10.01053573,17.1568
1626971225584000,1,12.86611802,17.1834
1626971549978000,1,12.22774585,17.2594
1626972812380000,1,28.79225662,17.3548
1626973323024000,0,5.51352632,17.3160
1626973323125000,0,12.00000000,17.3160
1626973829753000,1,28.79220102,17.3552
1626974373208000,0,28.74685406,17.4110
1626974373300000,0,220.70111758,17.4110
1626974892365000,0,3.12585159,17.4672
1626975115434000,1,15.73039392,17.4031
1626975115434000,1,15.71175508,17.3940
1626975115502000,1,10.23472124,17.3940
1626975115512000,1,37.10000000,17.3940
1626975115578000,1,7.82451904,17.3940
1626975115658000,1,14.09018007,17.3940
1626975115684000,1,5.04682457,17.3940
1626975189393000,1,14.35779039,17.4296
1626975469325000,0,4.11107281,17.4675
1626975990033000,0,1.84991315,17.5089
1626977104275000,1,3.36348219,17.3810
1626977901417000,1,19.84329839,17.4160
1626977901437000,1,8.84694194,17.4160
1626978808919000,1,3.62510433,17.3575
1626979086529000,0,17.02858987,17.3900
1626980112380000,1,79.80601154,17.4620
1626980192708000,0,28.08058165,17.4613
1626980232773000,1,90.57975577,17.4450
1626980233506000,1,86.00000070,17.4340
1626980379633000,1,17.24474649,17.4390
1626980379718000,1,17.76911612,17.4390
1626980431431000,0,28.66758410,17.4542
1626980431431000,0,300.98200000,17.4587
1626980431431000,0,77.24337470,17.4588
1626980508789000,0,3.72000000,17.5000
1626980547302000,0,0.00826923,17.5000
1626980928547000,0,28.02653415,17.4962
1626981240525000,0,28.09663462,17.4508
1626981856986000,0,28.52882424,17.5424
1626981856986000,0,83.29455946,17.5457
1626982069363000,1,12.00000000,17.4724
1626982069368000,1,4.59392137,17.4724
1626982211564000,0,28.03667667,17.4901
1626982310763000,0,28.07817944,17.4639
1626982409844000,0,26.55219229,17.4490
1626982696107000,0,28.58000000,17.5023
1626982767645000,0,28.53502815,17.5360
1626982767645000,0,109.39114499,17.5398
1626982884504000,0,27.97500632,17.5254
1626983016719000,1,28.55913489,17.4970
1626983108104000,0,28.59805396,17.4932
1626983108104000,0,192.07518093,17.5006
1626983108104000,0,79.42401296,17.5006
1626983850730000,0,28.01140899,17.5070
1626984103298000,1,40.29008864,17.5230
1626984103298000,1,32.18063508,17.5230
1626984103330000,1,49.69697759,17.5230
1626984273977000,0,27.83862163,17.6137
1626984442521000,1,83.79792728,17.5570
1626984547698000,1,22.71447956,17.5100
1626984547698000,1,85.52109465,17.5099
1626984547698000,1,76.01268012,17.5086
1626984547699000,1,10.40465439,17.5086
1626984547699000,1,56.79950679,17.5019
1626984547699000,1,37.69939116,17.4981
1626984547848000,1,22.71447956,17.4981
1626984547848000,1,43.26032727,17.4981
1626984548086000,1,22.71447956,17.4871
1626984781623000,1,41.38085626,17.4750
1626984781823000,1,44.50000000,17.4750
1626984901439000,0,28.60330526,17.4968
1626984901439000,0,131.67784780,17.5028
1626984901439000,0,85.80162818,17.5028
1626984901439000,0,31.69742692,17.5032
1626985122436000,0,83.10683389,17.5975
1626985236728000,1,94.49600000,17.5780
1626985236988000,1,7.16250000,17.5590
1626985236995000,1,84.80000000,17.5590
1626985237009000,1,85.25717235,17.5590
1626985237010000,1,56.75447600,17.5590
1626985237302000,1,42.33269633,17.5583
1626985237341000,1,25.36338746,17.5583
1626985526509000,0,85.60310617,17.5315
1626985526509000,0,26.26103890,17.5315
1626986063036000,1,60.18399105,17.4610
1626986063138000,1,8.43876571,17.4610
1626986063411000,1,85.44214879,17.4590
1626986159201000,1,45.99043040,17.4660
1626986228481000,1,16.92880043,17.4860
1626986228665000,1,40.77862049,17.4860
1626986228678000,1,11.64153800,17.4860
1626986235501000,0,98.23585060,17.4998
1626986235501000,0,26.02814940,17.4998
1626986245890000,1,30.85183010,17.4780
1626986245920000,1,30.35388042,17.4780
1626986246558000,1,23.48130374,17.4780
1626986889730000,0,27.91901498,17.5645
1626986959771000,1,18.11449976,17.5360
1626987028104000,1,85.25002861,17.5075
1626987476577000,0,28.05081086,17.4821
1626987570391000,0,28.06898542,17.4688
1626988024099000,0,27.96096662,17.5374
1626988086863000,1,24.33606145,17.5200
1626988237462000,0,14.26939824,17.5308
1626988237462000,0,28.53809575,17.5308
1626988237462000,0,81.91341247,17.5382
1626988332791000,1,11.43927400,17.4740
1626988455674000,0,28.01549892,17.5025
1626988652451000,0,28.53345195,17.5383
1626988652451000,0,84.55571978,17.5429
1626988652451000,0,81.64957355,17.5432
1626988906766000,0,21.65800000,17.5410
1626989185342000,0,28.57000000,17.5110
1626989186403000,0,0.00171545,17.5110
1626989186403000,0,28.56828455,17.5110
1626989188194000,0,0.00343090,17.5110
1626989188194000,0,28.56656910,17.5110
1626989190183000,0,0.00514635,17.5110
1626989190183000,0,28.56485365,17.5110
1626989192189000,0,0.00686180,17.5110
1626989192189000,0,28.56313820,17.5110
1626989224447000,0,0.00857725,17.5110
1626989224447000,0,28.57142275,17.5110
1626989225189000,0,0.00029270,17.5110
1626989225189000,0,55.95970730,17.5122
1626989226240000,0,28.57000000,17.5110
1626989228201000,0,0.00171545,17.5110
1626989228201000,0,28.56828455,17.5110
1626989228599000,0,0.00343090,17.5110
1626989228599000,0,57.53656910,17.5131
1626989246449000,0,28.56000000,17.5172
1626989267410000,0,0.00041659,17.5172
1626989268414000,0,28.53000000,17.5367
1626989269448000,0,0.00102977,17.5367
1626989269448000,0,28.52897023,17.5367
1626989286340000,0,0.00205954,17.5367
1626989286340000,0,28.52794046,17.5367
1626989288868000,0,0.00308931,17.5367
1626989288868000,0,28.52691069,17.5367
1626989336649000,0,0.00411908,17.5367
1626989336649000,0,27.94934647,17.5431
1626989685922000,0,27.94212063,17.5497
1626989938426000,0,0.57024736,17.5497
1626989938426000,0,52.45184911,17.5498
1626989938426000,0,82.78868963,17.5498
1626990004907000,0,28.52611061,17.5381
1626990004907000,0,53.79388939,17.5408
1626990093302000,0,28.50329678,17.5615
1626990093302000,0,4.03270322,17.5664
1626990170557000,0,85.96916099,17.5615
1626990170557000,0,28.50329678,17.5615
1626990170557000,0,81.55098474,17.5695
1626990261657000,0,28.42453787,17.6099
1626990261657000,0,85.26863084,17.6182
1626990261657000,0,10.26038297,17.6245
1626990585145000,1,32.01161442,17.4870
1626990818578000,0,5.68400000,17.4715
1626990856799000,1,48.36141000,17.3692
1626990906683000,1,28.82550270,17.3270
1626990906689000,1,22.68001251,17.3270
1626991134817000,1,59.90200000,17.3320
1626991198481000,1,30.63128732,17.2580
1626991198827000,1,20.21880776,17.2405
1626991389023000,0,28.74993401,17.4023
1626991389023000,0,83.46810281,17.4036
1626991393673000,1,14.38627020,17.3777
1626991604431000,0,28.20967827,17.3828
1626991754730000,0,28.75622150,17.3980
1626991754730000,0,84.05014369,17.4006
1626991790012000,0,28.18109707,17.3980
1626991891647000,0,28.74778419,17.4046
1626991891647000,0,83.09302182,17.4061
1626992158192000,0,28.24688238,17.3563
1626992228172000,1,84.99999999,17.3230
1626992228271000,1,9.77408719,17.3230
1626992229055000,1,3.47712791,17.3064
1626992229148000,1,25.49256916,17.3064
1626992293757000,1,4.46711098,17.2882
1626992293757000,1,9.98422386,17.2850
1626992375536000,1,32.89151793,17.2490
1626992413879000,1,14.47260942,17.2916
1626992534100000,1,14.47109312,17.2390
1626992774156000,1,14.50199286,17.2300
1626992786524000,1,87.00000000,17.2300
1626992786525000,1,32.42999999,17.2300
1626992860344000,0,14.47000000,17.2348
1626993096700000,0,28.87467875,17.3308
1626993096700000,0,84.20338420,17.3319
1626993475792000,1,2.74971341,17.3000
1626993613418000,0,28.33016952,17.3050
1626993769993000,0,28.32708737,17.3081
1626993870924000,0,28.91595167,17.3034
1626994537311000,0,28.82346187,17.3579
1626995238362000,0,28.89451797,17.3135
1626995238362000,0,86.71280126,17.3277
1626995238362000,0,70.46125104,17.3340
1626995238437000,1,28.88706383,17.3266
1626995461531000,0,5.26284000,17.3999
1626995574948000,0,28.19832466,17.3874
1626995692519000,1,8.10000000,17.3870
1626995726905000,0,6.48784706,17.4124
1626995818123000,0,28.70008638,17.4321
1626995886819000,0,28.09441648,17.4515
1626996376066000,0,28.59770078,17.4971
1626996376066000,0,83.51735686,17.5043
1626996379147000,1,162.89983517,17.4800
1626996667329000,1,85.79764966,17.4690
1626996667524000,1,38.22089300,17.4690
1626996667731000,1,74.54082057,17.4610
1626996667746000,1,42.53764338,17.4610
1626996667783000,1,83.31044261,17.4610
1626996716340000,0,20.81758308,17.4849
1626997179248000,1,43.64140173,17.5510
1626997179428000,1,10.07885696,17.5510
1626997257674000,0,27.88632827,17.5850
1626997509565000,1,38.74975069,17.5710
1626997509592000,1,10.15924355,17.5710
1626997509592000,1,25.94075644,17.5650
1626997509595000,1,35.82990303,17.5650
1626997812301000,0,28.45852721,17.5818
