timestamp ms,type,amount,price
1622505664991000,1,200.00000000,1.0327
1622505664991000,1,13247.84009024,1.0327
1622505682387000,1,1140.36829363,1.0373
1622505682387000,1,208.38712000,1.0370
1622505682387000,1,13.10834015,1.0370
1622505683370000,1,1570.46963101,1.0370
1622505699975000,1,1140.36829363,1.0409
1622505699975000,1,199.99999999,1.0405
1622505701777000,1,230.32809224,1.0405
1622505701829000,1,155.35669392,1.0405
1622505701874000,1,964.32308172,1.0400
1622505701874000,1,201.34912670,1.0400
1622505703815000,0,2280.73658727,1.0418
1622505705740000,0,1038.95619600,1.0423
1622505711560000,1,378.08484547,1.0429
1622505711560000,1,3428.72078965,1.0429
1622505713727000,0,201.18337694,1.0434
1622505719510000,0,571.00000000,1.0436
1622505719510000,0,226.05286643,1.0441
1622505722038000,0,4343.80000000,1.0468
1622505724006000,0,4235.32500000,1.0480
1622505726314000,1,571.00000000,1.0476
1622505732253000,0,173.48895905,1.0500
1622505732253000,0,30.00000000,1.0500
1622505732253000,0,2000.00000000,1.0500
1622505732253000,0,500.00000000,1.0500
1622505732253000,0,2000.00000000,1.0500
1622505732253000,0,10000.00000000,1.0500
1622505732253000,0,1276.21029040,1.0500
1622505732261000,0,178.78970960,1.0500
1622505732261000,0,924.35721243,1.0500
1622505732358000,0,2715.64278757,1.0500
1622505732358000,0,173.03840919,1.0500
1622505732358000,0,4186.99480813,1.0500
1622505733250000,0,263.42803564,1.0500
1622505734003000,0,549.57715623,1.0500
1622505734003000,0,200.00000000,1.0500
1622505734003000,0,7107.22126083,1.0500
1622505734457000,0,7164.22017677,1.0500
1622505735493000,0,121.73166041,1.0497
1622505736523000,0,1563.85833959,1.0497
1622505736549000,0,1140.36829363,1.0500
1622505739109000,1,25.00000000,1.0499
1622505739508000,1,25.00000000,1.0499
1622505739552000,0,21399.90000000,1.0500
1622505739670000,0,7964.43663518,1.0500
1622505739894000,1,25.00000000,1.0499
1622505739905000,0,21399.90000000,1.0500
1622505740027000,0,279738.12393854,1.0500
1622505740228000,0,21399.90000000,1.0500
1622505740365000,1,25.00000000,1.0499
1622505740548000,0,21399.90000000,1.0500
1622505740693000,1,50.00000000,1.0499
1622505740865000,0,21399.90000000,1.0500
1622505741001000,1,25.00000000,1.0499
1622505741241000,0,7961.12969505,1.0500
1622505741241000,0,900.00000000,1.0500
1622505741241000,0,875.04424495,1.0500
1622505741319000,0,2124.95575505,1.0500
1622505741319000,0,28.79914495,1.0500
1622505741391000,1,50.00000000,1.0499
1622505741724000,1,50.00000000,1.0499
1622505741725000,0,441.92716190,1.0500
1622505742041000,1,25.00000000,1.0499
1622505742363000,1,25.00000000,1.0499
1622505742721000,1,25.00000000,1.0499
1622505743043000,1,25.00000000,1.0499
1622505743043000,1,25.00000000,1.0499
1622505743451000,1,25.00000000,1.0499
1622505743712000,0,529.27369315,1.0500
1622505743712000,0,500.00000000,1.0500
1622505743712000,0,45.05494525,1.0500
1622505743712000,0,2000.00000000,1.0500
1622505743712000,0,6018.12467160,1.0500
1622505743771000,1,25.00000000,1.0499
1622505744005000,0,9700.00000000,1.0500
1622505744150000,1,25.00000000,1.0499
1622505744348000,0,9700.00000000,1.0500
1622505744358000,0,9641.15057000,1.0500
1622505744464000,0,23780.14829679,1.0500
1622505744610000,0,12050.00000000,1.0500
1622505744923000,0,218110.57646161,1.0500
1622505744923000,0,19000.00000000,1.0500
1622505745078000,0,28.64598213,1.0501
1622505745078000,0,211.29964228,1.0502
1622505745226000,1,25.00000000,1.0500
1622505745866000,1,200.00000000,1.0507
1622505745866000,1,250.00000000,1.0507
1622505745866000,1,2651.52129700,1.0507
1622505746264000,1,25.00000000,1.0507
1622505746549000,1,25.00000000,1.0507
1622505746875000,1,50.00000000,1.0507
1622505747193000,1,25.00000000,1.0507
1622505747268000,0,400.00000000,1.0519
1622505747268000,0,1558.99999999,1.0519
1622505747313000,0,0.00000001,1.0519
1622505747503000,1,25.00000000,1.0507
1622505747938000,1,25.00000000,1.0507
1622505748753000,1,25.00000000,1.0507
1622505748841000,0,28.59315589,1.0520
1622505748841000,0,39.38889900,1.0521
1622505749137000,1,25.00000000,1.0507
1622505749485000,1,25.00000000,1.0507
1622505749828000,1,25.00000000,1.0507
1622505750206000,1,25.00000000,1.0508
1622505750304000,0,0.00000001,1.0521
1622505750566000,1,50.00000000,1.0510
1622505750891000,1,25.00000000,1.0513
1622505751245000,1,50.00000000,1.0513
1622505751590000,1,50.00000000,1.0513
1622505751908000,1,50.00000000,1.0513
1622505752247000,1,25.00000000,1.0513
1622505752531000,1,25.00000000,1.0513
1622505752886000,1,50.00000000,1.0513
1622505753234000,1,50.00000000,1.0513
1622505754376000,1,25.00000000,1.0513
1622505754659000,1,175.00000000,1.0513
1622505754679000,1,25.00000000,1.0510
1622505754774000,1,187.33285771,1.0513
1622505755010000,1,25.00000000,1.0509
1622505755419000,1,25.00000000,1.0509
1622505755785000,1,25.00000000,1.0511
1622505756019000,1,262.00000000,1.0511
1622505756096000,1,50.00000000,1.0511
1622505756420000,1,50.00000000,1.0512
1622505756777000,1,25.00000000,1.0512
1622505757050000,0,238.00000000,1.0524
1622505757490000,1,25.00000000,1.0513
1622505757842000,1,25.00000000,1.0514
1622505758044000,0,231.08991858,1.0520
1622505758044000,0,168.91008142,1.0528
1622505758154000,1,50.00000000,1.0514
1622505758160000,1,150.00000000,1.0514
1622505758160000,1,250.00000000,1.0514
1622505758534000,1,25.00000000,1.0509
1622505758863000,1,50.00000000,1.0509
1622505759221000,1,25.00000000,1.0509
1622505759544000,1,25.00000000,1.0510
1622505759840000,1,25.00000000,1.0510
1622505760175000,1,25.00000000,1.0510
1622505760496000,1,25.00000000,1.0511
1622505760545000,0,227.65636058,1.0518
1622505760545000,0,9.34363942,1.0529
1622505760843000,1,25.00000000,1.0511
1622505761115000,0,399.00000000,1.0528
1622505761165000,1,25.00000000,1.0511
1622505761459000,1,25.00000000,1.0529
1622505762368000,1,213.00000000,1.0529
1622505762590000,1,25.00000000,1.0521
1622505763215000,1,25.00000000,1.0521
1622505763389000,1,25.00000000,1.0521
1622505763595000,1,50.00000000,1.0521
1622505763754000,1,25.00000000,1.0521
1622505763973000,1,25.00000000,1.0521
1622505764073000,1,50.00000000,1.0518
1622505765987000,0,400.00000000,1.0530
1622505766397000,0,34.76850000,1.0530
1622505766397000,0,28.53889943,1.0540
1622505766408000,1,4936.69260057,1.0540
1622505768828000,0,399.99999999,1.0543
1622505769348000,0,600.00000000,1.0543
1622505769405000,0,600.00000001,1.0545
1622505769447000,0,54.13417657,1.0546
1622505769447000,0,182.86582343,1.0548
1622505769530000,0,238.00000000,1.0548
1622505770954000,0,236.00000000,1.0548
1622505772322000,0,400.00000000,1.0548
1622505772777000,0,1943.13417656,1.0548
1622505772881000,0,0.00000001,1.0548
1622505774228000,1,200.00000000,1.0543
1622505774228000,1,3000.00000000,1.0540
1622505774228000,1,4739.36321790,1.0535
1622505774228000,1,250.00000000,1.0532
1622505774228000,1,10308.71955454,1.0532
1622505774228000,1,5681.91722756,1.0532
1622505774991000,0,28.51022691,1.0551
1622505774991000,0,28.51022690,1.0551
1622505775047000,0,400.00000000,1.0550
1622505775091000,0,0.00000001,1.0551
1622505775133000,0,210.24314406,1.0555
1622505775133000,0,27.75685594,1.0556
1622505778624000,1,400.00000000,1.0558
1622505779193000,0,28.48484848,1.0560
1622505779193000,0,2352.46858899,1.0560
1622505781255000,1,236.00000000,1.0558
1622505783507000,0,238.00000000,1.0558
1622505785960000,1,11451.74700000,1.0537
1622505785960000,1,3000.00000000,1.0537
1622505785960000,1,484.78733800,1.0537
1622505786255000,0,400.00000000,1.0556
1622505791598000,0,214.05700000,1.0559
1622505792254000,1,237.00000000,1.0558
1622505792904000,0,243.91928905,1.0555
1622505792904000,0,199.95229381,1.0559
1622505792904000,0,0.00000001,1.0560
1622505793076000,0,248.92901139,1.0554
1622505793099000,0,0.00000001,1.0554
1622505793597000,1,399.99999999,1.0564
1622505793600000,1,0.00000001,1.0564
1622505797669000,0,120.92483108,1.0568
1622505797820000,1,115.07516892,1.0575
1622505798540000,0,400.00000000,1.0576
1622505798540000,0,75.94859564,1.0576
1622505798562000,0,0.00000001,1.0576
1622505798562000,0,399.99999999,1.0577
1622505798877000,0,100.01053282,1.0577
1622505798894000,0,0.00000001,1.0577
1622505798894000,0,914.12386977,1.0579
1622505798988000,0,85.87613023,1.0579
1622505798988000,0,28.43100189,1.0580
1622505799589000,0,237.00000000,1.0588
1622505799594000,1,237.00000000,1.0580
1622505801550000,1,400.00000000,1.0587
1622505802320000,0,917.47407440,1.0590
1622505802321000,0,90.00000000,1.0590
1622505802321000,0,59.68435359,1.0592
1622505803301000,1,236.00000000,1.0587
1622505803301000,1,237.00000000,1.0587
1622505805062000,0,400.00000000,1.0596
1622505805062000,0,1000.00000000,1.0598
1622505805062000,0,21.07003000,1.0599
1622505805062000,0,4197.55081850,1.0600
1622505806529000,1,320.99271308,1.0592
1622505806530000,1,79.00728692,1.0592
1622505808912000,0,182.00000000,1.0595
1622505810897000,1,200.00000000,1.0580
1622505810897000,1,55.30449708,1.0579
1622505813350000,0,400.00000000,1.0594
1622505813720000,1,400.00000000,1.0582
1622505815100000,1,1000.00000000,1.0575
1622505816903000,1,6640.00000000,1.0563
1622505816903000,1,250.00000000,1.0563
1622505817018000,1,2950.00000000,1.0563
1622505817018000,1,10386.17834898,1.0563
1622505817018000,1,8464.43674720,1.0562
1622505820695000,0,3000.00000000,1.0574
1622505820695000,0,10307.98643852,1.0575
1622505820695000,0,2366.97196348,1.0576
1622505820695000,0,3013.82098088,1.0577
1622505822234000,1,400.00000000,1.0564
1622505822234000,1,186.02300822,1.0562
1622505822687000,1,6640.00000000,1.0563
1622505822687000,1,13.97699178,1.0562
1622505822687000,1,10550.77780518,1.0559
1622505822687000,1,6640.00000000,1.0558
1622505822687000,1,335.24520304,1.0558
1622505824024000,1,540.74581199,1.0559
1622505825877000,1,200.00000000,1.0561
1622505825877000,1,5882.70660100,1.0561
1622505828954000,1,399.99999999,1.0573
1622505828958000,1,0.00000001,1.0573
1622505831899000,0,2921.37591941,1.0578
1622505832109000,0,158.76366489,1.0578
1622505833950000,1,4284.05707661,1.0571
1622505834038000,1,6640.00000000,1.0571
1622505834038000,1,1865.94292339,1.0571
1622505834038000,1,250.00000000,1.0571
1622505834038000,1,641.76226287,1.0571
1622505840237000,0,3190.68063476,1.0589
1622505840239000,0,1297.66748848,1.0589
1622505840239000,0,2151.65187676,1.0589
1622505840240000,0,4726.63206435,1.0590
1622505840240000,0,114.15491812,1.0590
1622505840241000,0,9881.33404039,1.0590
1622505840260000,0,1846.50176677,1.0591
1622505841820000,1,199.99971914,1.0582
1622505841820000,1,0.00000001,1.0582
1622505842405000,0,2364.53328523,1.0582
1622505844250000,1,5798.10879153,1.0580
1622505844259000,1,7182.43896512,1.0580
1622505844866000,1,4621.88159262,1.0580
1622505844870000,1,8902.50768388,1.0580
1622505845492000,1,572.78664001,1.0580
1622505845722000,0,2055.43229175,1.0585
1622505847799000,1,3553.14982309,1.0580
1622505847848000,1,227.00000000,1.0580
1622505848111000,1,7038.20871364,1.0580
1622505849280000,1,27518.08840000,1.0580
1622505849357000,1,22926.93525022,1.0580
1622505850715000,1,228.24290774,1.0576
1622505859180000,1,236.82855925,1.0560
1622505860365000,1,181.72391088,1.0561
1622505860533000,1,0.00000001,1.0561
1622505861814000,1,204.96966779,1.0560
1622505861819000,1,0.00000001,1.0560
1622505870703000,1,6640.00000000,1.0544
1622505870703000,1,200.00000000,1.0539
1622505870703000,1,10288.43834769,1.0536
1622505870703000,1,4741.26226189,1.0536
1622505870713000,0,2310.29939042,1.0534
1622505875795000,0,400.00000000,1.0549
1622505875984000,0,1000.00000000,1.0550
1622505878454000,1,5618.62084850,1.0551
1622505885219000,0,400.00000000,1.0566
1622505885219000,0,1000.00000000,1.0568
1622505887475000,0,4732.03448226,1.0576
1622505887475000,0,11270.33790553,1.0578
1622505887637000,0,3679.91946015,1.0578
1622505887752000,0,2960.08053985,1.0578
1622505889483000,0,400.00000000,1.0581
1622505889953000,0,1000.00000000,1.0582
1622505890716000,1,1514.73000000,1.0586
1622505890902000,0,235.00000000,1.0600
1622505891085000,0,28.37735849,1.0600
1622505891085000,0,90.00000000,1.0600
1622505891085000,0,5000.00000000,1.0600
1622505891085000,0,4820.83422459,1.0600
1622505891085000,0,2000.00000000,1.0600
1622505891085000,0,369.00000000,1.0600
1622505891085000,0,10000.00000000,1.0600
1622505891085000,0,1257.85838961,1.0600
1622505891322000,1,400.00000000,1.0600
1622505891519000,0,742.14161039,1.0600
1622505891519000,0,3000.00000000,1.0600
1622505891519000,0,5957.85838961,1.0600
1622505891570000,0,23550.42879784,1.0600
1622505891732000,0,5000.00000000,1.0600
1622505891838000,0,2730.00000000,1.0600
1622505891947000,0,7269.00000000,1.0600
1622505892119000,0,3771.00000000,1.0600
1622505893278000,0,400.00000000,1.0599
1622505893361000,0,236.00000000,1.0599
1622505893434000,0,227.00000000,1.0600
1622505895117000,0,3000.00000000,1.0597
1622505895117000,0,6640.00000000,1.0597
1622505895117000,0,14160.27850000,1.0599
1622505895117000,0,10174.95428020,1.0600
1622505895117000,0,108838.81749980,1.0600
1622505895568000,0,3000.00000000,1.0595
1622505895568000,0,4391.79114822,1.0600
1622505895570000,0,4859.98558456,1.0600
1622505895618000,0,401.00000000,1.0595
1622505895907000,0,401.00000000,1.0600
1622505895914000,0,1257.37910000,1.0600
1622505896030000,0,3400.00000000,1.0600
1622505896034000,0,23556.33810487,1.0600
1622505896258000,0,9700.00000000,1.0600
1622505896424000,0,942.00000000,1.0600
1622505896523000,0,2826.00000000,1.0600
1622505896556000,0,23550.11574736,1.0600
1622505896662000,1,121.00000000,1.0600
1622505898196000,0,400.00000000,1.0600
1622505898244000,0,3216.51600000,1.0600
1622505898273000,0,237.00000000,1.0600
1622505898493000,0,9092.45331000,1.0600
1622505898821000,0,23550.30070283,1.0600
1622505899120000,0,13197.79184000,1.0600
1622505899326000,0,23544.65063729,1.0600
1622505899454000,0,12050.00000000,1.0600
1622505899460000,0,66927.10104000,1.0600
1622505899465000,0,21399.90000000,1.0600
1622505899467000,0,28392.30000000,1.0600
1622505899540000,0,2410.00000000,1.0600
1622505899552000,0,250.00000000,1.0600
1622505899554000,0,12050.00000000,1.0600
1622505899557000,0,288.27450979,1.0600
1622505899591000,0,10016.77432061,1.0600
1622505899591000,0,2033.22567939,1.0600
1622505899659000,0,966.77432061,1.0600
1622505899659000,0,440.20706310,1.0600
1622505899659000,0,47.77130673,1.0600
1622505899659000,0,28.37575232,1.0601
1622505899659000,0,28.37575232,1.0601
1622505899659000,0,209.19192834,1.0608
1622505899667000,0,25.71932000,1.0609
1622505899667000,0,39.23410995,1.0611
1622505902385000,0,28.32391714,1.0620
1622505902385000,0,371.67608286,1.0620
1622505905075000,1,3740.72627703,1.0612
1622505906033000,1,3000.00000000,1.0593
1622505906033000,1,200.00000000,1.0593
1622505906033000,1,4115.25649000,1.0592
1622505915543000,1,400.00000000,1.0604
1622505916289000,1,400.00000000,1.0594
1622505922863000,1,400.00000000,1.0598
1622505922863000,1,237.00000000,1.0598
1622505923961000,1,1469.01319304,1.0586
1622505932593000,0,400.00000000,1.0611
1622505932641000,0,1058.94300000,1.0611
1622505932730000,0,236.00000000,1.0611
1622505932993000,0,236.00000000,1.0611
1622505933397000,0,1557.65549459,1.0611
1622505933836000,0,523.53582656,1.0611
1622505933950000,0,2728.32391714,1.0620
1622505934064000,0,36.63624617,1.0622
1622505934882000,0,0.00000001,1.0622
1622505935433000,0,60.22635142,1.0623
1622505935448000,0,99.15366947,1.0638
1622505936551000,1,697.00370000,1.0628
1622505937083000,0,28.27067669,1.0640
1622505937883000,1,400.00000000,1.0649
1622505939239000,0,47.57500290,1.0650
1622505939239000,0,28.24254033,1.0651
1622505939239000,0,28.24254033,1.0651
1622505939239000,0,28.24254033,1.0651
1622505939239000,0,40.42995267,1.0652
1622505939239000,0,227.26742344,1.0653
1622505939578000,0,400.00000000,1.0657
1622505940418000,0,577.98490222,1.0657
1622505940716000,0,234.00000000,1.0657
1622505941302000,0,1939.22388457,1.0657
1622505941302000,0,48.94557891,1.0659
1622505941302000,0,28.10707457,1.0660
1622505941302000,0,0.57361377,1.0660
1622505941302000,0,208.14596870,1.0662
1622505941302000,0,208.40271000,1.0664
1622505941302000,0,3113.47017292,1.0664
1622505941948000,0,234.00000000,1.0669
1622505943745000,1,400.00000000,1.0658
1622505943745000,1,235.00000000,1.0658
1622505945834000,1,3338.20885300,1.0641
1622505948026000,1,2227.73990000,1.0666
1622505948026000,1,236.00000000,1.0666
1622505950668000,0,400.00000000,1.0669
1622505950768000,0,3087.17168943,1.0669
1622505950774000,0,130.01876104,1.0669
1622505950844000,0,225.00000000,1.0669
1622505950926000,0,235.00000000,1.0669
1622505952663000,0,4506.31154303,1.0669
1622505952663000,0,1054.28917201,1.0670
1622505952663000,0,75.94859565,1.0674
1622505952663000,0,1143.45068931,1.0680
1622505952754000,0,204.00000000,1.0680
1622505952854000,0,28.16479401,1.0680
1622505952854000,0,948.83520599,1.0680
1622505952963000,0,2038.00000000,1.0680
1622505953059000,0,673.00000000,1.0680
1622505953164000,0,243.00000000,1.0680
1622505953269000,0,235.00000000,1.0680
1622505953343000,0,1105.16479401,1.0680
1622505953343000,0,1000.00000000,1.0680
1622505953343000,0,1638.83520599,1.0680
1622505955143000,0,5000.00000000,1.0680
1622505957276000,1,400.00000000,1.0680
1622505957371000,0,6640.00000000,1.0679
1622505957371000,0,4141.14149813,1.0680
1622505960146000,1,1000.00000000,1.0667
1622505960216000,0,6640.00000000,1.0661
1622505968350000,1,3000.00000000,1.0650
1622505969924000,1,6640.00000000,1.0644
1622505970455000,1,19384.38347401,1.0648
1622505972896000,1,659.25680000,1.0623
1622505972896000,1,1571.73813510,1.0623
1622505985603000,0,401.00000000,1.0648
1622505985712000,0,237.00000000,1.0648
1622505986907000,1,400.00000000,1.0646
1622505989205000,1,508.78645517,1.0634
1622505990411000,0,153.00000000,1.0648
1622505990510000,0,246.00000000,1.0648
1622505993363000,1,400.00000000,1.0642
1622505994509000,1,4150.00000000,1.0633
1622505994840000,1,1000.00000000,1.0631
1622505994840000,1,660.48332445,1.0626
1622505994940000,1,3319.03335110,1.0626
1622505996336000,1,400.00000000,1.0625
1622505997454000,1,400.00000000,1.0616
1622505999252000,1,736.13970000,1.0613
1622506000961000,1,0.00008572,1.0613
1622506004950000,0,401.00000000,1.0625
1622506005766000,0,400.00000000,1.0629
1622506006108000,1,472.00000000,1.0626
1622506006222000,1,6168.00000000,1.0626
1622506006290000,1,236.00000000,1.0626
1622506006290000,1,236.00000000,1.0626
1622506006513000,1,4139.07078000,1.0626
1622506006607000,1,2500.92922000,1.0626
1622506008572000,0,1000.00000000,1.0630
1622506009444000,1,235.00000000,1.0631
1622506010491000,1,400.00000000,1.0639
1622506014702000,0,1463.00000000,1.0648
1622506014901000,0,400.00000000,1.0649
1622506015564000,0,236.00000000,1.0662
1622506018662000,1,1000.00000000,1.0636
1622506023527000,0,400.00000000,1.0635
1622506027895000,0,6640.00000000,1.0618
1622506028388000,0,6640.00000000,1.0618
1622506028388000,0,8533.37769060,1.0621
1622506028388000,0,3366.89219578,1.0621
1622506030759000,1,400.00000000,1.0615
1622506031712000,0,10698.51601696,1.0618
1622506033880000,1,400.00000000,1.0610
1622506038388000,1,96.00000000,1.0621
1622506038489000,1,303.00000000,1.0621
1622506045531000,1,1000.00000000,1.0608
1622506045945000,1,352.00679343,1.0603
1622506045945000,1,880.01698357,1.0602
1622506045945000,1,10414.35981077,1.0602
1622506046756000,1,400.00000000,1.0602
1622506047091000,1,1000.00000000,1.0600
1622506059564000,1,400.00000000,1.0592
1622506060324000,1,400.00000000,1.0589
1622506062085000,0,86.00000000,1.0594
1622506065420000,1,400.00000000,1.0587
1622506066943000,0,1676.01000000,1.0590
1622506067323000,1,237.00000000,1.0591
1622506067323000,1,309.00000000,1.0591
1622506067323000,1,91.00000000,1.0591
1622506067323000,1,200.00000000,1.0587
1622506067323000,1,4709.86900344,1.0581
1622506069303000,0,401.00000000,1.0603
1622506069642000,1,400.00000000,1.0600
1622506074538000,1,400.00000000,1.0595
1622506077645000,1,400.00000000,1.0596
1622506080514000,1,400.00000000,1.0597
1622506088148000,1,400.00000000,1.0605
1622506088162000,0,237.00000000,1.0603
1622506088284000,0,6000.00000000,1.0603
1622506089180000,0,400.00000000,1.0611
1622506089180000,0,600.00000000,1.0611
1622506089387000,0,400.00000000,1.0611
1622506093759000,0,400.00000000,1.0625
1622506093759000,0,4805.21510000,1.0628
1622506094615000,0,999.99999999,1.0630
1622506094652000,0,0.00000001,1.0630
1622506102906000,1,400.00000000,1.0642
1622506104686000,1,369.74750000,1.0635
1622506104924000,1,924.43824712,1.0631
1622506104924000,1,2403.49307288,1.0631
1622506106833000,1,924.97719707,1.0626
1622506106833000,1,369.99086293,1.0626
1622506108184000,0,235.00000000,1.0630
1622506108378000,0,400.00000000,1.0628
1622506108484000,0,236.00000000,1.0628
1622506114535000,1,400.00000000,1.0629
1622506122939000,0,400.00000000,1.0643
1622506130526000,1,943.14405115,1.0635
1622506130526000,1,377.25761885,1.0635
1622506139564000,1,400.00000000,1.0640
1622506140143000,1,370.66569000,1.0635
1622506140240000,1,0.00000882,1.0635
1622506140240000,1,999.99999118,1.0635
1622506141153000,1,0.00000882,1.0635
1622506141164000,0,193.85894762,1.0634
1622506141394000,1,6446.14105238,1.0635
1622506143074000,0,400.00000000,1.0646
1622506143241000,1,179.00000000,1.0646
1622506143241000,1,56.00000000,1.0646
1622506143241000,1,235.00000000,1.0646
1622506143343000,0,400.00000000,1.0654
1622506145937000,0,186.95486375,1.0649
1622506145937000,0,1000.00000000,1.0655
1622506145937000,0,3873.64227725,1.0660
1622506150116000,1,400.00000000,1.0651
1622506150312000,0,219.59884000,1.0650
1622506150751000,1,400.00000000,1.0658
1622506151483000,1,5482.53697000,1.0655
1622506151496000,1,0.00000815,1.0655
1622506151899000,1,6640.00000000,1.0652
1622506153168000,1,18966.57383324,1.0652
1622506161189000,1,400.00000000,1.0655
1622506161445000,0,246.31694664,1.0656
1622506161517000,1,3633.35776000,1.0657
1622506162603000,1,0.00000832,1.0657
1622506166635000,0,203.58471000,1.0650
1622506167818000,0,225.28451532,1.0652
1622506167896000,1,174.71548000,1.0653
1622506168288000,1,0.00000468,1.0653
1622506168353000,1,1000.00000000,1.0646
1622506174867000,1,400.00000000,1.0643
1622506174867000,1,1004.76340414,1.0642
1622506174956000,1,3249.42145876,1.0642
1622506185804000,0,4935.94470700,1.0654
1622506190133000,1,400.00000000,1.0655
1622506190147000,0,400.00000000,1.0659
1622506190598000,1,1955.42103892,1.0649
1622506190692000,1,3145.66649451,1.0649
1622506190752000,1,1538.91246657,1.0649
1622506191845000,0,1088.75361665,1.0652
1622506194526000,1,400.00000000,1.0639
1622506194943000,1,999.99999999,1.0637
1622506194974000,1,0.00000001,1.0637
1622506201566000,1,400.00000000,1.0630
1622506202814000,1,225.49237000,1.0625
1622506202820000,1,0.00000317,1.0625
1622506203225000,1,178.28335000,1.0625
1622506205146000,1,1000.00000000,1.0620
1622506205225000,0,150.00000000,1.0632
1622506208152000,1,400.00000000,1.0624
1622506213059000,0,1275.03312608,1.0630
1622506213292000,0,260.14877392,1.0630
1622506215464000,1,400.00000000,1.0629
1622506215613000,1,400.00000000,1.0622
1622506216467000,1,400.00000000,1.0615
1622506220225000,1,2000.32500000,1.0613
1622506220323000,1,2077.40309068,1.0613
1622506226868000,1,235.00000000,1.0637
1622506228373000,1,400.00000000,1.0628
1622506228373000,1,237.00000000,1.0628
1622506233793000,1,222.83790022,1.0621
1622506237352000,0,1000.00000000,1.0634
1622506245555000,0,400.00000000,1.0640
1622506247650000,0,400.00000000,1.0640
1622506252214000,0,400.00000000,1.0640
1622506252755000,0,143.10000000,1.0640
1622506253437000,0,9399.13328186,1.0653
1622506254377000,0,220.02329588,1.0680
1622506255155000,0,578.84345625,1.0688
1622506255237000,0,4092.22500000,1.0688
1622506255364000,0,1968.93154375,1.0688
1622506255364000,0,60.00000000,1.0688
1622506259198000,0,234.00000000,1.0694
1622506259283000,0,235.00000000,1.0694
1622506259376000,0,180.00000000,1.0693
1622506260779000,1,399.99999999,1.0674
1622506260784000,1,0.00000001,1.0674
1622506260845000,1,1000.00000000,1.0671
1622506261789000,1,100.00000000,1.0667
1622506262000000,0,400.00000000,1.0676
1622506263482000,1,86.00000000,1.0677
1622506266036000,1,248.99661978,1.0686
1622506266036000,1,200.00000000,1.0679
1622506266036000,1,362.44971271,1.0677
1622506266036000,1,4295.32330851,1.0677
1622506266099000,1,100.00000000,1.0677
1622506267980000,1,400.00000000,1.0685
1622506269260000,1,400.00000000,1.0680
1622506273067000,0,6640.00000000,1.0677
1622506273390000,0,6640.00000000,1.0681
1622506274452000,0,3910.83584000,1.0684
1622506274472000,0,2729.16416000,1.0684
1622506274683000,0,1000.00000000,1.0684
1622506274700000,0,200.32933501,1.0684
1622506274716000,0,400.00000000,1.0684
1622506274789000,0,5039.67066499,1.0684
1622506275211000,0,1000.00000000,1.0685
1622506275848000,0,186.63719115,1.0696
1622506275848000,0,6640.00000000,1.0697
1622506275848000,0,5489.33281059,1.0697
1622506275872000,0,1150.66718941,1.0697
1622506275918000,0,1143.75135656,1.0698
1622506275972000,0,2437.87267265,1.0700
1622506275973000,0,421.30773337,1.0700
1622506275973000,0,28.11214953,1.0700
1622506275973000,0,300.00000000,1.0700
1622506275973000,0,6488.49408886,1.0700
1622506275999000,0,186.63719115,1.0700
1622506275999000,0,1555.72207920,1.0700
1622506276036000,0,4568.17147039,1.0700
1622506276095000,0,2764.99503210,1.0700
1622506276123000,0,4086.36497774,1.0700
1622506276188000,0,2788.31057860,1.0700
1622506276188000,0,283.68942140,1.0700
1622506276392000,0,23338.71026545,1.0700
1622506276418000,0,9700.00000000,1.0700
1622506276474000,0,21399.90000000,1.0700
1622506276709000,0,9700.00000000,1.0700
1622506276725000,0,2221.00000000,1.0700
1622506276800000,0,21399.90000000,1.0700
1622506276825000,0,52.00000000,1.0700
1622506276897000,0,800.00000000,1.0700
1622506276911000,0,23330.28885462,1.0700
1622506276912000,0,9700.00000000,1.0700
1622506276930000,0,60.00000000,1.0700
1622506277022000,0,27683.20600000,1.0700
1622506277047000,0,753.00000000,1.0700
1622506277154000,0,21750.00000000,1.0700
1622506277180000,0,6912.00000000,1.0700
1622506277197000,0,9393.71506000,1.0700
1622506277213000,0,3216.51600000,1.0700
1622506277230000,0,21399.90000000,1.0700
1622506277295000,0,3732.00000000,1.0700
1622506277303000,0,21750.00000000,1.0700
1622506277386000,0,51087.00000000,1.0700
1622506277400000,0,23312.71602298,1.0700
1622506277403000,0,936.00000000,1.0700
1622506277416000,0,3110.00000000,1.0700
1622506277436000,0,126.12009804,1.0700
1622506277515000,0,1873.00000000,1.0700
1622506277564000,0,21399.90000000,1.0700
1622506277840000,0,13388.08680000,1.0700
1622506277861000,0,24837.00902000,1.0700
1622506277867000,0,400.00010000,1.0700
1622506277885000,0,21399.90000000,1.0700
1622506277950000,0,23300.45078058,1.0700
1622506277970000,0,363.78934729,1.0700
1622506278048000,0,3451.50681160,1.0700
1622506278048000,0,1000.00000000,1.0700
1622506278048000,0,2982.13864840,1.0700
1622506278054000,0,20507.56747890,1.0700
1622506278160000,0,28.11057324,1.0701
1622506278160000,0,20.84004999,1.0708
1622506278165000,0,0.00000001,1.0708
1622506278165000,0,126.12009803,1.0715
1622506278587000,0,80.98514083,1.0715
1622506278587000,0,28.05970149,1.0720
1622506278587000,0,28.05970149,1.0720
1622506278587000,0,1000.00000000,1.0724
1622506278587000,0,400.00000000,1.0739
1622506278587000,0,1000.00000000,1.0740
1622506278587000,0,28.00744879,1.0740
1622506278587000,0,28.00744879,1.0740
1622506278587000,0,2031.64833653,1.0741
1622506278864000,0,1431.00000000,1.0738
1622506278882000,1,200.00000000,1.0725
1622506278952000,0,5209.00000000,1.0738
1622506278986000,1,3039.00000000,1.0741
1622506279395000,1,100.00000000,1.0734
1622506279422000,1,100.00000000,1.0734
1622506279422000,1,206.83461000,1.0734
1622506279422000,1,322.00000000,1.0725
1622506279422000,1,122.20552904,1.0716
1622506279743000,1,200.00000000,1.0734
1622506279743000,1,4800.00000000,1.0728
1622506280426000,0,206.83657000,1.0749
1622506280426000,0,350.98000000,1.0750
1622506280426000,0,27.97983368,1.0751
1622506280426000,0,25.34944000,1.0752
1622506281059000,1,1815.83233234,1.0755
1622506281145000,1,4824.16766766,1.0755
1622506281278000,1,212.50000000,1.0736
1622506281372000,0,234.00000000,1.0752
1622506281489000,0,236.00000000,1.0751
1622506281706000,1,400.00000000,1.0743
1622506281744000,1,56.05950000,1.0736
1622506281827000,0,65.30519305,1.0751
1622506282379000,1,232.00000000,1.0733
1622506282440000,1,6408.00000000,1.0733
1622506282440000,1,1000.00000000,1.0732
1622506282853000,1,28.50120000,1.0715
1622506283772000,1,324.00000000,1.0725
1622506283869000,1,7241.90000000,1.0725
1622506284603000,0,3000.00000000,1.0748
1622506284603000,0,360.34313725,1.0748
1622506284603000,0,2087.43105996,1.0751
1622506284809000,1,150.00000000,1.0726
1622506285592000,1,400.00000000,1.0726
1622506301273000,0,45.00000000,1.0734
1622506301825000,1,401.00000000,1.0731
1622506305836000,1,7591.96178900,1.0713
1622506306021000,0,63.82116972,1.0726
1622506310338000,1,373.53000000,1.0712
1622506311210000,1,2000.00000000,1.0709
1622506311333000,1,373.53003731,1.0705
1622506311333000,1,373.61296269,1.0705
1622506312540000,0,400.00000000,1.0709
1622506312890000,0,6301.45454000,1.0708
1622506313092000,1,232.00000000,1.0710
1622506314034000,1,234.00000000,1.0710
1622506314101000,1,2482.65200000,1.0710
1622506314102000,1,3923.34800000,1.0710
1622506314315000,1,234.00000000,1.0710
1622506320783000,1,360.61415000,1.0707
1622506320866000,1,360.58722000,1.0706
1622506320979000,1,0.00000234,1.0706
1622506320979000,1,360.58721766,1.0705
1622506322049000,1,360.78296000,1.0702
1622506322049000,1,39.21704000,1.0702
1622506322126000,1,338.54550000,1.0699
1622506322289000,1,661.45450000,1.0699
1622506327578000,0,234.00000000,1.0701
1622506327929000,0,400.00000000,1.0701
1622506329348000,1,234.00000000,1.0707
1622506329709000,0,400.00000000,1.0708
1622506330257000,0,400.00000000,1.0714
1622506330272000,0,600.00000000,1.0714
1622506331481000,0,182.45941691,1.0713
1622506331555000,1,1477.54058000,1.0717
1622506334705000,0,55.44598812,1.0713
1622506335155000,1,1000.00000000,1.0708
1622506335614000,1,869.65037000,1.0713
1622506336377000,1,0.00000537,1.0713
1622506336818000,1,400.00000000,1.0708
1622506337783000,0,185.96042609,1.0702
1622506337783000,0,48.03957391,1.0709
1622506339053000,0,242.67437316,1.0699
1622506339110000,1,3284.82562684,1.0701
1622506340831000,1,400.00000000,1.0697
1622506348176000,1,200.00000000,1.0699
1622506352224000,1,830.00000000,1.0702
1622506354547000,0,1037.50000000,1.0696
1622506355879000,1,400.00000000,1.0681
1622506355879000,1,5200.00000000,1.0681
1622506356200000,1,1440.00000000,1.0681
1622506356861000,1,400.00000000,1.0681
1622506357528000,1,400.00000000,1.0681
1622506360663000,1,400.00000000,1.0685
1622506360800000,0,180.88525937,1.0684
1622506364016000,1,3865.51922000,1.0686
1622506364111000,1,2774.48078000,1.0687
1622506364341000,1,0.00000024,1.0686
1622506364341000,0,248.35458475,1.0685
1622506364439000,1,151.64541525,1.0685
1622506364791000,1,1000.00000000,1.0682
1622506365036000,1,400.00000000,1.0685
1622506365085000,1,1119.02307000,1.0682
1622506365326000,1,0.00000129,1.0682
1622506369193000,1,400.00000000,1.0685
1622506369920000,1,400.00000000,1.0684
1622506374628000,1,400.00000000,1.0686
1622506376596000,1,400.00000000,1.0681
1622506378465000,1,500.00000000,1.0685
1622506379345000,1,249.41906427,1.0685
1622506379492000,1,199.96387132,1.0685
1622506379602000,1,193.53748186,1.0685
1622506379950000,1,2207.07637876,1.0685
1622506381092000,1,480.00000000,1.0675
1622506383429000,0,1260.66000000,1.0686
1622506383455000,0,400.00000000,1.0685
1622506383756000,0,1144.10300000,1.0691
1622506385214000,0,400.00000000,1.0700
1622506386306000,1,400.00000000,1.0699
1622506387986000,0,235.00000000,1.0708
1622506388211000,1,400.00000000,1.0699
1622506389227000,1,344.10300000,1.0691
1622506389271000,1,6295.89700000,1.0691
1622506389364000,1,1000.00000000,1.0690
1622506389525000,1,400.00000000,1.0691
1622506389593000,1,3050.62943000,1.0689
1622506395419000,1,400.00000000,1.0699
1622506397038000,1,400.00000000,1.0697
1622506397893000,1,300.00000000,1.0694
1622506413332000,0,60000.48971000,1.0696
1622506413336000,0,0.00000659,1.0696
1622506417496000,1,4700.48971000,1.0704
1622506417606000,1,1939.51029000,1.0704
1622506422594000,1,2500.00000000,1.0695
1622506422757000,1,5600.00000000,1.0694
1622506424818000,1,400.00000000,1.0697
1622506425890000,0,192.80531273,1.0703
1622506425890000,0,5782.41949827,1.0708
1622506440609000,1,400.00000000,1.0699
1622506441367000,1,400.00000000,1.0700
1622506447618000,0,6640.00000000,1.0701
1622506451179000,0,185.26441185,1.0710
1622506451179000,0,214.73558815,1.0716
1622506454360000,0,241.00055151,1.0714
1622506454467000,1,183.02582987,1.0716
1622506454521000,1,175.97361862,1.0716
1622506455916000,1,400.00000000,1.0723
1622506460018000,1,325.08653602,1.0716
1622506462757000,1,4000.00000000,1.0713
1622506465895000,1,3996.20711700,1.0702
1622506467480000,0,249.27058660,1.0707
1622506467502000,1,150.72941340,1.0707
1622506468109000,1,400.00000000,1.0707
1622506468585000,1,1013.94851000,1.0709
1622506468825000,1,0.00000685,1.0709
1622506468825000,1,399.99999315,1.0703
1622506473863000,1,400.00000000,1.0707
1622506477093000,1,400.00000000,1.0709
1622506477750000,1,400.00000000,1.0708
1622506478712000,1,3500.00000000,1.0705
1622506478797000,1,1167.31522000,1.0705
1622506478899000,1,1408.34805000,1.0702
1622506479077000,1,2285.44500000,1.0701
1622506484697000,1,6640.00000000,1.0702
1622506490273000,0,3234.09479085,1.0712
1622506493389000,1,400.00000000,1.0710
1622506495974000,1,400.00000000,1.0707
1622506497560000,1,2900.00000000,1.0705
1622506498166000,1,1768.26997000,1.0705
1622506499007000,1,400.00000000,1.0707
1622506500838000,1,0.00000567,1.0705
1622506500838000,1,399.99999433,1.0703
1622506500939000,1,6640.00000000,1.0706
1622506500939000,1,0.00000752,1.0701
1622506500939000,1,1000.00000000,1.0701
1622506501650000,1,400.00000000,1.0696
1622506501711000,1,6640.00000000,1.0696
1622506501711000,1,1000.00000000,1.0696
1622506502551000,1,6406.47488000,1.0689
1622506502574000,1,0.00000640,1.0689
1622506502756000,1,8610.00000000,1.0687
1622506506221000,1,400.00000000,1.0681
1622506507307000,1,1000.00000000,1.0677
1622506509647000,1,5447.77419721,1.0666
1622506510734000,1,400.00000000,1.0670
1622506511335000,1,1000.00000000,1.0666
1622506513669000,1,400.00000000,1.0664
1622506519982000,0,24.10200000,1.0663
1622506521029000,0,0.00096000,1.0663
1622506521029000,0,30.55751000,1.0663
1622506521029000,0,26.34253000,1.0663
1622506525091000,0,0.00195000,1.0663
1622506525645000,1,200.00000000,1.0664
1622506525645000,1,895.89072093,1.0664
1622506526111000,0,0.00195000,1.0672
1622506527689000,0,1000.00000000,1.0674
1622506533911000,1,4679.98446000,1.0676
1622506533919000,1,0.00000544,1.0676
1622506538919000,1,400.00000000,1.0684
1622506546318000,0,182.41325136,1.0694
1622506548211000,1,200.00000000,1.0698
1622506548211000,1,119.70755594,1.0698
1622506550853000,0,217.00000000,1.0716
1622506552308000,1,234.00000000,1.0717
1622506552308000,1,400.00000000,1.0716
1622506552308000,1,898.22000000,1.0706
1622506552680000,0,1018.07669853,1.0722
1622506552750000,0,1499.94124356,1.0722
1622506553186000,0,6640.00000000,1.0722
1622506554664000,0,561.23561235,1.0744
1622506556317000,0,234.00000000,1.0759
1622506556428000,0,6406.00000000,1.0759
1622506556428000,0,27.95539033,1.0760
1622506556428000,0,27.95539033,1.0760
1622506556428000,0,600.00000000,1.0760
1622506556428000,0,2638.08921934,1.0760
1622506556552000,0,361.91078066,1.0760
1622506556552000,0,40.00000000,1.0760
1622506556552000,0,400.00000000,1.0760
1622506556552000,0,2000.00000000,1.0760
1622506557379000,0,206.06971266,1.0769
1622506557379000,0,25.93028734,1.0772
1622506557381000,1,131.18255275,1.0765
1622506557823000,0,50.01830831,1.0772
1622506557863000,0,27.90352505,1.0780
1622506557863000,0,38.61176112,1.0782
1622506558081000,1,333.48471383,1.0788
1622506558357000,0,6306.51528617,1.0779
1622506558394000,0,232.00000000,1.0787
1622506558625000,0,500.00000000,1.0790
1622506558712000,1,6150.00000000,1.0790
1622506558725000,0,6640.00000000,1.0790
1622506559048000,1,200.00000000,1.0789
1622506559463000,0,200.00000000,1.0800
1622506559463000,0,27.85185185,1.0800
1622506559463000,0,3.14814815,1.0800
1622506559715000,0,28.72411000,1.0799
1622506559715000,0,96.85185185,1.0800
1622506559715000,0,400.00000000,1.0800
1622506559715000,0,100.00000000,1.0800
1622506559715000,0,400.00000000,1.0800
1622506559715000,0,3974.42403815,1.0800
1622506559815000,1,200.00000000,1.0790
1622506559815000,1,200.00000000,1.0790
1622506559901000,1,333.48471000,1.0795
1622506559998000,0,400.00000000,1.0800
1622506560226000,0,8625.57596185,1.0800
1622506560226000,0,1791.67045454,1.0800
1622506560226000,0,1231.75358361,1.0800
1622506560491000,0,232.00000000,1.0800
1622506560565000,0,233.00000000,1.0800
1622506561522000,0,233.00000000,1.0795
1622506561840000,1,27.83000000,1.0790
1622506562157000,1,143.44589000,1.0790
1622506562215000,1,231.00000000,1.0781
1622506562223000,0,6640.00000000,1.0794
1622506562223000,0,250.00000000,1.0795
1622506562223000,0,4511.61080236,1.0795
1622506562369000,0,3000.00000000,1.0790
1622506562438000,1,250.00000000,1.0790
1622506562469000,1,399.00000000,1.0790
1622506562550000,1,7351.00000000,1.0790
1622506563114000,0,5377.49661403,1.0780
1622506564140000,0,231.00000000,1.0780
1622506564253000,1,4444.57852087,1.0769
1622506565965000,1,5800.00000000,1.0770
1622506566246000,1,200.00000000,1.0766
1622506566325000,1,6440.00000000,1.0766
1622506566509000,1,1541.20116000,1.0765
1622506567167000,1,0.00000674,1.0765
1622506567167000,1,524.49999326,1.0762
1622506567488000,1,0.00000674,1.0762
1622506567683000,1,295.24918458,1.0755
1622506568517000,1,600.51513895,1.0746
1622506572219000,1,1553.53898000,1.0742
1622506572478000,1,200.00000000,1.0740
1622506572561000,1,2800.00000000,1.0740
1622506573499000,1,6640.00000000,1.0735
1622506574705000,1,30.78089956,1.0724
1622506576177000,0,3841.61080000,1.0732
1622506576869000,1,621.30080000,1.0732
1622506576923000,1,0.00001303,1.0732
1622506577041000,1,400.00000000,1.0724
1622506577176000,1,1000.00000000,1.0722
1622506581614000,1,30.00000000,1.0733
1622506581681000,1,400.00000000,1.0732
1622506582429000,1,232.00000000,1.0743
1622506582718000,0,399.00000000,1.0750
1622506584989000,0,217.20957470,1.0743
1622506585086000,1,15.79042530,1.0747
1622506585604000,1,592.11046400,1.0728
1622506585942000,1,269.16842916,1.0720
1622506585942000,1,4408.27728584,1.0720
1622506590715000,0,6507.20000000,1.0738
1622506594090000,0,400.00000000,1.0740
1622506595716000,1,6640.00000000,1.0733
1622506598599000,1,306.00000000,1.0754
1622506602334000,1,400.00000000,1.0753
1622506603102000,1,400.00000000,1.0750
1622506604466000,1,400.00000000,1.0748
1622506605169000,1,400.00000000,1.0747
1622506605725000,1,1400.00000000,1.0739
1622506607585000,1,400.00000000,1.0737
1622506608953000,1,400.00000000,1.0737
1622506609483000,1,400.00000000,1.0733
1622506613124000,1,400.00000000,1.0729
1622506613346000,1,1000.00000000,1.0726
1622506614356000,1,5696.02610000,1.0729
1622506614874000,1,0.00000310,1.0729
1622506616600000,1,400.00000000,1.0725
1622506616818000,1,1000.00000000,1.0722
1622506618007000,1,400.00000000,1.0722
1622506620620000,1,400.00000000,1.0722
1622506626781000,0,86.64257582,1.0733
1622506627396000,1,335.62245000,1.0722
1622506627585000,1,64.37750000,1.0722
1622506628029000,1,0.00005000,1.0722
1622506628029000,1,999.99994999,1.0719
1622506628110000,1,0.00005001,1.0719
1622506632226000,1,400.00000000,1.0702
1622506632358000,1,1000.00000000,1.0692
1622506633597000,1,1000.00000000,1.0688
1622506633606000,1,159.00000000,1.0675
1622506636917000,0,325.00000000,1.0693
1622506638531000,1,325.00000000,1.0691
1622506668981000,1,81.00300000,1.0701
1622506680145000,1,206.06437916,1.0703
1622506682119000,1,193.93562084,1.0703
1622506682735000,1,151.61383800,1.0703
1622506690234000,1,5735.52336998,1.0680
1622506705893000,1,2451.52540900,1.0681
1622506708635000,1,400.00000000,1.0687
1622506724647000,1,1000.00000000,1.0686
1622506744834000,1,244.21499644,1.0689
1622506744970000,1,213.42605893,1.0689
1622506745030000,1,3216.05200000,1.0689
1622506745359000,1,236.43673798,1.0689
1622506745532000,1,1220.53611242,1.0689
1622506753025000,0,6640.00000000,1.0688
1622506754973000,1,6640.00000000,1.0696
1622506755073000,1,1669.81070000,1.0696
1622506755404000,1,0.00008696,1.0696
1622506758040000,0,76.76490000,1.0688
1622506778383000,0,408.92437309,1.0687
1622506784368000,0,6640.00000000,1.0681
1622506785908000,1,2625.27859700,1.0674
1622506789402000,1,4681.30036486,1.0677
1622506789402000,1,1958.69963514,1.0677
1622506789745000,1,4682.13911478,1.0675
1622506789745000,1,695.35749925,1.0673
1622506795742000,0,4600.00000000,1.0682
1622506795837000,0,2040.00000000,1.0682
1622506797553000,1,6640.00000000,1.0680
1622506806747000,1,1000.00000000,1.0653
1622506806748000,1,9377.62757172,1.0650
1622506806748000,1,2926.91700671,1.0650
1622506810016000,0,231.40427000,1.0650
1622506810016000,0,0.00000010,1.0650
1622506817034000,0,100.00000000,1.0652
1622506818210000,1,400.00000000,1.0640
1622506818210000,1,1000.00000000,1.0639
1622506818419000,1,883.91233823,1.0636
1622506818480000,1,5756.08766177,1.0636
1622506819346000,1,400.00000000,1.0633
1622506819346000,1,6240.00000000,1.0632
1622506819366000,1,231.40427000,1.0632
1622506819872000,0,399.00000000,1.0633
1622506819985000,0,6640.00000000,1.0633
1622506820303000,0,6640.00000000,1.0633
1622506821639000,0,400.00000000,1.0642
1622506823426000,1,87.00000000,1.0644
1622506826072000,1,400.00000000,1.0644
1622506833602000,1,399.00000000,1.0651
1622506835085000,1,200.00000000,1.0643
1622506835212000,1,4694.25344832,1.0642
1622506835212000,1,9386.89715168,1.0641
1622506837577000,1,400.00000000,1.0640
1622506837577000,1,240.75972632,1.0635
1622506844825000,0,6640.00000000,1.0648
1622506845492000,1,400.00000000,1.0646
1622506846247000,1,400.00000000,1.0646
1622506856140000,0,400.00000000,1.0669
1622506856640000,0,3328.35721000,1.0672
1622506856998000,0,0.00000158,1.0672
1622506857707000,1,400.00000000,1.0672
1622506858632000,1,400.00000000,1.0674
1622506860008000,1,400.00000000,1.0674
1622506860868000,1,400.00000000,1.0673
1622506866173000,1,206.50144000,1.0671
1622506869039000,1,0.00000370,1.0671
1622506869039000,1,399.99999630,1.0665
1622506869055000,1,0.00000370,1.0665
1622506869126000,1,1000.00000000,1.0663
1622506869324000,1,6640.00000000,1.0658
1622506870233000,0,180.94752235,1.0663
1622506870469000,0,230.09271072,1.0663
1622506870754000,0,210.45400738,1.0662
1622506870892000,0,177.78982426,1.0662
1622506871083000,0,219.77662563,1.0661
1622506871701000,0,180.58128201,1.0660
1622506871861000,0,205.97795874,1.0660
1622506872360000,0,235.88171965,1.0660
1622506872925000,0,195.51639167,1.0660
1622506873125000,0,235.64028974,1.0660
1622506873329000,1,400.00000000,1.0652
1622506873438000,0,238.91865085,1.0659
1622506874017000,1,400.00000000,1.0652
1622506874584000,0,243.42076809,1.0658
1622506874879000,0,208.04124800,1.0657
1622506875140000,0,179.68653104,1.0656
1622506875705000,0,181.27549460,1.0652
1622506876142000,0,230.90042491,1.0652
1622506876361000,0,227.32423867,1.0651
1622506876599000,0,215.55374244,1.0647
1622506876790000,0,184.44625756,1.0647
1622506876790000,0,14.32277320,1.0650
1622506877257000,0,179.46391684,1.0651
1622506878583000,0,183.47826035,1.0653
1622506878770000,0,201.70863908,1.0653
1622506879124000,0,213.06882682,1.0653
1622506880606000,0,218.74913291,1.0648
1622506881108000,0,191.64114986,1.0646
1622506881377000,0,237.40467808,1.0646
1622506881843000,0,245.51075527,1.0647
1622506883325000,0,251.26745532,1.0652
1622506883684000,0,194.46008838,1.0651
1622506884044000,0,227.04069353,1.0647
1622506884521000,0,189.64529372,1.0645
1622506884707000,0,210.35470628,1.0645
1622506884707000,0,40.50772048,1.0646
1622506884920000,0,193.12305306,1.0650
1622506885137000,0,197.33544243,1.0650
1622506885266000,0,233.99791001,1.0650
1622506886780000,0,216.03372370,1.0653
1622506887499000,0,246.94237544,1.0654
1622506887610000,0,1191.31750000,1.0654
1622506887709000,0,196.51209816,1.0654
1622506888914000,0,184.83142020,1.0654
1622506890073000,0,236.92398565,1.0656
1622506890210000,0,221.51605618,1.0656
1622506890456000,0,193.77847829,1.0659
1622506895252000,1,194.33657839,1.0674
1622506895554000,1,205.66342161,1.0674
1622506895668000,0,25.55460591,1.0669
1622506896310000,0,6909.46799020,1.0683
1622506897256000,0,211.41189000,1.0673
1622506897283000,0,0.00000732,1.0673
1622506897466000,0,186.81968594,1.0671
1622506897584000,1,182.29585071,1.0670
1622506897765000,1,194.05598181,1.0670
1622506898315000,0,200.00064933,1.0671
1622506898315000,0,6640.00000000,1.0677
1622506898432000,1,3616.75501000,1.0678
1622506899190000,1,0.00000907,1.0678
1622506908320000,1,183.81992784,1.0663
1622506910556000,0,2766.77451599,1.0663
1622506910588000,0,1927.37318806,1.0663
1622506910588000,0,107.00000000,1.0663
1622506913228000,1,1440.53506502,1.0652
1622506916051000,1,6409.51265000,1.0657
1622506916967000,1,1389.95293799,1.0650
1622506918122000,0,2506.47371598,1.0661
1622506918327000,0,400.00000000,1.0662
1622506918327000,0,2750.00000000,1.0664
1622506924780000,0,999.99999999,1.0665
1622506925131000,0,0.00000001,1.0665
1622506928575000,0,219.97044000,1.0669
1622506928648000,1,177.68259232,1.0668
1622506928666000,0,0.00000732,1.0669
1622506936243000,0,194.00000000,1.0698
1622506937003000,0,400.00000000,1.0700
1622506938291000,0,599.99999999,1.0700
1622506938292000,0,0.00000001,1.0700
1622506938292000,0,1000.00000000,1.0702
1622506940540000,1,6640.00000000,1.0704
1622506946015000,1,200.00000000,1.0708
1622506946015000,1,6640.00000000,1.0708
1622506946015000,1,4663.70316200,1.0706
1622506946015000,1,134.84896008,1.0706
1622506946015000,1,9327.09815655,1.0702
1622506946015000,1,1160.15540937,1.0701
1622506947210000,1,200.00000000,1.0709
1622506947210000,1,1048.75000002,1.0709
1622506952156000,0,288.00000000,1.0731
1622506952222000,1,400.00000000,1.0725
1622506953830000,0,90.00000000,1.0731
1622506955706000,0,112.00000000,1.0731
1622506955712000,0,54.22999011,1.0731
1622506955809000,0,262.00000000,1.0739
1622506957444000,0,206.00000000,1.0744
1622506961162000,1,153.81831000,1.0732
1622506961545000,1,7000.00000000,1.0729
1622506961641000,1,2667.69104000,1.0729
1622506962969000,1,2612.69108000,1.0723
1622506965598000,0,400.00000000,1.0730
1622506966305000,0,1000.00000000,1.0730
1622506968587000,1,400.00000000,1.0728
1622506968683000,1,1000.00000000,1.0728
1622506971274000,1,194.00000000,1.0728
1622506971382000,1,8936.47436826,1.0728
1622506993192000,0,400.00000000,1.0703
1622506993418000,0,9539.40935294,1.0708
1622506993418000,0,482.61852673,1.0709
1622506993452000,0,2533.68771005,1.0709
1622506993593000,0,3214.87793934,1.0709
1622506993749000,0,2152.06530973,1.0709
1622506993774000,0,2624.81472173,1.0709
1622506993774000,0,1879.44845470,1.0713
1622506993774000,0,406.86022267,1.0713
1622506994277000,0,4235.32500000,1.0709
1622506994393000,0,482.61920666,1.0709
1622506997351000,1,400.00000000,1.0702
1622507019591000,1,400.00000000,1.0693
1622507060646000,0,400.00000000,1.0700
1622507061276000,0,2856.34672630,1.0712
1622507062049000,0,400.00000000,1.0721
1622507062190000,1,235.00000000,1.0725
1622507062250000,0,233.00000000,1.0721
1622507089779000,1,1600.00000000,1.0723
1622507145688000,0,400.00000000,1.0710
1622507146146000,1,80.00000000,1.0704
1622507152743000,1,400.00000000,1.0708
1622507165106000,1,400.00000000,1.0706
1622507177036000,1,400.00000000,1.0696
1622507177378000,0,6640.00000000,1.0697
1622507177378000,0,249.43489078,1.0697
1622507179514000,1,20116.79005465,1.0699
1622507242277000,1,63.79122544,1.0684
1622507252374000,1,139.11480500,1.0682
1622507252374000,1,10520.03507858,1.0681
1622507252374000,1,163.07998615,1.0681
1622507265934000,1,5101.10443100,1.0678
1622507283676000,0,217.99391262,1.0676
1622507285889000,0,85.00000000,1.0679
1622507288975000,0,182.01034137,1.0677
1622507290048000,0,149.67353966,1.0678
1622507298296000,0,251.09414000,1.0686
1622507298314000,0,800.00000000,1.0686
1622507298323000,0,251.09414727,1.0686
1622507298392000,0,251.09414727,1.0686
1622507298412000,0,5086.71756546,1.0686
1622507302137000,0,400.00000000,1.0696
1622507302361000,0,234.00000000,1.0696
1622507306952000,0,234.00000000,1.0702
1622507307226000,0,215.93518391,1.0699
1622507307333000,0,400.00000000,1.0703
1622507308150000,0,3000.00000000,1.0703
1622507308150000,0,6640.00000000,1.0703
1622507308346000,1,245.63229542,1.0704
1622507308437000,1,196.68966212,1.0704
1622507308565000,1,233.41460490,1.0704
1622507308696000,1,226.77586476,1.0704
1622507308827000,1,179.71007439,1.0704
1622507309202000,1,220.75419823,1.0704
1622507309340000,1,177.87127774,1.0704
1622507309513000,1,231.31683145,1.0704
1622507309868000,1,190.82508894,1.0704
1622507310216000,1,225.26623695,1.0704
1622507310327000,1,199.85374500,1.0704
1622507310453000,1,196.05722935,1.0704
1622507310771000,1,251.09414000,1.0704
1622507311693000,1,211.08769543,1.0704
1622507311810000,1,177.35252943,1.0704
1622507312013000,1,230.56539055,1.0704
1622507313125000,1,242.23632538,1.0704
1622507313236000,1,98.00819638,1.0704
1622507314451000,1,3306.91506107,1.0704
1622507314522000,1,3258.21292447,1.0704
1622507334782000,0,4328.40000000,1.0722
1622507334782000,0,1141.00189302,1.0722
1622507334892000,0,0.00000001,1.0722
1622507335106000,0,2685.21445547,1.0724
1622507335127000,0,167.29027712,1.0724
1622507336203000,0,12127.99260000,1.0735
1622507336758000,1,400.00000000,1.0730
1622507338013000,1,1000.00000000,1.0725
1622507344895000,1,202.28700000,1.0723
1622507348415000,0,1115.43591184,1.0729
1622507348415000,0,6640.00000000,1.0729
1622507348415000,0,8426.04363569,1.0730
1622507348415000,0,9593.32036176,1.0730
1622507348468000,1,11451.74700000,1.0731
1622507348500000,1,3033.03800000,1.0731
1622507348517000,1,1410.00000000,1.0731
1622507348589000,1,4400.00000000,1.0731
1622507362410000,1,400.00000000,1.0758
1622507369936000,0,1136.97090886,1.0759
1622507370033000,1,64.00000000,1.0749
1622507374083000,0,45.00000000,1.0757
1622507384798000,1,400.00000000,1.0759
1622507391689000,1,234.00000000,1.0763
1622507393156000,1,197.85981694,1.0766
1622507393156000,1,929.72442555,1.0763
1622507395322000,0,400.00000000,1.0775
1622507395525000,0,1000.00000000,1.0775
1622507396342000,1,1305.69299998,1.0773
1622507408690000,0,6640.00000000,1.0765
1622507408690000,0,1110.25586086,1.0765
1622507408690000,0,5094.42565172,1.0765
1622507411388000,0,24.00000000,1.0752
1622507412743000,1,689.36333973,1.0755
1622507415766000,1,24.00000000,1.0759
1622507425930000,0,400.00000000,1.0769
1622507425930000,0,1000.00000000,1.0770
1622507425930000,0,8573.79225900,1.0773
1622507434473000,1,399.99999999,1.0759
1622507435101000,1,0.00000001,1.0759
1622507435101000,1,1000.00000000,1.0756
1622507452247000,1,499.30107992,1.0752
1622507455584000,1,2728.72173057,1.0750
1622507464525000,0,400.00000000,1.0749
1622507465870000,1,400.00000000,1.0747
1622507465870000,1,2773.84494000,1.0742
1622507467418000,0,1350.00000000,1.0756
1622507475687000,0,400.00000000,1.0748
1622507476604000,1,201.92302501,1.0746
1622507482562000,0,8625.94930000,1.0760
1622507483659000,0,926.96164920,1.0766
1622507483917000,1,2636.21299900,1.0754
1622507483942000,1,4003.78700100,1.0754
1622507487904000,1,184.90189671,1.0747
1622507488316000,1,1566.13048000,1.0746
1622507489550000,1,0.00000526,1.0746
1622507489565000,0,232.99999474,1.0745
1622507489565000,0,167.00000526,1.0753
1622507500668000,1,10008.26321029,1.0749
1622507500668000,1,2836.41830229,1.0749
1622507509603000,0,400.00000000,1.0750
1622507519385000,0,4656.77270309,1.0744
1622507526901000,0,400.00000000,1.0753
1622507527704000,0,400.00000000,1.0761
1622507531715000,0,400.00000000,1.0774
1622507532674000,0,400.00000000,1.0783
1622507534714000,0,2900.00000000,1.0800
1622507534818000,0,2100.00000000,1.0800
1622507534843000,0,11388.67911014,1.0800
1622507534891000,0,211.68365097,1.0800
1622507534898000,0,8310.69239583,1.0800
1622507534926000,0,6290.03557291,1.0800
1622507534949000,0,1628.59576609,1.0800
1622507535072000,0,23124.04689600,1.0800
1622507535112000,0,1621.30100000,1.0800
1622507535249000,0,11941.93997631,1.0800
1622507535598000,0,23113.87260463,1.0800
1622507535713000,0,9400.00000000,1.0800
1622507535751000,0,5997.91441927,1.0800
1622507535833000,0,3216.51600000,1.0800
1622507535853000,0,11300.00000000,1.0800
1622507535854000,0,21399.90000000,1.0800
1622507535956000,0,15900.00000000,1.0800
1622507536033000,0,288458.06902424,1.0800
1622507536033000,0,900.00000000,1.0800
1622507536033000,0,256.00000000,1.0800
1622507536033000,0,400.00000000,1.0800
1622507536033000,0,258.00000000,1.0800
1622507536033000,0,286.00000000,1.0800
1622507536033000,0,5000.00000000,1.0800
1622507536033000,0,27.85030461,1.0801
1622507536067000,0,75.78014123,1.0805
1622507536067000,0,58.49660526,1.0807
1622507536280000,0,20.62007000,1.0816
1622507536341000,0,400.00000000,1.0818
1622507536341000,0,27.80036969,1.0820
1622507537601000,1,195.16121568,1.0818
1622507538451000,0,205.03936000,1.0823
1622507538533000,0,6640.00000000,1.0823
1622507538789000,1,6640.00000000,1.0823
1622507539014000,0,0.00000410,1.0823
1622507539019000,1,119.00000000,1.0823
1622507540372000,1,1110.25586085,1.0827
1622507540607000,0,400.00000000,1.0830
1622507540607000,0,999.99999999,1.0831
1622507540608000,0,0.00000001,1.0831
1622507540946000,0,3000.00000000,1.0840
1622507540946000,0,1129.25318042,1.0840
1622507540946000,0,27.74907749,1.0840
1622507540946000,0,2821.79858996,1.0844
1622507540946000,0,21.18002000,1.0844
1622507542302000,0,27.72190000,1.0851
1622507542358000,0,0.00006929,1.0851
1622507542358000,0,49.67547274,1.0854
1622507542358000,0,27.69797422,1.0860
1622507542358000,0,3000.00000000,1.0866
1622507542358000,0,617.62648375,1.0866
1622507544385000,0,25.00000000,1.0870
1622507544402000,0,375.00000000,1.0870
1622507548664000,1,400.00000000,1.0849
1622507548993000,0,3000.00000000,1.0859
1622507551527000,0,6640.00000000,1.0847
1622507551651000,0,151.00000000,1.0848
1622507554048000,0,400.00000000,1.0853
1622507554158000,0,193.00000000,1.0853
1622507556451000,0,243.26687447,1.0846
1622507556451000,0,1127.25550826,1.0856
1622507557574000,0,237.38402460,1.0864
1622507557574000,0,1126.34202791,1.0867
1622507557574000,0,2814.80481008,1.0870
1622507557574000,0,5000.00000000,1.0870
1622507558039000,0,2814.80481008,1.0871
1622507558039000,0,525.58148992,1.0871
1622507558664000,0,600.51166000,1.0871
1622507558683000,1,248.06451283,1.0864
1622507558796000,1,236.37676882,1.0864
1622507558910000,1,217.36755985,1.0865
1622507559144000,1,183.16189722,1.0865
1622507559335000,0,251.32418777,1.0861
1622507559335000,0,75.94859565,1.0871
1622507559405000,1,72.72721658,1.0872
1622507559405000,1,112.76081640,1.0859
1622507559462000,1,72.70000000,1.0872
1622507559525000,0,230.00000000,1.0875
1622507559610000,1,72.70000000,1.0872
1622507559676000,1,85.60000000,1.0872
1622507560675000,0,176.99430000,1.0858
1622507564658000,1,237.08678310,1.0856
1622507564810000,1,237.59316031,1.0856
1622507584158000,0,6640.00000000,1.0848
1622507584322000,0,43583.00000000,1.0853
1622507584322000,0,4028.40000000,1.0855
1622507584322000,0,603.60000000,1.0856
1622507584869000,0,396.39999999,1.0856
1622507584872000,0,0.00000001,1.0856
1622507585083000,0,1723.35419614,1.0864
1622507585087000,0,0.00000001,1.0864
1622507586031000,1,184.00000000,1.0872
1622507586178000,1,192.42702076,1.0869
1622507586265000,1,207.57297924,1.0869
1622507587284000,0,204.01416728,1.0878
1622507587353000,1,71.98583000,1.0878
1622507587431000,1,0.00000272,1.0878
1622507587431000,1,231.99999728,1.0878
1622507587463000,1,0.00000272,1.0878
1622507587633000,1,232.53513860,1.0868
1622507587638000,1,167.46486140,1.0868
1622507588433000,0,207.00000000,1.0863
1622507589741000,1,228.56610722,1.0871
1622507589767000,1,171.43389278,1.0871
1622507590060000,0,203.44690000,1.0866
1622507591207000,1,184.80427807,1.0872
1622507591320000,1,197.95784196,1.0872
1622507591995000,0,27.64705882,1.0880
1622507591995000,0,372.35294118,1.0880
1622507592062000,0,400.00000000,1.0880
1622507592083000,0,231.00000000,1.0880
1622507592086000,0,841.64705882,1.0880
1622507592086000,0,37.87422506,1.0881
1622507592086000,0,400.00000000,1.0882
1622507592476000,0,230.00000000,1.0878
1622507592852000,0,169.01010000,1.0890
1622507593617000,0,201.68179000,1.0893
1622507593655000,0,0.00000949,1.0893
1622507594076000,0,27.59633028,1.0900
1622507594076000,0,4579.13476972,1.0900
1622507594158000,0,5420.86523028,1.0900
1622507594158000,0,250.00000000,1.0900
1622507594158000,0,1500.00000000,1.0900
1622507594158000,0,5000.00000000,1.0900
1622507594158000,0,2000.00000000,1.0900
1622507594158000,0,2000.00000000,1.0900
1622507594158000,0,829.13476972,1.0900
1622507594181000,0,400.00000000,1.0900
1622507594343000,0,229.00000000,1.0900
1622507594441000,0,4441.73046000,1.0900
1622507594552000,0,1100.13477028,1.0900
1622507594552000,0,399.86522972,1.0900
1622507594624000,0,3216.51600000,1.0900
1622507594674000,0,5000.00000000,1.0900
1622507594720000,0,1383.61877028,1.0900
1622507594898000,0,27.59481129,1.0901
1622507595070000,1,325.59709448,1.0912
1622507596227000,1,400.00000000,1.0905
1622507596269000,1,399.00000000,1.0906
1622507596360000,1,6241.00000000,1.0906
1622507596408000,1,59.40290552,1.0900
1622507596880000,1,22959.98315275,1.0900
1622507596990000,1,45.39467231,1.0900
1622507597391000,1,6640.00000000,1.0900
1622507597391000,1,5835.21926942,1.0900
1622507597487000,1,400.00000000,1.0886
1622507597487000,1,100.21010000,1.0883
1622507598354000,1,3000.00000000,1.0887
1622507598371000,1,323.76698502,1.0887
1622507598432000,1,3000.00000000,1.0888
1622507598432000,1,640.00000000,1.0887
1622507599088000,1,2368.83810000,1.0888
1622507599088000,1,1191.09192000,1.0888
1622507599153000,1,3000.00000000,1.0888
1622507599235000,1,80.06998000,1.0888
1622507599360000,1,2368.83810000,1.0889
1622507599673000,1,899.78990000,1.0884
1622507599772000,1,5740.21010000,1.0884
1622507599952000,0,400.00000000,1.0887
1622507600304000,1,229.00000000,1.0884
1622507602228000,1,100.00000000,1.0886
1622507603162000,1,400.00000000,1.0887
1622507603271000,1,1000.00000000,1.0886
1622507604126000,1,6640.00000000,1.0886
1622507605480000,1,3000.00000000,1.0882
1622507614989000,1,400.00000000,1.0876
1622507616111000,0,234.72880000,1.0875
1622507617522000,1,7812.01494892,1.0869
1622507617561000,1,2004.46087530,1.0869
1622507617563000,1,2234.52315351,1.0868
1622507617570000,1,2076.27684649,1.0868
1622507617778000,0,267.21649098,1.0865
1622507618813000,0,400.00000000,1.0874
1622507621735000,0,186.19891000,1.0871
1622507622304000,0,0.00000647,1.0871
1622507622304000,0,400.00000000,1.0874
1622507635459000,1,400.00000000,1.0866
1622507637193000,1,400.00000000,1.0862
1622507640571000,1,400.00000000,1.0860
1622507644112000,1,4605.37161000,1.0850
1622507644225000,1,1830.87360000,1.0850
1622507644311000,1,203.75479000,1.0850
1622507646300000,0,230.00000000,1.0860
1622507654862000,1,609.90339773,1.0837
1622507654862000,1,243.99732227,1.0837
1622507656418000,1,400.00000000,1.0832
1622507659903000,0,400.00000000,1.0835
1622507661449000,1,400.00000000,1.0831
1622507663171000,0,400.00000000,1.0834
1622507667159000,0,400.00000000,1.0834
1622507680392000,0,400.00000000,1.0865
1622507681802000,0,223.30354000,1.0873
1622507683073000,0,400.00000000,1.0878
1622507683380000,0,369.00000000,1.0880
1622507684471000,0,193.96488000,1.0882
1622507687270000,0,220.55162567,1.0885
1622507687270000,0,9.44837433,1.0895
1622507687480000,0,180.42784388,1.0881
1622507687480000,0,218.57215612,1.0895
1622507687484000,1,233.41819000,1.0880
1622507687515000,1,0.00000381,1.0880
1622507687891000,1,233.41819381,1.0876
1622507687891000,1,233.30678724,1.0876
1622507687891000,1,9664.49450086,1.0875
1622507687891000,1,9602.04897809,1.0875
1622507688011000,1,241.26933000,1.0875
1622507688029000,0,24.52352628,1.0894
1622507688105000,1,0.00000351,1.0875
1622507689471000,0,230.00000000,1.0878
1622507690791000,1,400.00000000,1.0882
1622507692759000,0,400.00000000,1.0888
1622507692853000,0,230.00000000,1.0888
1622507693854000,1,232.97048000,1.0870
1622507706008000,0,6640.00000000,1.0868
1622507706008000,0,1110.25586086,1.0869
1622507706008000,0,250.00000000,1.0870
1622507706008000,0,1000.00000000,1.0872
1622507706008000,0,4583.88364314,1.0872
1622507706502000,1,259.00000000,1.0854
1622507730806000,0,400.00000000,1.0846
1622507730806000,0,1000.00000000,1.0850
1622507730806000,0,1110.25586086,1.0851
1622507730806000,0,6640.00000000,1.0851
1622507730806000,0,4612.33772942,1.0852
1622507730917000,1,4612.33772942,1.0853
1622507730923000,1,4800.00000000,1.0853
1622507730967000,1,13827.72540000,1.0853
1622507730994000,1,12997.34328030,1.0853
1622507731377000,1,399.00000000,1.0836
1622507749655000,0,104.00000000,1.0819
1622507750956000,0,200.99350659,1.0816
1622507750956000,0,6640.00000000,1.0818
1622507750956000,0,13763.99460000,1.0819
1622507750956000,0,4327.10000000,1.0819
1622507751033000,1,181.67848587,1.0819
1622507751041000,1,23133.05773390,1.0819
1622507751047000,1,1753.17567364,1.0819
1622507760856000,1,222.00000000,1.0807
1622507761143000,0,234.92153702,1.0814
1622507761143000,0,8030.45508376,1.0815
1622507761143000,0,6371.18095136,1.0815
1622507761143000,0,1000.00000000,1.0815
1622507761143000,0,7374.99457761,1.0817
1622507761143000,0,9792.95803264,1.0817
1622507761143000,0,9525.18879831,1.0817
1622507761143000,0,1131.39902696,1.0817
1622507761143000,0,1110.25586086,1.0817
1622507761146000,1,5428.64613148,1.0818
1622507762923000,0,400.00000000,1.0803
1622507764009000,1,217.18227000,1.0809
1622507764101000,1,0.00000454,1.0809
1622507764101000,1,349.99999546,1.0800
1622507771713000,0,400.00000000,1.0814
1622507772452000,0,400.00000000,1.0820
1622507772678000,0,1000.00000000,1.0821
1622507775184000,0,400.00000000,1.0832
1622507776935000,0,400.00000000,1.0855
1622507776990000,0,195.22537804,1.0854
1622507777302000,0,4.49523914,1.0849
1622507781888000,0,567.81127000,1.0866
1622507782367000,0,567.81127490,1.0866
1622507786902000,1,149.91232995,1.0856
1622507786902000,1,374.78082488,1.0856
1622507787484000,0,400.00000000,1.0859
1622507792157000,1,400.00000000,1.0864
1622507792400000,1,146.44819733,1.0859
1622507801318000,1,1900.00000000,1.0871
1622507801333000,1,400.00000000,1.0871
1622507801335000,1,22417.74613919,1.0871
1622507813179000,0,400.00000000,1.0902
1622507813525000,0,1000.00000000,1.0903
1622507813606000,0,179.77372812,1.0902
1622507815176000,0,27.54578755,1.0920
1622507815176000,0,20.41008999,1.0925
1622507815183000,0,0.00000001,1.0925
1622507815320000,0,27.03545805,1.0930
1622507815320000,0,202.99409644,1.0932
1622507820759000,1,3179.48766000,1.0919
1622507820850000,1,800.00000000,1.0919
1622507821620000,1,2660.51234000,1.0919
1622507822178000,1,6640.00000000,1.0917
1622507822178000,1,170.00000000,1.0917
1622507822178000,1,1000.00000000,1.0913
1622507823768000,0,22.61438000,1.0914
1622507823887000,0,229.00000000,1.0914
1622507823996000,0,229.00000000,1.0914
1622507825904000,1,200.77455698,1.0897
1622507825904000,1,2324.42729902,1.0897
1622507831965000,0,6640.00000000,1.0900
1622507831965000,0,200.00000000,1.0914
1622507831965000,0,228.00000000,1.0915
1622507831965000,0,5534.19051370,1.0917
1622507836490000,0,28.43068000,1.0900
1622507837111000,0,20.17464000,1.0897
1622507840328000,1,230.00000000,1.0892
1622507841845000,1,399.99999999,1.0891
1622507846442000,0,1000.00000000,1.0910
1622507848569000,0,124.00000000,1.0918
1622507848599000,0,400.00000000,1.0918
1622507848638000,0,1000.00000000,1.0922
1622507850754000,0,210.01737000,1.0920
1622507851313000,0,2571.92632775,1.0931
1622507851400000,0,4709.80644686,1.0931
1622507851400000,0,1119.93952362,1.0931
1622507851400000,0,1192.19633458,1.0931
1622507856591000,0,400.00000000,1.0933
1622507866266000,1,400.00000000,1.0928
1622507866674000,1,3434.01737000,1.0928
1622507868441000,1,404.92882000,1.0920
1622507868746000,1,404.92882000,1.0919
1622507868831000,1,0.00000283,1.0919
1622507868831000,1,399.99999717,1.0918
1622507868850000,1,0.00000283,1.0918
1622507869198000,1,201.85794000,1.0915
1622507869340000,1,6640.00000000,1.0915
1622507872599000,0,246.59276034,1.0907
1622507873212000,0,500.00000000,1.0906
1622507874832000,0,6640.00000000,1.0899
1622507885978000,0,247.55488227,1.0921
1622507886074000,0,400.00000000,1.0922
1622507892436000,0,195.11736042,1.0904
1622507892436000,0,33.88263958,1.0906
1622507894707000,1,229.00000000,1.0892
1622507909599000,1,5635.83930000,1.0898
1622507909694000,1,1004.16070000,1.0898
1622507915399000,1,6000.00000000,1.0909
1622507915986000,1,640.00000000,1.0909
1622507919678000,0,400.00000000,1.0910
1622507919755000,0,2241.18660900,1.0912
1622507919756000,0,4398.81339100,1.0912
1622507921473000,0,399.00000000,1.0917
1622507924789000,1,1615.09566000,1.0912
1622507931007000,1,0.00000402,1.0912
1622507942791000,0,400.00000000,1.0905
1622507946013000,1,2434.02041800,1.0899
1622507946031000,0,400.00000000,1.0910
1622507946702000,0,47.00000000,1.0916
1622507952244000,1,800.00000000,1.0916
1622507955114000,0,400.00000000,1.0916
1622507955650000,0,1120.39699000,1.0923
1622507956151000,0,400.00000000,1.0924
1622507957844000,0,400.00000000,1.0926
1622507969138000,1,1058.56976890,1.0907
1622507970114000,0,500.00000000,1.0917
1622507971310000,0,400.00000000,1.0916
1622507978552000,0,400.00000000,1.0923
1622507978552000,0,4839.58495814,1.0930
1622507981878000,0,45.00000000,1.0920
1622507985988000,0,230.49192710,1.0925
1622507985988000,0,400.00000000,1.0926
1622507985988000,0,7752.31002163,1.0929
1622507985988000,0,4209.15669527,1.0930
1622507999307000,0,1597.12515000,1.0930
1622507999338000,0,0.00000740,1.0930
1622508006705000,0,999.99999999,1.0929
1622508006710000,0,0.00000001,1.0929
1622508006712000,0,8639.79406055,1.0931
1622508006724000,0,517.97693538,1.0931
1622508006724000,0,4577.91393394,1.0931
1622508006724000,0,6999.82081545,1.0934
1622508020412000,1,60.00000000,1.0913
1622508020430000,0,400.00000000,1.0919
1622508025870000,1,2535.39088500,1.0925
1622508030007000,0,52.22357000,1.0930
1622508032153000,0,0.00000021,1.0930
1622508033474000,0,400.00000000,1.0937
1622508034226000,0,27.49542962,1.0940
1622508034226000,0,95.00000000,1.0940
1622508034226000,0,1078.12924956,1.0940
1622508036159000,0,216.72805370,1.0947
1622508036159000,0,11.27194630,1.0950
1622508037454000,0,184.00000000,1.0948
1622508037544000,0,41.83959461,1.0948
1622508037544000,0,100.00000000,1.0950
1622508037544000,0,74.16040539,1.0950
1622508038509000,0,747.16233368,1.0950
1622508053068000,0,400.00000000,1.0940
1622508053252000,0,1000.00000000,1.0942
1622508060233000,1,115.60000000,1.0928
1622508068750000,1,1478.31470000,1.0928
1622508068926000,1,0.00000734,1.0928
1622508069612000,1,3000.00000000,1.0922
1622508070688000,0,229.00000000,1.0915
1622508071280000,1,3000.00000000,1.0912
1622508072878000,0,400.00000000,1.0915
1622508075059000,1,230.00000000,1.0906
1622508075752000,0,400.00000000,1.0911
1622508078904000,0,400.00000000,1.0909
1622508082687000,0,400.00000000,1.0911
1622508089335000,0,400.00000000,1.0908
1622508093507000,1,656.78329000,1.0906
1622508095235000,1,0.00000418,1.0906
1622508095235000,1,115.79999582,1.0901
1622508097771000,1,230.00000000,1.0883
1622508098118000,0,1000.00000000,1.0895
1622508098507000,0,400.00000000,1.0892
1622508103295000,0,33.88640000,1.0892
1622508109926000,0,400.00000000,1.0895
1622508112432000,0,25.05899000,1.0900
1622508112432000,0,240.94166154,1.0903
1622508112432000,0,400.00000000,1.0904
1622508112432000,0,333.99934846,1.0904
1622508125113000,0,400.00000000,1.0894
1622508125113000,0,1122.76924262,1.0900
1622508125113000,0,7136.40769013,1.0902
1622508125235000,0,2807.25116486,1.0904
1622508125261000,0,1122.95478343,1.0904
1622508125280000,0,1122.76924262,1.0902
1622508125327000,0,2045.64230000,1.0901
1622508125374000,0,2807.25116485,1.0901
1622508125387000,0,1787.10653515,1.0901
1622508125473000,0,29.78028897,1.0915
1622508125484000,1,1122.95478343,1.0917
1622508125491000,1,711.18542536,1.0917
1622508125491000,1,1170.87370000,1.0902
1622508125571000,0,924.67506624,1.0901
1622508125718000,0,87.83363971,1.0917
1622508125829000,0,912.16636029,1.0917
1622508125829000,0,4237.99575743,1.0917
1622508125848000,0,1998.94604778,1.0917
1622508125914000,0,403.05819479,1.0917
1622508125935000,0,400.00000000,1.0919
1622508126249000,1,1092.17562236,1.0918
1622508126342000,0,200.00000000,1.0917
1622508126376000,0,4190.32500000,1.0917
1622508126433000,0,487.73244327,1.0917
1622508126453000,0,669.76693437,1.0917
1622508128074000,1,400.00000000,1.0943
1622508128148000,0,230.00000000,1.0942
1622508128230000,0,229.00000000,1.0942
1622508129554000,1,6400.00000000,1.0930
1622508129638000,1,240.00000000,1.0930
1622508131790000,0,230.00000000,1.0918
1622508138503000,0,6276.39516852,1.0923
1622508151937000,0,236.30461000,1.0933
1622508160878000,0,400.00000000,1.0927
1622508187525000,0,23.00000000,1.0920
1622508187525000,0,999.99999999,1.0923
1622508187531000,0,0.00000001,1.0923
1622508187531000,0,3700.51233998,1.0924
1622508188613000,0,229.00000000,1.0937
1622508188713000,0,400.00000000,1.0942
1622508188861000,0,228.00000000,1.0942
1622508197690000,0,125.83959461,1.0950
1622508197690000,0,27.46881448,1.0951
1622508197753000,0,0.00000001,1.0951
1622508205145000,1,205.96500000,1.0948
1622508208514000,0,20.95004000,1.0953
1622508211266000,0,27.44525547,1.0960
1622508211699000,0,39.28093443,1.0963
1622508211720000,0,0.00000001,1.0963
1622508211836000,1,208.70089514,1.0963
1622508212655000,0,63.82116971,1.0972
1622508212657000,0,0.00000001,1.0972
1622508212675000,0,480.26701950,1.0973
1622508212738000,0,400.00000000,1.0974
1622508213011000,0,203.61031281,1.0970
1622508213649000,0,47.53600189,1.0975
1622508213649000,0,979.04927996,1.0976
1622508214181000,0,228.03528019,1.0978
1622508214213000,0,0.00000001,1.0978
1622508216411000,0,27.39526412,1.0980
1622508224163000,1,337.78499000,1.0973
1622508224267000,1,0.00000987,1.0973
1622508224267000,1,2354.41336013,1.0973
1622508224268000,1,0.00001757,1.0973
1622508224348000,1,337.77269000,1.0973
1622508224450000,1,0.00000844,1.0973
1622508224517000,1,337.78499987,1.0970
1622508224517000,1,2.81615013,1.0969
1622508226253000,1,399.00000000,1.0954
1622508228643000,0,1000.00000000,1.0959
1622508228643000,0,3494.37131539,1.0963
1622508228644000,0,3145.62868461,1.0963
1622508228868000,0,1294.29027153,1.0963
1622508228926000,0,3682.50000000,1.0963
1622508228927000,0,2280.43292911,1.0963
1622508229030000,0,891.54928181,1.0970
1622508229038000,1,1116.68722142,1.0966
1622508229048000,0,224.07859936,1.0970
1622508229052000,0,1115.62788117,1.0973
1622508229255000,0,1116.68722142,1.0974
1622508229457000,0,201.97912596,1.0987
1622508229599000,0,400.00000000,1.0989
1622508229989000,0,75.78014123,1.0990
1622508229989000,0,323.21985877,1.0990
1622508230160000,0,475.86355611,1.0990
1622508230160000,0,475.86355611,1.0990
1622508230351000,0,2725.05302901,1.0990
1622508230351000,0,862.23597099,1.0990
1622508230717000,0,146.90147250,1.0990
1622508231194000,0,34.39548959,1.0995
1622508231194000,0,178.67293987,1.0997
1622508232708000,0,100.00000000,1.0999
1622508232708000,0,100.00000000,1.0999
1622508233080000,1,229.00000000,1.0999
1622508233187000,1,3215.00000000,1.0999
1622508233721000,0,70.43267616,1.1000
1622508233721000,0,27.34545455,1.1000
1622508233721000,0,131.22186929,1.1000
1622508235047000,0,3368.77813071,1.1000
1622508235047000,0,110.00000000,1.1000
1622508235047000,0,16695.87684929,1.1000
1622508235389000,0,304.12315071,1.1000
1622508235389000,0,95.87684929,1.1000
1622508235691000,0,228.00000000,1.1000
1622508235929000,1,179.21164994,1.1000
1622508235999000,1,199.48894958,1.0997
1622508236003000,1,200.51105042,1.0997
1622508236094000,0,247.80355800,1.0993
1622508236189000,0,227.00000000,1.0999
1622508236189000,0,6640.00000000,1.0999
1622508236189000,0,4676.12315071,1.1000
1622508236189000,0,24.39755134,1.1000
1622508236189000,0,50.00000000,1.1000
1622508236189000,0,3000.00000000,1.1000
1622508236189000,0,30.00000000,1.1000
1622508236189000,0,122.00000000,1.1000
1622508236189000,0,450.00000000,1.1000
1622508236189000,0,12680.47929795,1.1000
1622508236466000,0,229.00000000,1.0999
1622508237254000,1,400.00000000,1.0986
1622508238019000,1,391.22114000,1.0975
1622508238143000,1,399.00000000,1.0975
1622508239686000,1,1822.90000000,1.0987
1622508247028000,1,6640.00000000,1.0980
1622508247260000,1,390.05181677,1.0974
1622508247260000,1,390.03217819,1.0974
1622508249053000,1,2000.00000000,1.0978
1622508249693000,0,228.00000000,1.0977
1622508250535000,0,561.33502000,1.0990
1622508251024000,0,561.33502000,1.0991
1622508258570000,1,764.80442000,1.0983
1622508258786000,0,200.00000000,1.0990
1622508265091000,1,400.00000000,1.0980
1622508266106000,1,400.00000000,1.0979
1622508267391000,1,400.00000000,1.0976
1622508269023000,1,3035.32500000,1.0971
1622508271836000,1,59.21439700,1.0964
1622508275706000,1,229.00000000,1.0961
1622508278691000,1,214.69636000,1.0961
1622508278752000,1,0.00000154,1.0961
1622508278752000,1,2000.00000000,1.0960
1622508278782000,1,400.00000000,1.0959
1622508278912000,1,1000.00000000,1.0957
1622508279718000,0,200.00000000,1.0958
1622508280705000,1,1000.00000000,1.0942
1622508281010000,0,174.00000000,1.0950
1622508281010000,0,55.00000000,1.0950
1622508282647000,1,200.00000000,1.0945
1622508282647000,1,200.00000000,1.0944
1622508283822000,0,400.00000000,1.0954
1622508284861000,0,400.00000000,1.0964
1622508288044000,1,1029.00000000,1.0967
1622508288202000,1,399.00000000,1.0966
1622508289575000,1,200.00000000,1.0963
1622508289575000,1,46.47495748,1.0963
1622508291671000,0,146.90147250,1.0969
1622508291961000,1,400.00000000,1.0964
1622508306011000,1,375.00050174,1.0956
1622508306011000,1,2033.60946226,1.0956
1622508307005000,0,2180.57440000,1.0974
1622508309158000,0,400.00000000,1.0980
1622508311537000,0,0.00000772,1.0991
1622508314279000,0,400.00000000,1.0995
1622508314663000,1,16407.13771000,1.0997
1622508314754000,1,5100.00000000,1.0997
1622508314824000,1,3600.00000000,1.0997
1622508314890000,1,3800.00000000,1.0997
1622508314954000,1,5000.00000000,1.0997
1622508315016000,1,5000.00000000,1.0997
1622508315094000,1,4000.00000000,1.0997
1622508315217000,1,250.36805560,1.0997
1622508315421000,1,246.12614801,1.0997
1622508315632000,1,187.25115589,1.0997
1622508315787000,1,228.44333549,1.0997
1622508315948000,1,228.42778216,1.0997
1622508316061000,1,207.87146409,1.0997
1622508316264000,1,236.61553239,1.0997
1622508316383000,1,188.51908287,1.0997
1622508316756000,1,109.39028288,1.0997
1622508319338000,0,189.13221000,1.0988
1622508320119000,1,200.00000000,1.0983
1622508320186000,1,6440.00000000,1.0983
1622508321254000,1,399.00000000,1.0975
1622508327617000,0,185.85571000,1.0984
1622508328163000,0,400.00000000,1.0986
1622508330676000,1,600.00000000,1.0983
1622508332197000,1,228.00000000,1.0983
1622508332218000,1,4824.40281786,1.0983
1622508333312000,1,6640.00000000,1.0971
1622508335004000,1,6640.00000000,1.0956
1622508335004000,1,5000.00000000,1.0956
1622508335004000,1,400.00000000,1.0953
1622508335004000,1,357.50733126,1.0950
1622508335062000,1,893.76832815,1.0947
1622508335062000,1,1000.00000000,1.0947
1622508335063000,1,4563.93214829,1.0945
1622508335063000,1,200.00000000,1.0944
1622508335063000,1,2323.90404075,1.0943
1622508335063000,1,1513.81981674,1.0943
1622508335066000,1,7608.88757585,1.0943
1622508335066000,1,992.76842993,1.0943
1622508335210000,1,596.04550115,1.0943
1622508335210000,1,241.26063458,1.0941
1622508335359000,0,1347.04510899,1.0940
1622508335462000,1,596.04550000,1.0943
1622508336075000,1,400.00000000,1.0933
1622508336077000,0,400.00000000,1.0939
1622508336154000,0,2184.35124472,1.0948
1622508336168000,1,137.00000000,1.0933
1622508336241000,1,92.00000000,1.0934
1622508336351000,1,230.00000000,1.0945
1622508336550000,0,400.00000000,1.0948
1622508336550000,0,1118.07963918,1.0948
1622508336550000,0,1406.93244082,1.0948
1622508341587000,0,1116.47778000,1.0960
1622508345932000,1,2916.47778000,1.0963
1622508345932000,1,400.00000000,1.0963
1622508346702000,0,227.00000000,1.0971
1622508350990000,0,400.00000000,1.0958
1622508366289000,1,795.60160000,1.0942
1622508366810000,1,0.00000173,1.0942
1622508366810000,1,99.99999827,1.0941
1622508367428000,1,300.00000000,1.0941
1622508367756000,1,0.00000173,1.0941
1622508367756000,1,202.91314262,1.0934
1622508367756000,1,27.08685565,1.0933
1622508372905000,1,404.39840000,1.0933
1622508372986000,1,1828.60160000,1.0933
1622508373127000,1,202.91314435,1.0933
1622508373182000,1,6640.00000000,1.0934
1622508373798000,1,400.00000000,1.0924
1622508373865000,1,230.00000000,1.0924
1622508373952000,1,227.00000000,1.0924
1622508380056000,0,106.86338600,1.0932
1622508385312000,0,400.00000000,1.0945
1622508387385000,0,400.00000000,1.0945
1622508396492000,0,400.00000000,1.0958
1622508397113000,0,4294.16725000,1.0963
1622508397190000,0,0.00000091,1.0963
1622508397190000,0,399.99999909,1.0966
1622508397311000,0,0.00000091,1.0966
1622508398004000,0,399.99999999,1.0973
1622508398040000,0,0.00000001,1.0973
1622508401192000,0,1819.70000000,1.0980
1622508404628000,1,3100.00000000,1.0971
1622508404830000,1,1505.80139000,1.0971
1622508404948000,1,1505.80139000,1.0971
1622508406360000,1,4402.26447000,1.0971
1622508406912000,1,2700.00000000,1.0971
1622508407839000,1,0.00000899,1.0971
1622508429013000,0,400.00000000,1.0944
1622508429983000,0,400.00000000,1.0949
1622508434152000,0,6886.23694000,1.0939
1622508434171000,0,0.00000713,1.0939
1622508437155000,1,216.70648133,1.0946
1622508437155000,1,6640.00000000,1.0945
1622508440245000,1,232.89361921,1.0947
1622508440245000,1,6640.00000000,1.0945
1622508440768000,0,2302.90069000,1.0956
1622508443403000,1,2211.54124021,1.0949
1622508464848000,0,49.90812500,1.0952
1622508464989000,0,500.00000000,1.0952
1622508508463000,1,300.00000000,1.0930
1622508528677000,0,400.00000000,1.0917
1622508532376000,0,400.00000000,1.0926
1622508547718000,0,400.00000000,1.0930
1622508556450000,1,3443.68419696,1.0920
1622508556516000,1,635.36725881,1.0920
1622508569676000,1,219.84108084,1.0907
1622508569746000,0,180.15891000,1.0906
1622508611335000,0,5230.70346000,1.0897
1622508611442000,0,1409.29654000,1.0897
1622508611827000,0,4893.06114788,1.0900
1622508611865000,0,1746.93885212,1.0900
1622508613921000,0,230.00000000,1.0916
1622508614038000,0,399.00000000,1.0916
1622508623391000,0,400.00000000,1.0913
1622508624321000,0,6640.00000000,1.0915
1622508624321000,0,859.44461570,1.0916
1622508627716000,0,153.04989000,1.0916
1622508627749000,0,0.00000012,1.0916
1622508628811000,0,400.00000000,1.0925
1622508634418000,0,6640.00000000,1.0925
1622508634418000,0,1385.10301000,1.0925
1622508645052000,1,358.43513266,1.0920
1622508645052000,1,358.48104972,1.0920
1622508645136000,1,2329.98080988,1.0919
1622508645136000,1,10167.57772587,1.0919
1622508645637000,1,400.00000000,1.0917
1622508664079000,1,400.00000000,1.0902
1622508664607000,1,1000.00000000,1.0897
1622508674285000,1,4395.04996093,1.0890
1622508718260000,1,500.00000000,1.0905
1622508721454000,1,179.75750000,1.0908
1622508746979000,0,400.00000000,1.0919
1622508748341000,0,230.00000000,1.0922
1622508748534000,0,400.00000000,1.0922
1622508764364000,0,7865.00000000,1.0927
1622508771697000,0,46.54483000,1.0922
1622508771785000,0,0.00000734,1.0922
1622508773689000,0,1000.00000000,1.0932
1622508785711000,1,6640.00000000,1.0912
1622508785711000,1,348.93888350,1.0910
1622508785762000,1,6640.00000000,1.0912
1622508786359000,1,400.00000000,1.0905
1622508796589000,0,6640.00000000,1.0905
1622508796648000,0,400.00000000,1.0905
1622508796664000,0,177.87796957,1.0907
1622508797931000,1,400.00000000,1.0918
1622508798418000,1,230.00000000,1.0919
1622508810476000,1,3900.00000000,1.0910
1622508825874000,1,217.72170793,1.0914
1622508825874000,1,2836.58431107,1.0912
1622508843853000,1,593.16832276,1.0920
1622508857839000,1,400.00000000,1.0913
1622508858028000,1,1000.00000000,1.0911
1622508867331000,1,7400.00000000,1.0904
1622508875475000,1,2027.63355000,1.0904
1622508898676000,1,400.00000000,1.0894
1622508898676000,1,1000.00000000,1.0894
1622508910596000,1,400.00000000,1.0880
1622508920157000,1,34.79348472,1.0867
1622508920157000,1,63.23737863,1.0867
1622508923283000,1,45.97812274,1.0861
1622508923289000,1,0.00000001,1.0861
1622508945051000,0,9700.00000000,1.0875
1622508945955000,0,6640.00000000,1.0877
1622508945955000,0,3645.10000000,1.0884
1622508945955000,0,214.63592400,1.0885
1622508948929000,1,1370.62634590,1.0866
1622508953878000,1,205.09238308,1.0861
1622508971474000,0,478.25309000,1.0866
1622508972661000,0,0.00000720,1.0866
1622508972797000,0,1125.18545261,1.0874
1622508972944000,0,399.99999999,1.0875
1622508973193000,0,0.00000001,1.0875
1622508974365000,0,88.27362175,1.0882
1622508974472000,0,6500.00000000,1.0882
1622508979077000,0,400.00000000,1.0884
1622508979612000,1,231.00000000,1.0885
1622508993240000,1,400.00000000,1.0895
1622509000047000,1,196.27685887,1.0893
1622509000047000,1,303.72314113,1.0892
1622509010778000,1,12300.00000000,1.0906
1622509010886000,1,3823.61405366,1.0906
1622509014336000,0,1122.09312000,1.0909
1622509014777000,0,0.00000522,1.0909
1622509015305000,0,45.97812274,1.0911
1622509015306000,0,0.00000001,1.0911
1622509017710000,0,3712.89062000,1.0909
1622509018427000,0,0.00000500,1.0909
1622509029190000,0,400.00000000,1.0930
1622509069297000,1,356.02479696,1.0926
1622509086329000,1,1000.00000000,1.0917
1622509095429000,1,400.00000000,1.0903
1622509097860000,0,1000.00000000,1.0909
1622509106038000,1,150.00000000,1.0898
1622509109124000,0,3255.99303401,1.0892
1622509124796000,0,4586.19833000,1.0910
1622509125079000,0,400.00000000,1.0910
1622509135748000,0,400.00000000,1.0919
1622509141091000,1,400.00000000,1.0907
1622509141091000,1,999.99999999,1.0907
1622509145957000,1,400.00000000,1.0895
1622509145957000,1,3026.19601700,1.0894
1622509177909000,0,620.00000000,1.0910
1622509190354000,0,4589.78786000,1.0899
1622509198847000,0,139.22825558,1.0900
1622509216494000,1,23.77058588,1.0890
1622509216528000,1,400.00000000,1.0889
1622509216532000,1,3000.00000000,1.0889
1622509217433000,1,1000.00000000,1.0885
1622509239703000,1,313.46259900,1.0866
1622509241683000,1,2223.45532495,1.0862
1622509242185000,1,24836.18920000,1.0862
1622509242185000,1,243.35628747,1.0862
1622509242185000,1,349.56325911,1.0861
1622509242185000,1,873.89206584,1.0861
1622509242185000,1,7592.04058758,1.0861
1622509242711000,1,349.56325911,1.0861
1622509242711000,1,349.47965154,1.0861
1622509242711000,1,7648.97682297,1.0861
1622509245802000,1,4922.46357735,1.0861
1622509246127000,1,7426.33442389,1.0861
1622509247621000,1,345.60891598,1.0861
1622509248790000,1,0.00000001,1.0861
1622509248796000,0,6640.00000000,1.0861
1622509253208000,0,157.00000000,1.0861
1622509272017000,0,231.00000000,1.0859
1622509272338000,0,1521.13000000,1.0860
1622509272338000,0,60726.46571408,1.0861
1622509272725000,0,13696.39645015,1.0861
1622509272904000,0,27212.81307386,1.0861
1622509276981000,0,1262.57000000,1.0870
1622509278914000,1,400.00000000,1.0869
1622509290282000,0,6739.06938427,1.0875
1622509290333000,0,0.00000001,1.0875
1622509293269000,0,231.00000000,1.0883
1622509295054000,1,6640.00000000,1.0878
1622509295054000,1,200.00000000,1.0878
1622509295054000,1,8160.00000000,1.0877
1622509298076000,1,400.00000000,1.0886
1622509306992000,0,1617.58000000,1.0889
1622509306992000,0,521.42000000,1.0890
1622509311734000,1,400.00000000,1.0889
1622509315975000,1,14407.63931000,1.0889
1622509316036000,1,18500.00000000,1.0889
1622509316683000,1,399.99999999,1.0886
1622509316691000,1,0.00000001,1.0886
1622509316691000,1,737.01136504,1.0884
1622509318145000,0,1093.97015000,1.0883
1622509318602000,0,6639.99999999,1.0883
1622509318618000,0,0.00000001,1.0883
1622509319927000,0,1420.25000000,1.0884
1622509325178000,1,400.00000000,1.0879
1622509325743000,1,2022.30461000,1.0875
1622509340376000,1,0.00000017,1.0875
1622509340376000,1,99.99999983,1.0874
1622509366455000,1,338.62022538,1.0865
1622509366455000,1,861.57195297,1.0864
1622509366744000,1,400.00000000,1.0863
1622509370665000,1,2203.18061946,1.0861
1622509370665000,1,400.00000000,1.0861
1622509371214000,0,400.00000000,1.0861
1622509380876000,0,4605.33500000,1.0862
1622509384784000,0,400.00000000,1.0870
1622509384859000,0,232.00000000,1.0870
1622509387083000,1,400.00000000,1.0871
1622509387924000,0,400.00000000,1.0871
1622509388012000,0,138.00000000,1.0871
1622509388186000,1,400.00000000,1.0867
1622509388186000,1,333.16844797,1.0864
1622509388186000,1,266.83155203,1.0864
1622509389549000,1,210.20219654,1.0861
1622509389549000,1,333.16844797,1.0860
1622509389549000,1,335.25120263,1.0860
1622509389631000,1,3733.50000000,1.0859
1622509389772000,1,400.00000000,1.0861
1622509397689000,0,175.28117048,1.0860
1622509404813000,1,400.00000000,1.0854
1622509404813000,1,38.16480551,1.0854
1622509418467000,1,232.00000000,1.0857
1622509420222000,0,400.00000000,1.0854
1622509422653000,1,400.00000000,1.0854
1622509426878000,1,400.00000000,1.0854
1622509427154000,1,37.39619184,1.0851
1622509429144000,0,1000.00000000,1.0846
1622509429167000,1,3259.79019844,1.0845
1622509429168000,1,2057.77200750,1.0845
1622509429170000,1,2362.12239272,1.0845
1622509431077000,1,241.48415212,1.0844
1622509431134000,1,6675.94432446,1.0844
1622509431189000,1,1929.37870000,1.0844
1622509431189000,1,2139.73184968,1.0844
1622509431248000,1,4612.85076524,1.0844
1622509431272000,1,4160.60057274,1.0844
1622509431283000,1,3149.17534663,1.0844
1622509431289000,1,4724.83428913,1.0844
1622509432037000,1,339.67977321,1.0836
1622509432064000,1,134.79646633,1.0836
1622509432064000,1,205.04622584,1.0836
1622509437491000,1,2000.00000000,1.0823
1622509442135000,0,6640.00000000,1.0834
1622509445098000,1,240.40892675,1.0834
1622509445204000,1,330.52804626,1.0832
1622509445204000,1,330.65612717,1.0832
1622509445233000,1,0.00000001,1.0832
1622509445237000,1,143.00000000,1.0832
1622509445237000,1,1000.00000000,1.0832
1622509445399000,1,330.52804626,1.0832
1622509445424000,1,330.65612718,1.0830
1622509445506000,1,330.65612718,1.0826
1622509445506000,1,6679.38061354,1.0826
1622509445506000,1,24089.02440000,1.0826
1622509445817000,0,6639.99999999,1.0831
1622509451056000,1,400.00000000,1.0838
1622509451056000,1,200.00000000,1.0830
1622509451056000,1,322.52419040,1.0828
1622509451056000,1,4317.06076774,1.0828
1622509452403000,0,5000.00000000,1.0843
1622509452493000,0,1640.00000000,1.0843
1622509453780000,1,400.00000000,1.0839
1622509454916000,0,519.87000000,1.0838
1622509469186000,1,400.00000000,1.0836
1622509469746000,1,400.00000000,1.0834
1622509480715000,0,463.87000000,1.0830
1622509481373000,0,232.00000000,1.0833
1622509486350000,1,400.00000000,1.0843
1622509490758000,1,231.00000000,1.0846
1622509493119000,1,400.00000000,1.0845
1622509493755000,1,400.00000000,1.0845
1622509494502000,1,400.00000000,1.0845
1622509495060000,1,400.00000000,1.0845
1622509495531000,1,400.00000000,1.0845
1622509496155000,1,400.00000000,1.0845
1622509496714000,1,400.00000000,1.0845
1622509497273000,1,400.00000000,1.0845
1622509497972000,1,400.00000000,1.0845
1622509505942000,1,4616.92557600,1.0833
1622509516833000,1,400.00000000,1.0833
1622509517461000,1,400.00000000,1.0832
1622509518554000,1,400.00000000,1.0832
1622509519317000,1,1000.00000000,1.0827
1622509519573000,1,400.00000000,1.0829
1622509531395000,0,114.02372454,1.0830
1622509534623000,1,400.00000000,1.0825
1622509535141000,1,400.00000000,1.0825
1622509535748000,1,400.00000000,1.0825
1622509536211000,1,1822.90000000,1.0820
1622509536211000,1,1819.70000000,1.0820
1622509538957000,0,62.00000000,1.0824
1622509539266000,1,400.00000000,1.0819
1622509539665000,1,400.00000000,1.0819
1622509540329000,1,400.00000000,1.0814
1622509542898000,1,6055.39054000,1.0804
1622509543095000,1,27.77777778,1.0800
1622509543095000,1,72.22222222,1.0799
1622509545172000,1,2546.13286811,1.0795
1622509545173000,1,1187.36713189,1.0795
1622509545278000,1,1371.72852420,1.0794
1622509545278000,1,1383.39335474,1.0792
1622509548150000,0,399.00000000,1.0796
1622509551461000,1,121.00000000,1.0797
1622509555031000,0,44.17686338,1.0799
1622509555210000,0,1049.79329000,1.0799
1622509559372000,1,400.00000000,1.0807
1622509562200000,1,400.00000000,1.0808
1622509562758000,1,400.00000000,1.0808
1622509563379000,1,400.00000000,1.0808
1622509572417000,0,176.45000000,1.0811
1622509572920000,1,1376.84847586,1.0806
1622509572920000,1,623.15152414,1.0802
1622509575134000,1,400.00000000,1.0812
1622509575134000,1,207.83805006,1.0808
1622509575134000,1,1000.00000000,1.0808
1622509575134000,1,6640.00000000,1.0807
1622509575134000,1,11451.74700000,1.0806
1622509575134000,1,9781.34334106,1.0805
1622509575134000,1,5597.88674914,1.0805
1622509577070000,0,160.45000000,1.0819
1622509577207000,0,5400.00000000,1.0822
1622509577287000,0,1240.00000000,1.0822
1622509577831000,0,399.00000000,1.0826
1622509577910000,0,232.00000000,1.0826
1622509580198000,0,653.78875531,1.0825
1622509580203000,1,336.90000000,1.0825
1622509580309000,1,63.10000000,1.0825
1622509580465000,0,450.66978034,1.0825
1622509580512000,0,534.34986073,1.0825
1622509580539000,0,125.83636723,1.0825
1622509584698000,1,1207.72498000,1.0815
1622509588048000,1,0.00000544,1.0815
1622509588048000,1,373.47776456,1.0814
1622509595784000,1,400.00000000,1.0815
1622509596505000,1,400.00000000,1.0815
1622509596505000,1,0.00000613,1.0814
1622509596505000,1,1000.00000000,1.0814
1622509596505000,1,3698.10589587,1.0810
1622509599045000,1,400.00000000,1.0816
1622509600023000,1,400.00000000,1.0816
1622509600618000,1,400.00000000,1.0816
1622509601171000,1,400.00000000,1.0816
1622509617348000,0,3700.00000000,1.0810
1622509619483000,0,230.00000000,1.0813
1622509619585000,0,25.49000000,1.0813
1622509619691000,1,207.51000000,1.0814
1622509620133000,1,200.00000000,1.0810
1622509620133000,1,260.33443504,1.0810
1622509620850000,0,400.00000000,1.0817
1622509623368000,0,10205.73591000,1.0819
1622509623633000,1,6640.00000000,1.0814
1622509623633000,1,1000.00000000,1.0814
1622509623633000,1,250.00000000,1.0814
1622509623633000,1,1378.41586904,1.0814
1622509623633000,1,4621.47163620,1.0813
1622509623633000,1,200.00000000,1.0813
1622509623633000,1,1392.89975856,1.0811
1622509623633000,1,1093.97015829,1.0811
1622509623646000,0,3597.89756647,1.0810
1622509630027000,1,232.00000000,1.0802
1622509633632000,1,201.02842425,1.0802
1622509633632000,1,1.04346276,1.0799
1622509634901000,1,809.82667499,1.0798
1622509640239000,1,364.14678694,1.0797
1622509642407000,0,405.45130176,1.0806
1622509643018000,0,65.77000000,1.0811
1622509643258000,0,400.00000000,1.0813
1622509643555000,1,400.00000000,1.0811
1622509645856000,1,400.00000000,1.0807
1622509645856000,1,600.00000000,1.0802
1622509646754000,0,227.46109000,1.0802
1622509647059000,0,0.00000601,1.0802
1622509648452000,1,400.00000000,1.0800
1622509653404000,1,400.00000000,1.0800
1622509654681000,1,400.00000000,1.0801
1622509657934000,1,23.80000000,1.0798
1622509658648000,0,22.79000000,1.0803
1622509659112000,1,400.00000000,1.0810
1622509659112000,1,231.00000000,1.0810
1622509663417000,1,400.00000000,1.0807
1622509663849000,0,231.00000000,1.0813
1622509666921000,1,400.00000000,1.0809
1622509667697000,1,400.00000000,1.0809
1622509674449000,1,400.00000000,1.0805
1622509675184000,1,400.00000000,1.0805
1622509675664000,1,203.36903000,1.0804
1622509675737000,1,0.00000191,1.0804
1622509676296000,0,3645.10000000,1.0801
1622509677132000,0,2994.90000000,1.0801
1622509677132000,0,650.20000000,1.0801
1622509677134000,0,194.83785206,1.0801
1622509677348000,0,226.71507606,1.0801
1622509677602000,0,219.00303665,1.0801
1622509677776000,0,229.63414605,1.0801
1622509678095000,0,207.11219347,1.0801
1622509678350000,0,211.09362416,1.0801
1622509678469000,0,207.70205947,1.0801
1622509678828000,1,201.23238000,1.0801
1622509679409000,1,0.00000078,1.0801
1622509679498000,1,400.00000000,1.0795
1622509681256000,0,210.90578765,1.0797
1622509681818000,0,241.53861673,1.0797
1622509682141000,0,240.27912454,1.0799
1622509682438000,1,231.70386000,1.0800
1622509682440000,1,0.00000300,1.0800
1622509683493000,0,194.00557178,1.0801
1622509683796000,1,216.69357000,1.0800
1622509683815000,1,0.00000177,1.0800
1622509684261000,1,400.00000000,1.0797
1622509684389000,0,6640.00000000,1.0799
1622509684389000,0,3060.02264448,1.0800
1622509685046000,1,179.90889000,1.0798
1622509685073000,0,2586.11460822,1.0799
1622509685181000,0,1459.53558136,1.0799
1622509685185000,1,400.00000000,1.0797
1622509687336000,0,4634.07249919,1.0795
1622509687669000,0,6640.00000000,1.0795
1622509694233000,1,400.00000000,1.0796
1622509700381000,0,198.85580790,1.0805
1622509700381000,0,201.14419210,1.0807
1622509701897000,1,400.00000000,1.0808
1622509703567000,1,400.00000000,1.0805
1622509704202000,1,400.00000000,1.0805
1622509704202000,1,600.00000000,1.0802
1622509705816000,1,400.00000000,1.0798
1622509705816000,1,6640.00000000,1.0796
1622509705816000,1,2321.34858600,1.0796
1622509708302000,1,400.00000000,1.0804
1622509709686000,1,400.00000000,1.0804
1622509725662000,1,231.00000000,1.0801
1622509726435000,1,400.00000000,1.0800
1622509727167000,1,400.00000000,1.0796
1622509727743000,1,1000.00000000,1.0794
1622509733983000,1,400.00000000,1.0794
1622509738844000,1,400.00000000,1.0794
1622509739756000,1,400.00000000,1.0794
1622509740366000,1,399.99999999,1.0794
1622509740366000,1,0.00000001,1.0794
1622509740464000,1,999.99999999,1.0789
1622509740470000,1,0.00000001,1.0789
1622509746674000,0,198.20844719,1.0800
1622509746674000,0,201.79155281,1.0801
1622509748652000,1,200.00000000,1.0797
1622509749742000,1,399.99999999,1.0796
1622509749754000,1,0.00000001,1.0796
1622509763271000,0,173.75000000,1.0797
1622509763716000,0,400.00000000,1.0800
1622509763758000,0,6024.28709055,1.0800
1622509768133000,1,400.00000000,1.0801
1622509769648000,0,232.00000000,1.0808
1622509769734000,0,233.00000000,1.0808
1622509773566000,0,4235.32500000,1.0809
1622509773635000,0,5644.00864973,1.0809
1622509777074000,0,245.28303000,1.0803
1622509778768000,0,211.02254709,1.0804
1622509779882000,1,3666.50882223,1.0802
1622509781905000,0,400.00000000,1.0804
1622509784790000,1,1000.00000000,1.0801
1622509785929000,0,189.50420000,1.0805
1622509786082000,0,0.00000975,1.0805
1622509790592000,1,400.00000000,1.0806
1622509790592000,1,1000.00000000,1.0805
1622509792449000,1,2370.80502748,1.0805
1622509792657000,0,1568.82408495,1.0811
1622509796578000,1,400.00000000,1.0806
1622509796578000,1,1000.00000000,1.0806
1622509799699000,1,400.00000000,1.0806
1622509800169000,0,400.00000000,1.0809
1622509810274000,1,9611.03760007,1.0799
1622509815512000,1,400.00000000,1.0797
1622509816666000,1,400.00000000,1.0795
1622509817712000,0,200.87089516,1.0801
1622509820694000,0,212.76348000,1.0805
1622509821129000,1,199.00000000,1.0806
1622509827643000,1,170.91557408,1.0792
1622509827874000,1,170.91557408,1.0791
1622509835138000,1,27.82931354,1.0780
1622509836226000,1,200.00000000,1.0777
1622509836405000,1,168.54945988,1.0774
1622509836405000,1,423.73047237,1.0774
1622509836405000,1,977.87502022,1.0774
1622509836431000,1,426.70484913,1.0774
1622509836431000,1,200.00000000,1.0774
1622509838080000,1,46.36016748,1.0771
1622509838163000,1,1399.04743335,1.0771
1622509838297000,1,166.65539033,1.0767
1622509838645000,1,400.00000000,1.0770
1622509839334000,1,63.82116971,1.0767
1622509840698000,1,0.00000001,1.0767
1622509840698000,1,1000.00000000,1.0764
1622509840698000,1,27.88104089,1.0760
1622509840698000,1,9861.94921411,1.0758
1622509840698000,1,110.16974499,1.0758
1622509841886000,0,120.00000000,1.0774
1622509842215000,0,400.00000000,1.0774
1622509843978000,0,236.11677000,1.0775
1622509845726000,1,400.00000000,1.0775
1622509848816000,1,400.00000000,1.0774
1622509858525000,1,400.00000000,1.0776
1622509859552000,1,199.99999999,1.0772
1622509867862000,1,400.00000000,1.0779
1622509867862000,1,231.00000000,1.0779
1622509868285000,1,200.00000000,1.0776
1622509868285000,1,999.99999999,1.0776
1622509869053000,1,0.00000001,1.0776
1622509869053000,1,99.99999999,1.0774
1622509869213000,1,15260.05641523,1.0774
1622509869215000,1,5922.84824131,1.0774
1622509870105000,1,3553.41105476,1.0774
1622509870108000,1,0.00000001,1.0774
1622509871100000,0,179.00000000,1.0776
1622509871499000,0,6640.00000000,1.0776
1622509875060000,0,1000.00000000,1.0790
1622509879532000,1,400.00000000,1.0788
1622509880792000,0,221.19862000,1.0789
1622509882169000,0,215.42607000,1.0791
1622509883034000,0,10449.89790000,1.0794
1622509884845000,0,222.55127000,1.0798
1622509885134000,0,1000.00000000,1.0801
1622509886079000,1,208.87258004,1.0804
1622509886254000,1,191.12741996,1.0804
1622509886314000,0,23.15629584,1.0804
1622509887469000,0,186.53165248,1.0806
1622509888564000,1,208.06468298,1.0807
1622509888674000,1,5.40366454,1.0807
1622509889005000,1,200.00000000,1.0800
1622509889716000,1,200.00000000,1.0798
1622509892717000,1,400.00000000,1.0789
1622509894927000,1,1000.00000000,1.0785
1622509901762000,0,6640.00000000,1.0789
1622509901762000,0,46.77646141,1.0790
1622509903007000,1,400.00000000,1.0789
1622509905872000,1,251.12233839,1.0784
1622509905872000,1,1000.00000000,1.0782
1622509905872000,1,200.00000000,1.0781
1622509905941000,1,3733.50000000,1.0779
1622509905941000,1,4174.14991400,1.0778
1622509905965000,0,9005.63333001,1.0780
1622509907152000,0,236.77588474,1.0794
1622509907356000,0,1200.23008684,1.0794
1622509911269000,1,400.00000000,1.0795
1622509926320000,1,215.14804645,1.0774
1622509926320000,1,200.00000000,1.0773
1622509926320000,1,774.89886790,1.0771
1622509929740000,1,200.00000000,1.0770
1622509929740000,1,3733.50000000,1.0767
1622509929740000,1,10105.91698549,1.0765
1622509929740000,1,10208.31818817,1.0765
1622509929740000,1,10050.18082740,1.0765
1622509929740000,1,5687.14057125,1.0765
1622509933842000,1,400.00000000,1.0776
