timestamp ms,type,amount,price
1628294498489000,0,593.59471041,0.7457
1628294498490000,0,1666.08998424,0.7457
1628294510814000,1,114.03605199,0.7454
1628294510993000,1,0.00000001,0.7454
1628294526065000,1,2334.85570000,0.7463
1628294526103000,1,0.00005720,0.7463
1628294533695000,1,800.49099522,0.7459
1628294595526000,0,58.29834609,0.7455
1628294614316000,0,8900.00000000,0.7449
1628294614316000,0,9601.04034760,0.7449
1628294614316000,0,5877.18207140,0.7449
1628294621281000,0,86.78750000,0.7448
1628294654692000,1,1589.97214135,0.7438
1628294757481000,0,1064.11672178,0.7438
1628294775573000,1,3364.91662307,0.7426
1628294775573000,1,8874.70317984,0.7424
1628294776587000,1,1065.75827589,0.7426
1628294810431000,0,9691.72791991,0.7431
1628294810431000,0,8843.78174191,0.7432
1628294810431000,0,10729.90886884,0.7432
1628294810431000,0,3364.89246732,0.7432
1628294810431000,0,400.00000000,0.7433
1628294810431000,0,12118.07338722,0.7433
1628294810431000,0,9192.47361595,0.7433
1628294810431000,0,4061.90000000,0.7433
1628294810431000,0,40596.00000000,0.7434
1628294810431000,0,400.00000000,0.7434
1628294810431000,0,6730.26450609,0.7434
1628294810431000,0,1000.00000000,0.7434
1628294810431000,0,10700.00000000,0.7435
1628294810431000,0,1585.81094566,0.7438
1628294810431000,0,10092.78514649,0.7438
1628294810431000,0,6076.86728770,0.7438
1628294840647000,0,613.98994400,0.7422
1628294954989000,1,814.86949333,0.7424
1628294984889000,1,905.39019545,0.7434
1628295024622000,0,2013.23213324,0.7452
1628295032419000,1,411.86548495,0.7449
1628295045183000,1,661.39140248,0.7456
1628295066421000,1,3459.30800000,0.7450
1628295094519000,0,2034.81826952,0.7462
1628295094520000,0,0.00000001,0.7462
1628295129841000,1,2340.25761633,0.7459
1628295168488000,1,2340.25761000,0.7459
1628295255840000,1,679.41999998,0.7456
1628295310318000,1,2340.25761000,0.7449
1628295310378000,1,0.00000634,0.7449
1628295314243000,1,2340.25761633,0.7446
1628295314249000,1,0.00000001,0.7446
1628295349650000,1,7531.00800000,0.7432
1628295378772000,1,2340.25761000,0.7431
1628295420987000,0,3360.90112991,0.7441
1628295435941000,1,801.97117000,0.7437
1628295436007000,1,0.00000321,0.7437
1628295476146000,0,5655.15960000,0.7441
1628295483666000,0,5000.00000000,0.7441
1628295484186000,0,7500.00000000,0.7441
1628295484246000,0,4000.00000000,0.7441
1628295484297000,0,4672.60463473,0.7441
1628295484298000,0,6686.66996876,0.7441
1628295484299000,0,6539.37404752,0.7441
1628295484307000,0,6000.00000000,0.7441
1628295484330000,0,1064.46240331,0.7441
1628295484335000,0,233.89500000,0.7441
1628295484336000,0,2598.29966031,0.7441
1628295484336000,0,2014.04508964,0.7441
1628295484336000,0,4028.09017928,0.7441
1628295484338000,0,2014.04447840,0.7441
1628295484338000,0,1377.10711637,0.7441
1628295484358000,0,2824.30489279,0.7441
1628295484380000,0,4350.15328000,0.7441
1628295484402000,0,204.96840232,0.7441
1628295484491000,0,0.00000001,0.7441
1628295533828000,1,3354.20498000,0.7451
1628295533870000,1,0.00000567,0.7451
1628295544671000,0,1500.00000000,0.7452
1628295586877000,1,1495.07567021,0.7458
1628295594926000,1,3350.19638000,0.7459
1628295611650000,0,691.31613067,0.7461
1628295613408000,0,142.19689693,0.7461
1628295613421000,0,3349.88969580,0.7461
1628295613489000,0,1374.89054307,0.7461
1628295613586000,0,330.55190297,0.7461
1628295613983000,0,7704.40136000,0.7461
1628295614168000,0,1551.03029354,0.7461
1628295614354000,0,373.39239810,0.7461
1628295615166000,0,3349.88969580,0.7461
1628295617167000,0,3349.88969580,0.7461
1628295617792000,1,400.00000000,0.7460
1628295617792000,1,367.19848123,0.7459
1628295618619000,0,3349.30940222,0.7461
1628295628129000,0,3349.82079359,0.7461
1628295628521000,0,4000.00000000,0.7461
1628295628590000,0,12000.00000000,0.7461
1628295628656000,0,2500.00000000,0.7461
1628295628724000,0,5000.00000000,0.7461
1628295628817000,0,875.34685239,0.7461
1628295628913000,0,1151.90399014,0.7461
1628295628930000,0,2317.45531503,0.7461
1628295628988000,0,349.66356363,0.7461
1628295629116000,0,176.74418702,0.7461
1628295629263000,0,306.66354542,0.7461
1628295629277000,0,3348.81487823,0.7461
1628295629280000,0,15137.55999212,0.7461
1628295631248000,1,3000.00000000,0.7463
1628295631818000,0,226.69338914,0.7466
1628295631914000,0,905.86078480,0.7466
1628295640120000,1,3347.64192000,0.7465
1628295647292000,1,3349.29621000,0.7461
1628295658911000,0,159.47119026,0.7468
1628295682742000,1,0.00000107,0.7461
1628295682742000,1,3349.35856419,0.7461
1628295682742000,1,400.00000000,0.7459
1628295682742000,1,460.54911774,0.7458
1628295734888000,0,166.83000000,0.7470
1628295753931000,0,159.64706781,0.7468
1628295785830000,1,3348.53920000,0.7463
1628295893812000,0,67.21000000,0.7474
1628295911773000,1,3234.24390680,0.7470
1628295911774000,1,111.49392237,0.7470
1628295911775000,1,400.00000000,0.7469
1628295941214000,0,3237.00000000,0.7475
1628295970661000,0,2774.00000000,0.7473
1628295971868000,0,7483.00000000,0.7473
1628295980911000,1,810.00000000,0.7470
1628296087270000,1,3346.34410000,0.7469
1628296159091000,1,1232.07039954,0.7460
1628296182103000,0,3235.00000000,0.7468
1628296194042000,0,15500.00000000,0.7468
1628296194055000,0,6451.00000000,0.7468
1628296194090000,0,163.58894696,0.7468
1628296194091000,0,5279.14174412,0.7468
1628296194126000,0,16891.82143000,0.7468
1628296194203000,0,18500.00000000,0.7468
1628296194369000,0,5000.00000000,0.7468
1628296194465000,0,7500.00000000,0.7468
1628296194539000,0,3000.00000000,0.7468
1628296194989000,0,50.40060000,0.7468
1628296195025000,0,63.23780000,0.7468
1628296195210000,0,39.74120000,0.7468
1628296195377000,0,69.20980000,0.7468
1628296195461000,0,36.54280000,0.7468
1628296195583000,0,56.57540000,0.7468
1628296195702000,0,47.15110000,0.7468
1628296195710000,0,33.48180000,0.7468
1628296195738000,0,54.46270000,0.7468
1628296195812000,0,53.03690000,0.7468
1628296196339000,0,6484.15150922,0.7468
1628296196339000,0,1303.60809239,0.7468
1628296196340000,0,6167.35385279,0.7468
1628296196354000,0,4013.75029478,0.7468
1628296196357000,0,1828.99761932,0.7468
1628296196539000,0,1811.66400814,0.7468
1628296197295000,0,6500.00000000,0.7468
1628296197513000,0,6500.00000000,0.7468
1628296199718000,0,154.64160000,0.7468
1628296200112000,0,475.78098620,0.7468
1628296200115000,0,0.00000001,0.7468
1628296219077000,1,3306.09061083,0.7470
1628296230074000,0,9302.00000000,0.7479
1628296234292000,1,125.60000000,0.7475
1628296249279000,1,2482.51853391,0.7473
1628296318163000,1,658.48170000,0.7472
1628296318209000,1,3672.34530000,0.7472
1628296318237000,1,3281.12410000,0.7471
1628296318363000,1,3672.34530000,0.7471
1628296318506000,1,267.60000000,0.7471
1628296318733000,1,5244.16690000,0.7471
1628296339180000,1,400.00000000,0.7473
1628296339180000,1,1959.99150314,0.7473
1628296344302000,0,982.09883689,0.7480
1628296369484000,1,4649.10370286,0.7485
1628296463464000,1,186.00000000,0.7489
1628296489191000,0,31.00000000,0.7500
1628296491433000,0,1570.73249718,0.7509
1628296491437000,0,0.00000001,0.7509
1628296500908000,0,9313.59823874,0.7518
1628296500908000,0,2334.40176126,0.7518
1628296511178000,0,2334.55898792,0.7523
1628296511178000,0,34.00000000,0.7524
1628296511178000,0,9574.35510722,0.7526
1628296511178000,0,6415.25376154,0.7526
1628296519758000,1,2194.54988482,0.7522
1628296530862000,0,34.00000000,0.7529
1628296530862000,0,34.00000000,0.7529
1628296530862000,0,33.99999999,0.7529
1628296531538000,0,0.00000001,0.7529
1628296531538000,0,33.32000000,0.7530
1628296532860000,0,0.68000000,0.7530
1628296534164000,0,352.00000000,0.7533
1628296537050000,0,0.97642828,0.7533
1628296537054000,0,55.87706928,0.7536
1628296549491000,0,299.99999999,0.7549
1628296552802000,1,154.30057933,0.7544
1628296558054000,1,35.20970000,0.7545
1628296560320000,1,395.14002000,0.7541
1628296560744000,1,4104.85998000,0.7539
1628296567874000,1,42.99990000,0.7542
1628296576897000,1,350.96743130,0.7543
1628296581685000,0,0.00000001,0.7549
1628296581685000,0,249.99999998,0.7550
1628296582934000,0,0.00000002,0.7550
1628296593316000,1,999.99999999,0.7551
1628296593325000,1,0.00000001,0.7551
1628296593864000,0,1295.35647155,0.7555
1628296602207000,0,100.00000000,0.7560
1628296602708000,1,400.00000000,0.7556
1628296602708000,1,6351.23486800,0.7555
1628296610183000,1,2334.55898791,0.7556
1628296610183000,1,8900.00000000,0.7556
1628296610183000,1,400.00000000,0.7555
1628296611197000,1,400.00000000,0.7555
1628296611197000,1,278.82370027,0.7555
1628296614370000,1,2004.17776396,0.7554
1628296616043000,1,9116.07851000,0.7548
1628296618582000,1,1000.00000000,0.7539
1628296642675000,0,8900.00000000,0.7538
1628296642675000,0,2334.55898792,0.7538
1628296642675000,0,3049.02827708,0.7538
1628296646145000,0,1960.00000000,0.7538
1628296649191000,1,2387.25159946,0.7539
1628296670378000,1,3411.67464318,0.7545
1628296681576000,1,4500.00000000,0.7551
1628296717787000,0,374.24365358,0.7547
1628296790779000,1,3313.24518524,0.7543
1628296790779000,1,2229.43753151,0.7543
1628296806491000,1,245.59782508,0.7543
1628296820777000,1,400.00000000,0.7544
1628296820777000,1,108.68684116,0.7544
1628296918205000,0,3316.50172000,0.7541
1628297081026000,0,9043.00000000,0.7538
1628297101545000,0,3318.00000000,0.7537
1628297107122000,0,0.03653512,0.7537
1628297107122000,0,3316.96346488,0.7538
1628297196247000,0,2137.00000000,0.7537
1628297213004000,1,702.52489840,0.7534
1628297242593000,1,1369.41240714,0.7534
1628297242684000,0,3317.45598291,0.7538
1628297242684000,0,3566.67041609,0.7540
1628297362758000,0,3696.13282900,0.7544
1628297453778000,1,400.00000000,0.7546
1628297453778000,1,1111.54728960,0.7545
1628297559503000,1,2317.99000000,0.7545
1628297568088000,1,4706.22300000,0.7540
1628297574465000,1,6199.85918101,0.7535
1628297574577000,1,532.96811518,0.7535
1628297627024000,1,4773.21021000,0.7533
1628297643266000,1,2313.52608000,0.7526
1628297661913000,1,3320.49160825,0.7526
1628297661913000,1,5979.50839175,0.7525
1628297662983000,1,400.00000000,0.7526
1628297662983000,1,3506.56597161,0.7526
1628297664976000,1,1684.11236250,0.7524
1628297695574000,1,1224.81007932,0.7533
1628297702421000,1,3318.15590000,0.7531
1628297725179000,1,1523.90050694,0.7530
1628297775359000,1,9942.61569999,0.7538
1628297775377000,1,0.00000001,0.7538
1628297815778000,1,1540.74370941,0.7543
1628297845290000,1,518.27393523,0.7546
1628297852356000,1,692.60746696,0.7544
1628297853617000,1,307.01268002,0.7544
1628297865223000,1,7197.55190000,0.7551
1628297865282000,0,2000.00000000,0.7553
1628297881599000,0,2666.00000000,0.7553
1628297915707000,1,238.02857502,0.7549
1628297927066000,0,1654.00000000,0.7553
1628297929757000,0,7915.00000000,0.7553
1628297940814000,0,400.00000000,0.7554
1628297941847000,0,4540.00000000,0.7554
1628297976634000,0,255.65000000,0.7557
1628297989297000,1,294.42884156,0.7551
1628297997950000,0,400.00000000,0.7558
1628298000586000,1,384.08044508,0.7555
1628298036219000,0,0.26773371,0.7560
1628298042778000,0,8989.19151026,0.7563
1628298042778000,0,400.00000000,0.7564
1628298042778000,0,9013.23754493,0.7565
1628298042778000,0,10816.06029637,0.7565
1628298042778000,0,3936.00000000,0.7565
1628298042778000,0,12095.96840747,0.7565
1628298042778000,0,2232.91294097,0.7565
1628298056680000,1,1716.04466244,0.7562
1628298060631000,0,399.99999999,0.7569
1628298060652000,0,0.00000001,0.7569
1628298081714000,1,10933.07750000,0.7563
1628298101917000,1,224.19662153,0.7561
1628298129463000,1,7236.90350000,0.7549
1628298131804000,0,3000.00000000,0.7553
1628298135650000,0,1309.58191925,0.7555
1628298146685000,1,1861.51524438,0.7548
1628298220929000,0,209.63854751,0.7551
1628298273059000,0,340.62203890,0.7552
1628298309899000,1,1164.63201650,0.7532
1628298312665000,0,316.54000000,0.7538
1628298327923000,1,91.08434393,0.7533
1628298328281000,1,624.64491000,0.7533
1628298370253000,0,400.00000000,0.7538
1628298385717000,1,181.72866100,0.7543
1628298418375000,1,542.89941338,0.7535
1628298418375000,1,474.12543356,0.7534
1628298568047000,0,4723.04196889,0.7541
1628298643652000,0,400.00000000,0.7536
1628298651976000,0,10519.47279180,0.7546
1628298651976000,0,86.88183820,0.7546
1628298666505000,0,8900.00000000,0.7551
1628298666505000,0,9325.06108081,0.7552
1628298666505000,0,400.00000000,0.7552
1628298666505000,0,8265.73615520,0.7552
1628298676260000,1,3711.65500000,0.7547
1628298732187000,1,5805.41000000,0.7529
1628298779596000,0,8900.00000000,0.7529
1628298779596000,0,722.37368183,0.7529
1628298820696000,1,9440.40838000,0.7525
1628298891237000,0,1695.67354484,0.7522
1628298900477000,1,864.45912685,0.7520
1628298921311000,0,3324.68764791,0.7523
1628298921330000,0,0.00000001,0.7523
1628299015982000,0,752.35937118,0.7528
1628299017705000,0,2569.97546000,0.7528
1628299017730000,0,0.00000488,0.7528
1628299034037000,0,225.50083736,0.7532
1628299089138000,0,52.55997662,0.7530
1628299147598000,0,3322.47742000,0.7527
1628299199028000,0,43.87797397,0.7532
1628299202689000,1,400.00000000,0.7528
1628299202689000,1,3579.89809400,0.7528
1628299209204000,1,125.71015900,0.7526
1628299290615000,1,100.00000000,0.7533
1628299291679000,1,1400.47369158,0.7533
1628299296876000,0,328.90000000,0.7537
1628299304016000,1,4058.44627000,0.7538
1628299305252000,0,5312.25607900,0.7539
1628299306511000,1,0.00000248,0.7538
1628299321385000,1,602.31644200,0.7534
1628299330866000,0,752.42667621,0.7538
1628299343113000,1,209.97793926,0.7532
1628299420372000,1,400.00000000,0.7540
1628299420372000,1,126.79663693,0.7540
1628299467188000,0,196.91000000,0.7555
1628299509537000,0,975.69159076,0.7554
1628299533544000,0,659.31491273,0.7546
1628299590220000,1,400.00000000,0.7554
1628299642694000,0,3312.87710676,0.7549
1628299642694000,0,8900.00000000,0.7549
1628299642694000,0,11060.11570850,0.7551
1628299642694000,0,8738.44250249,0.7551
1628299642694000,0,8111.56950625,0.7551
1628299672086000,0,35.00000000,0.7543
1628299693759000,1,8900.00000000,0.7541
1628299693811000,0,267.60000000,0.7540
1628299693822000,0,17048.79412000,0.7540
1628299693836000,0,400.00000000,0.7540
1628299693939000,0,4500.00000000,0.7540
1628299693952000,0,400.00000000,0.7540
1628299693952000,0,29219.42340000,0.7540
1628299694008000,0,4000.00000000,0.7540
1628299694617000,0,7560.59647782,0.7540
1628299694627000,0,7384.45944669,0.7540
1628299694627000,0,8954.60036484,0.7540
1628299695770000,0,6000.00000000,0.7540
1628299696003000,0,89488.00000000,0.7540
1628299705417000,0,5449.36402946,0.7540
1628299713397000,0,2938.39230519,0.7540
1628299714735000,0,696.23120000,0.7540
1628299715987000,0,1677.41293453,0.7540
1628299721742000,0,3314.33939718,0.7540
1628299721779000,0,3500.00000000,0.7540
1628299722383000,0,1000.00000000,0.7540
1628299724131000,0,2103.86400000,0.7540
1628299726737000,0,1432.36800000,0.7540
1628299729777000,0,678.94400000,0.7540
1628299730518000,0,3085.61032428,0.7540
1628299730520000,0,0.00000001,0.7540
1628299912161000,0,3500.00000000,0.7550
1628299912169000,0,7161.47253152,0.7550
1628299912200000,0,1462.20294448,0.7550
1628299912202000,0,974.62114524,0.7550
1628299912203000,0,1483.52821821,0.7550
1628299912242000,0,1637.36568392,0.7550
1628299912246000,0,3218.86762487,0.7550
1628299912248000,0,1479.08155753,0.7550
1628299912316000,0,3000.00000000,0.7550
1628299912371000,0,3647.91800185,0.7550
1628299912375000,0,4887.25399882,0.7550
1628299912376000,0,11761.33154056,0.7550
1628299912376000,0,5948.12024404,0.7550
1628299912381000,0,14245.27422792,0.7550
1628299912383000,0,1984.19814431,0.7550
1628299912383000,0,1984.13975744,0.7550
1628299912385000,0,3968.27951490,0.7550
1628299912419000,0,247.97492008,0.7550
1628299912442000,0,4960.03873308,0.7550
1628299912442000,0,1984.30422195,0.7550
1628299912444000,0,1983.93558004,0.7550
1628299912445000,0,4408.61594866,0.7550
1628299912453000,0,599.90185965,0.7550
1628299912454000,0,3471.57360093,0.7550
1628299925294000,1,400.00000000,0.7554
1628299925294000,1,5543.42760252,0.7554
1628299928148000,1,400.00000000,0.7554
1628299955379000,1,400.00000000,0.7548
1628299955379000,1,1014.11887902,0.7548
1628299965767000,0,264.12811788,0.7553
1628299993121000,0,263.54784796,0.7551
1628300016682000,1,400.00000000,0.7547
1628300052108000,0,2979.00000000,0.7550
1628300053413000,0,1613.00000000,0.7550
1628300060018000,0,8838.07944474,0.7551
1628300060018000,0,7031.92055526,0.7551
1628300100124000,1,399.99999999,0.7550
1628300111715000,1,531.27501200,0.7549
1628300142391000,1,341.29117998,0.7547
1628300165949000,1,1616.63767437,0.7548
1628300165970000,1,1478.05932563,0.7548
1628300166016000,1,6283.17300000,0.7547
1628300216092000,0,74.91102443,0.7550
1628300263446000,1,5946.47527000,0.7543
1628300481489000,1,201.56734159,0.7551
1628300482698000,0,8900.00000000,0.7556
1628300482698000,0,3310.26180697,0.7556
1628300482698000,0,7165.39508203,0.7556
1628300527475000,1,400.00000000,0.7549
1628300527475000,1,367.56679508,0.7549
1628300530544000,1,400.00000000,0.7549
1628300551462000,1,218.78409800,0.7546
1628300588081000,1,400.00000000,0.7551
1628300588081000,1,920.53205492,0.7551
1628300682716000,0,9371.37370297,0.7555
1628300682716000,0,9925.80320000,0.7555
1628300682716000,0,5980.10601603,0.7555
1628300894972000,1,62.41300000,0.7555
1628300960878000,1,0.00010850,0.7555
1628301026221000,0,94.70698892,0.7559
1628301100262000,1,6143.46471803,0.7557
1628301100273000,1,5255.69894913,0.7557
1628301247452000,1,202.89685681,0.7562
1628301250787000,1,1651.14035752,0.7562
1628301279011000,0,400.00000000,0.7569
1628301308232000,0,1280.69879921,0.7573
1628301308237000,0,1027.80756610,0.7573
1628301327001000,0,985.39837613,0.7574
1628301336620000,0,492.64744706,0.7575
1628301373601000,0,2657.00000000,0.7570
1628301412815000,0,400.00000000,0.7575
1628301413082000,0,66.50129999,0.7576
1628301413084000,0,0.00000001,0.7576
1628301498710000,0,1780.48713648,0.7572
1628301589059000,0,130.60380172,0.7575
1628301634530000,0,1555.20807416,0.7572
1628301691545000,1,205.18700000,0.7565
1628301693163000,1,294.81300000,0.7565
1628301709874000,0,232.00000000,0.7564
1628301779344000,1,1432.30644156,0.7559
1628302072854000,1,1000.00000000,0.7567
1628302083088000,0,172.16628148,0.7572
1628302094160000,0,39.19860300,0.7573
1628302165525000,0,400.00000000,0.7580
1628302165525000,0,2210.33840329,0.7581
1628302179933000,1,89.72260000,0.7580
1628302489777000,0,2495.00000000,0.7586
1628302501746000,0,0.51791084,0.7586
1628302501746000,0,65.05079999,0.7588
1628302528423000,0,666.00000000,0.7585
1628302558802000,0,8900.00000000,0.7584
1628302558802000,0,1100.00000000,0.7584
1628302567362000,0,0.17764444,0.7585
1628302567362000,0,130.99177824,0.7586
1628302636481000,1,5432.46541000,0.7578
1628302766339000,0,1.33813696,0.7588
1628302766339000,0,61.80710657,0.7591
1628302766341000,0,0.00000001,0.7591
1628302844977000,0,1006.00000000,0.7591
1628302847678000,1,1146.09044301,0.7588
1628302877977000,1,3293.13689716,0.7589
1628302877977000,1,1008.78079085,0.7589
1628302890802000,0,1650.99999999,0.7593
1628302890803000,0,0.00000001,0.7593
1628303005059000,0,66.00000000,0.7598
1628303006249000,0,0.23466298,0.7598
1628303006249000,0,79.76533702,0.7599
1628303006853000,0,0.23466298,0.7599
1628303006853000,0,1101.52643702,0.7600
1628303007620000,0,2498.47356298,0.7600
1628303007620000,0,200.00000000,0.7600
1628303007620000,0,928.76667368,0.7600
1628303007620000,0,35.51006596,0.7600
1628303007620000,0,33.00000000,0.7600
1628303007620000,0,140.00000000,0.7600
1628303007620000,0,2000.00000000,0.7600
1628303007620000,0,153.24969738,0.7600
1628303008647000,0,1079.90615077,0.7600
1628303008647000,0,549.74414824,0.7600
1628303008660000,0,4217.10000361,0.7600
1628303008660000,0,566.13071660,0.7600
1628303008661000,0,6394.22613975,0.7600
1628303008662000,0,3930.42728682,0.7600
1628303008879000,0,5109.21585683,0.7600
1628303008879000,0,5000.00000000,0.7600
1628303008879000,0,99.78414317,0.7600
1628303095656000,1,3291.54703000,0.7592
1628303112932000,0,33.00000000,0.7594
1628303363165000,0,2615.73965229,0.7598
1628303406009000,1,233.49880954,0.7596
1628303427102000,0,3290.69566679,0.7600
1628303427102000,0,0.21585683,0.7600
1628303427102000,0,875.02463444,0.7600
1628303435027000,0,2299.00000000,0.7600
1628303482657000,1,8780.07890000,0.7586
1628303576069000,0,1838.00000000,0.7589
1628303576358000,0,1253.00000000,0.7589
1628303579972000,0,3295.00000000,0.7589
1628303618553000,0,6013.00000000,0.7587
1628303790913000,0,3296.00000000,0.7585
1628303794385000,0,0.75673442,0.7585
1628303912387000,0,0.52867684,0.7589
1628303964131000,0,1172.28850154,0.7596
1628303987033000,0,457.96189247,0.7594
1628304001709000,0,114.48000000,0.7595
1628304143863000,0,528.21856728,0.7594
1628304243414000,1,400.00000000,0.7590
1628304261731000,0,1313.71085622,0.7594
1628304269814000,0,1000.00000000,0.7598
1628304270058000,0,8794.00000000,0.7599
1628304270283000,0,400.00000000,0.7601
1628304323549000,0,1549.60091845,0.7600
1628304443290000,1,5621.22506842,0.7598
1628304473489000,1,1318.26607599,0.7596
1628304533678000,1,3030.49388942,0.7594
1628304575798000,1,6349.38135000,0.7597
1628304602626000,0,3492.29776100,0.7600
1628304713775000,1,1849.81415870,0.7597
1628304744279000,1,735.43611779,0.7597
1628304890373000,1,400.00000000,0.7598
1628304890373000,1,600.00000000,0.7598
1628304922652000,0,15598.39709600,0.7603
1628304924775000,1,3770.71447554,0.7598
1628304926579000,0,180.67008194,0.7603
1628304984984000,1,2700.47179564,0.7598
1628305043065000,0,66.11000661,0.7604
1628305043076000,0,0.00000001,0.7604
1628305057335000,0,3287.65171000,0.7608
1628305057436000,0,1086.89709291,0.7609
1628305057492000,0,33.00000000,0.7610
1628305057898000,0,66.00000000,0.7613
1628305059256000,0,0.10650197,0.7613
1628305059256000,0,486.00679803,0.7614
1628305059258000,0,1810.81573554,0.7614
1628305086265000,0,33.00000000,0.7620
1628305100974000,0,33.00000000,0.7630
1628305100974000,0,26420.27667000,0.7630
1628305101005000,0,1157.89381202,0.7630
1628305101006000,0,4362.48120902,0.7630
1628305101042000,0,4000.00000000,0.7630
1628305101107000,0,5000.00000000,0.7630
1628305101109000,0,267.60000000,0.7630
1628305101181000,0,12500.00000000,0.7630
1628305101246000,0,12000.00000000,0.7630
1628305101312000,0,14000.00000000,0.7630
1628305101374000,0,5500.00000000,0.7630
1628305101437000,0,2000.00000000,0.7630
1628305101531000,0,6233.55365215,0.7630
1628305101532000,0,7669.58404762,0.7630
1628305101533000,0,9944.95108689,0.7630
1628305101586000,0,1738.40434039,0.7630
1628305101586000,0,873.58621243,0.7630
1628305101588000,0,436.79310622,0.7630
1628305101592000,0,1963.21831400,0.7630
1628305101593000,0,3909.53618268,0.7630
1628305101594000,0,1963.17223991,0.7630
1628305101622000,0,3431.80321738,0.7630
1628305101627000,0,1699.19223420,0.7630
1628305101678000,0,35500.00000000,0.7630
1628305101921000,0,35890.56360416,0.7630
1628305101921000,0,350.00000000,0.7632
1628305101921000,0,849.43639584,0.7632
1628305102781000,0,0.56360416,0.7632
1628305102975000,0,1413.19054220,0.7636
1628305103010000,0,250.00000000,0.7636
1628305103397000,0,339.00000000,0.7636
1628305115197000,1,10869.67886000,0.7624
1628305147409000,0,65.76397219,0.7637
1628305147889000,0,0.00000001,0.7637
1628305149440000,0,65.81777396,0.7638
1628305150875000,0,33.00000000,0.7640
1628305150875000,0,921.91786807,0.7644
1628305197914000,0,200.00000000,0.7650
1628305199391000,0,3266.48832552,0.7650
1628305199635000,0,677.22203809,0.7650
1628305199636000,0,2056.28963639,0.7650
1628305199636000,0,33.00000000,0.7650
1628305204767000,1,400.00000000,0.7649
1628305204767000,1,1942.98079311,0.7648
1628305205834000,1,388.18529707,0.7648
1628305212448000,1,4630.32114000,0.7642
1628305214780000,1,273.56197722,0.7638
1628305242849000,1,59.99999998,0.7633
1628305242884000,1,59.94457385,0.7633
1628305255256000,0,1941.00000000,0.7643
1628305257997000,1,399.99999999,0.7640
1628305258034000,1,0.00000001,0.7640
1628305258595000,1,399.99999999,0.7637
1628305258595000,1,0.00000001,0.7637
1628305258610000,1,19133.18503208,0.7637
1628305258628000,1,8192.91450297,0.7637
1628305275513000,1,2285.03192000,0.7621
1628305275517000,1,0.00000523,0.7621
1628305281898000,0,535.00000000,0.7635
1628305286794000,1,400.00000000,0.7633
1628305329685000,1,2814.96808000,0.7630
1628305329738000,1,3000.00000000,0.7630
1628305329790000,1,4000.00000000,0.7630
1628305329842000,1,1145.03192000,0.7630
1628305330110000,1,4000.00000000,0.7630
1628305332122000,1,1204.57062448,0.7622
1628305333282000,0,100.00000000,0.7626
1628305343820000,1,500.00000000,0.7608
1628305347418000,1,210.52146000,0.7602
1628305355251000,1,157.89109000,0.7601
1628305355583000,1,0.00000500,0.7601
1628305355583000,1,400.00000000,0.7598
1628305356705000,1,9863.63560000,0.7598
1628305356705000,1,2731.42661988,0.7598
1628305440915000,1,464.54142597,0.7609
1628305466119000,1,2631.42650000,0.7609
1628305468295000,1,2076.06517001,0.7604
1628305503323000,0,8810.00000000,0.7609
1628305524182000,0,92.13088640,0.7615
1628305528390000,1,1449.04380235,0.7610
1628305549561000,0,69.78000000,0.7614
1628305558284000,1,400.00000000,0.7610
1628305558284000,1,1612.73871323,0.7610
1628305571592000,1,400.00000000,0.7606
1628305571592000,1,35.99705904,0.7605
1628305642731000,1,2809.37315000,0.7596
1628305719116000,1,206.04504907,0.7622
1628305722956000,0,314.31714600,0.7628
1628305799350000,1,1042.33614819,0.7619
1628305817245000,1,285.17162572,0.7618
1628305829271000,1,400.00000000,0.7617
1628305829271000,1,3113.47705531,0.7617
1628305859276000,1,400.00000000,0.7620
1628305859276000,1,319.97751277,0.7620
1628305908760000,1,400.00000000,0.7619
1628305908760000,1,1328.61526006,0.7619
1628306005324000,1,8900.00000000,0.7625
1628306005324000,1,26211.87610000,0.7625
1628306005324000,1,400.00000000,0.7625
1628306005324000,1,5193.59307268,0.7625
1628306009887000,1,400.00000000,0.7625
1628306009887000,1,2219.81559824,0.7624
1628306011896000,0,3277.98876784,0.7629
1628306011896000,0,4378.22723926,0.7630
1628306147362000,1,267.60000000,0.7614
1628306184414000,0,260.05269936,0.7609
1628306204584000,0,50.80000000,0.7606
1628306262819000,1,400.00000000,0.7591
1628306262819000,1,1341.79962444,0.7591
1628306273854000,1,9272.26229153,0.7588
1628306273854000,1,2007.04279520,0.7588
1628306293298000,0,53.56750000,0.7590
1628306294833000,0,3295.41558409,0.7589
1628306294833000,0,8900.00000000,0.7589
1628306294833000,0,9535.03250680,0.7590
1628306294833000,0,9024.12997512,0.7590
1628306294833000,0,8900.00000000,0.7590
1628306294875000,1,5654.46462209,0.7591
1628306294891000,1,4690.95731190,0.7591
1628306304938000,0,8900.00000000,0.7587
1628306304938000,0,3296.65261549,0.7588
1628306304938000,0,9316.98682643,0.7588
1628306304999000,1,9496.81317839,0.7588
1628306322611000,1,3375.04785300,0.7576
1628306322915000,1,158.37327159,0.7576
1628306329219000,1,1168.16096299,0.7575
1628306359393000,1,14680.00000000,0.7569
1628306367871000,1,431.75756725,0.7562
1628306382356000,1,1190.04788634,0.7562
1628306399358000,1,2500.00000000,0.7557
1628306399423000,1,3809.41190000,0.7557
1628306410526000,1,400.00000000,0.7565
1628306410526000,1,2132.61351439,0.7565
1628306411586000,1,1687.87587401,0.7565
1628306426202000,1,400.00000000,0.7581
1628306456481000,1,295.95877315,0.7576
1628306461675000,1,1076.81435284,0.7575
1628306465891000,1,14600.00000000,0.7581
1628306466118000,1,3500.00000000,0.7581
1628306466179000,1,3500.00000000,0.7581
1628306466228000,1,3500.00000000,0.7581
1628306466277000,1,7000.00000000,0.7581
1628306466324000,1,7500.00000000,0.7581
1628306466373000,1,3400.00000000,0.7581
1628306466427000,1,4100.00000000,0.7581
1628306466733000,1,2900.00000000,0.7581
1628306472360000,1,300.00000000,0.7580
1628306485983000,1,39100.00000000,0.7581
1628306486110000,1,945.89007234,0.7581
1628306486114000,1,9954.10992766,0.7581
1628306506071000,0,3411.62100000,0.7583
1628306524207000,1,1117.81414213,0.7583
1628306526939000,0,5336.12500000,0.7585
1628306578445000,1,400.00000000,0.7589
1628306578445000,1,104.24525004,0.7589
1628306584883000,1,636.34499055,0.7583
1628306599746000,1,7000.00000000,0.7586
1628306599804000,1,5500.00000000,0.7586
1628306599864000,1,11500.00000000,0.7586
1628306599882000,1,1022.61752150,0.7586
1628306599922000,1,16000.00000000,0.7586
1628306599977000,1,8977.38247850,0.7586
1628306612303000,1,12000.00000000,0.7586
1628306612369000,1,1690.23752437,0.7586
1628306612370000,1,1762.90791220,0.7586
1628306614025000,1,8900.00000000,0.7579
1628306614025000,1,4395.60000000,0.7578
1628306614025000,1,9885.62540000,0.7578
1628306614025000,1,9406.74673095,0.7577
1628306614025000,1,9107.93859983,0.7577
1628306614025000,1,442.42200274,0.7577
1628306614025000,1,400.00000000,0.7577
1628306614025000,1,7461.66726648,0.7577
1628306637037000,1,5286.17910000,0.7584
1628306637070000,1,3026.31467297,0.7584
1628306637072000,1,1257.94580534,0.7584
1628306637073000,1,13258.41197481,0.7584
1628306637107000,1,2735.28897573,0.7584
1628306722659000,0,5351.75913300,0.7585
1628306764881000,1,2853.11130979,0.7582
1628306825179000,1,1018.81258472,0.7583
1628306844370000,0,251.00632544,0.7588
1628306901834000,0,315.00000000,0.7587
1628306907696000,0,3445.00000000,0.7587
1628306907826000,0,3446.00000000,0.7587
1628306914487000,0,1705.00000000,0.7587
1628306915602000,0,3651.00000000,0.7587
1628306925680000,1,500.00000000,0.7584
1628306932759000,1,8900.00000000,0.7582
1628306932759000,1,3296.05421157,0.7582
1628306932825000,0,9641.25747000,0.7582
1628306932900000,0,9959.89500000,0.7582
1628306932972000,0,13500.00000000,0.7582
1628306933034000,0,6500.00000000,0.7582
1628306933109000,0,14612.27846919,0.7582
1628306933117000,0,4940.20272337,0.7582
1628306933122000,0,1206.47945476,0.7582
1628306933183000,0,6000.00000000,0.7582
1628306934173000,0,3295.98273430,0.7582
1628306937160000,0,16500.00000000,0.7582
1628306937235000,0,3000.00000000,0.7582
1628306937860000,0,12784.00000000,0.7582
1628306939933000,0,0.26238881,0.7582
1628306951510000,0,8900.00000000,0.7586
1628306952593000,0,120.00000000,0.7587
1628306965565000,0,3906.43296645,0.7587
1628306968369000,0,1304.07587161,0.7587
1628306979467000,0,1997.39109810,0.7589
1628306982688000,0,2303.28030000,0.7594
1628307005817000,1,1890.22237932,0.7592
1628307021693000,0,400.00000000,0.7605
1628307021693000,0,901.01497521,0.7606
1628307065792000,1,2486.41481672,0.7599
1628307080117000,0,3288.00000000,0.7605
1628307082081000,0,0.45398435,0.7605
1628307082081000,0,3896.73433339,0.7606
1628307086820000,0,3287.00000000,0.7607
1628307096285000,1,1909.74691911,0.7608
1628307098165000,0,500.00000000,0.7611
1628307113451000,0,3283.00000000,0.7617
1628307118118000,1,400.00000000,0.7612
1628307126818000,0,400.00000000,0.7612
1628307138748000,0,64.77000000,0.7606
1628307142852000,0,335.00000000,0.7606
1628307144119000,0,400.00000000,0.7607
1628307148258000,0,400.00000000,0.7607
1628307164267000,1,1156.82658606,0.7596
1628307186279000,1,1004.88621258,0.7599
1628307192124000,0,492.00000000,0.7603
1628307192161000,0,492.00000000,0.7603
1628307204070000,0,1821.45699971,0.7605
1628307206598000,0,1298.70238110,0.7606
1628307216083000,1,660.93925309,0.7599
1628307226655000,1,489.38710469,0.7600
1628307227816000,1,290.49851786,0.7600
1628307246286000,1,1308.95254510,0.7598
1628307260958000,0,130.23001592,0.7597
1628307272889000,1,263.98129697,0.7597
1628307306646000,1,3484.61997029,0.7600
1628307328870000,0,574.14358967,0.7606
1628307336787000,1,1148.00083735,0.7598
1628307411130000,0,53.82160000,0.7598
1628307436592000,1,3288.97720178,0.7598
1628307443031000,0,391.51433420,0.7601
1628307451242000,0,195.69000000,0.7602
1628307456981000,1,2345.30936947,0.7595
1628307510723000,0,1299.00981075,0.7604
1628307518107000,1,1771.64818689,0.7600
1628307547830000,1,1043.06234237,0.7599
1628307563258000,0,1908.63153464,0.7604
1628307565380000,0,1570.49225366,0.7604
1628307622019000,0,1179.51633200,0.7605
1628307622019000,0,2920.75834616,0.7605
1628307680821000,0,1962.08312739,0.7608
1628307741525000,0,400.00000000,0.7605
1628307741525000,0,254.90112678,0.7606
1628307758587000,1,1557.11737033,0.7601
1628307804327000,0,1309.74873116,0.7605
1628307809829000,0,78.06856917,0.7604
1628307927973000,0,65.00720114,0.7610
1628307950298000,1,1500.00000000,0.7607
1628307981084000,0,1309.59375780,0.7606
1628308011485000,0,297.95060000,0.7609
1628308011796000,0,297.95060000,0.7610
1628308012135000,0,297.95060000,0.7610
1628308012818000,0,267.60000000,0.7610
1628308013153000,0,267.60000000,0.7610
1628308013862000,0,8500.00000000,0.7610
1628308014030000,0,4584.77896018,0.7610
1628308014034000,0,4000.00000000,0.7610
1628308014111000,0,4093.44521403,0.7610
1628308019465000,0,80.00000000,0.7606
1628308024411000,0,800.00000000,0.7613
1628308049532000,1,8900.00000000,0.7625
1628308049532000,1,9827.32880000,0.7623
1628308050593000,1,400.00000000,0.7626
1628308050593000,1,8900.00000000,0.7626
1628308051603000,1,8900.00000000,0.7626
1628308051603000,1,2372.14457988,0.7626
1628308056026000,1,257.74199998,0.7628
1628308071268000,1,267.60000000,0.7626
1628308071869000,1,732.40000000,0.7626
1628308074241000,0,400.00000000,0.7628
1628308089679000,1,400.00000000,0.7635
1628308089679000,1,3164.51414263,0.7633
1628308103353000,0,647.54355956,0.7647
1628308106576000,1,686.72635817,0.7640
1628308108693000,1,654.96208193,0.7640
1628308109705000,1,654.96208184,0.7639
1628308110795000,1,654.96208187,0.7639
1628308111814000,1,1309.92416381,0.7639
1628308112819000,1,655.09493374,0.7640
1628308125727000,1,2295.43260000,0.7635
1628308140935000,1,352.52916321,0.7623
1628308149517000,0,652.74586511,0.7630
1628308174442000,1,666.80505272,0.7635
1628308177128000,1,655.07779181,0.7635
1628308178194000,1,655.33076211,0.7633
1628308179351000,1,655.33076214,0.7632
1628308180255000,1,553.60281311,0.7633
1628308180917000,1,50.00000000,0.7633
1628308183355000,1,705.64051157,0.7635
1628308184765000,1,655.66551153,0.7636
1628308186041000,1,400.00000000,0.7638
1628308186041000,1,373.51974362,0.7638
1628308187190000,1,373.51974000,0.7638
1628308187190000,1,281.77671422,0.7638
1628308188252000,1,1310.59290871,0.7637
1628308189249000,1,655.29645437,0.7636
1628308190254000,1,1310.54143503,0.7635
1628308191256000,1,1310.56717013,0.7634
1628308192255000,1,655.29645439,0.7634
1628308193253000,1,1310.78167592,0.7634
1628308194254000,1,655.48522165,0.7632
1628308195254000,1,655.48522165,0.7632
1628308196256000,1,1310.97044321,0.7632
1628308197254000,1,655.48522168,0.7634
1628308207093000,1,382.58619621,0.7632
1628308210585000,1,1986.04947397,0.7632
1628308213015000,1,655.62257345,0.7634
1628308224628000,0,269.70702179,0.7641
1628308239393000,1,542.91566053,0.7630
1628308266974000,1,584.24704124,0.7630
1628308368690000,0,4555.25099246,0.7632
1628308451795000,1,6704.99122580,0.7636
1628308476092000,1,813.12875008,0.7638
1628308477231000,1,655.29216107,0.7638
1628308478253000,1,655.29216116,0.7637
1628308479267000,1,655.34363344,0.7637
1628308480267000,1,1310.67011192,0.7637
1628308481268000,1,655.33933958,0.7636
1628308482274000,1,655.38224047,0.7636
1628308506432000,1,8689.27841000,0.7636
1628308506444000,1,0.00000995,0.7636
1628308516041000,1,655.35221134,0.7637
1628308522691000,1,655.37795621,0.7636
1628308523751000,1,655.37795615,0.7636
1628308524781000,1,1310.75591235,0.7636
1628308525840000,1,1310.75591235,0.7636
1628308526944000,1,655.37795617,0.7636
1628308528126000,1,1306.64654484,0.7636
1628308528126000,1,4.10936355,0.7636
1628308529181000,1,1310.75591239,0.7636
1628308530189000,1,1310.75591235,0.7636
1628308538191000,1,655.42085215,0.7635
1628308540208000,1,655.42085211,0.7635
1628308541271000,1,655.42085211,0.7636
1628308542271000,1,1314.83770433,0.7636
1628308543328000,1,668.70473103,0.7636
1628308544272000,1,1310.84170426,0.7636
1628308545271000,1,1310.84170433,0.7635
1628308565177000,1,655.06064069,0.7642
1628308566546000,1,655.04350050,0.7643
1628308567500000,1,8908.42824028,0.7642
1628308567500000,1,8900.00000000,0.7642
1628308567500000,1,2442.93487773,0.7642
1628308568599000,1,654.88925933,0.7640
1628308569780000,1,1310.00128787,0.7640
1628308570790000,1,1310.03986462,0.7640
1628308570994000,0,1369.74189224,0.7646
1628308571877000,1,655.03922057,0.7641
1628308572955000,1,654.91495776,0.7641
1628308573960000,1,654.97065344,0.7640
1628308574994000,1,1310.03558385,0.7639
1628308581271000,1,507.53910240,0.7642
1628308582331000,1,655.01779192,0.7642
1628308583849000,1,655.01779192,0.7642
1628308590183000,1,655.01779192,0.7639
1628308596439000,1,3270.74645858,0.7641
1628308596439000,1,9812.19530000,0.7640
1628308597466000,1,6523.33224141,0.7639
1628308600652000,1,8900.00000000,0.7643
1628308600652000,1,10701.67899999,0.7642
1628308610099000,1,3269.23449235,0.7644
1628308610099000,1,9864.52409039,0.7643
1628308618025000,1,3517.39912742,0.7643
1628308619438000,1,895.69500541,0.7644
1628308644460000,0,388.32567541,0.7643
1628308662476000,1,1625.31319266,0.7640
1628308683299000,1,700.00000000,0.7645
1628308692587000,1,1301.75686901,0.7642
1628308693582000,1,654.97064971,0.7642
1628308694585000,1,1309.76136711,0.7642
1628308695621000,1,654.88068353,0.7641
1628308697832000,1,654.97064977,0.7641
1628308698532000,0,1305.85707000,0.7647
1628308701525000,1,654.93637966,0.7641
1628308702682000,1,654.93637976,0.7641
1628308703592000,1,1305.82299511,0.7641
1628308703592000,1,4.11830435,0.7641
1628308704881000,1,654.90210327,0.7643
1628308705886000,1,654.86355274,0.7643
1628308707006000,1,1414.71242398,0.7643
1628308708186000,1,545.59505625,0.7643
1628308708186000,1,109.25564408,0.7643
1628308711324000,1,654.85070027,0.7645
1628308712395000,1,654.85070033,0.7647
1628308713419000,1,654.87826216,0.7648
1628308714640000,1,400.00000000,0.7648
1628308714640000,1,909.70568808,0.7646
1628308715657000,1,654.85070027,0.7647
1628308716793000,1,654.85070031,0.7647
1628308717791000,1,654.85070031,0.7647
1628308718835000,1,654.85070037,0.7647
1628308719988000,1,648.47429920,0.7647
1628308719988000,1,400.00000000,0.7647
1628308719988000,1,261.22710140,0.7646
1628308721023000,1,400.00000000,0.7647
1628308721023000,1,254.85070027,0.7647
1628308722174000,1,1309.70140063,0.7649
1628308723184000,1,654.85070031,0.7649
1628308724183000,1,1302.56478005,0.7649
1628308724183000,1,7.13662055,0.7649
1628308725228000,1,392.86337945,0.7649
1628308725228000,1,261.98732088,0.7647
1628308726350000,1,1309.70140063,0.7648
1628308727277000,1,654.85070031,0.7648
1628308732419000,1,216.35281857,0.7649
1628308774697000,1,676.48598185,0.7649
1628308779983000,1,654.83357106,0.7647
1628308781315000,1,654.41411625,0.7646
1628308782551000,1,654.46545052,0.7647
1628308788449000,1,650.48556249,0.7646
1628308800403000,1,400.00000000,0.7649
1628308800403000,1,19188.49199997,0.7649
1628308809774000,0,99.00000000,0.7657
1628308818076000,1,3266.69490000,0.7650
1628308818094000,1,0.00008645,0.7650
1628308818095000,1,26125.77710000,0.7649
1628308847128000,1,2543.72130294,0.7644
1628308849405000,1,1961.21836537,0.7644
1628308894869000,0,9209.99611960,0.7643
1628308894869000,0,9290.00388040,0.7643
1628308901719000,0,6889.00000000,0.7643
1628308904449000,0,0.45600000,0.7643
1628308904449000,0,3271.54400000,0.7643
1628308908528000,0,1974.55187752,0.7643
1628308908528000,0,1259.44812248,0.7643
1628308908914000,0,2133.86587000,0.7643
1628308921897000,0,0.00000752,0.7643
1628308972326000,1,404.33361443,0.7645
1628308973504000,1,720.65441304,0.7645
1628308974805000,1,654.38845700,0.7645
1628308976280000,1,838.77269735,0.7645
1628308977290000,1,283.72677104,0.7645
1628308981502000,0,119.00000000,0.7650
1628308982157000,0,140.99999999,0.7650
1628308982157000,0,0.00000001,0.7650
1628308993006000,0,8900.00000000,0.7656
1628308993006000,0,0.00594835,0.7657
1628308993006000,0,11372.79356488,0.7658
1628308993006000,0,9533.17759844,0.7658
1628308993006000,0,3103.02288833,0.7658
1628309004222000,0,3149.00000000,0.7655
1628309009599000,1,1567.43783000,0.7651
1628309010116000,0,118.11387833,0.7655
1628309028796000,0,33.00000000,0.7660
1628309028796000,0,3264.46315228,0.7661
1628309028796000,0,9785.09960000,0.7661
1628309028796000,0,400.00000000,0.7661
1628309028796000,0,26107.87790000,0.7662
1628309028796000,0,10605.70716014,0.7663
1628309028796000,0,1890.96907069,0.7664
1628309042737000,0,1890.96907000,0.7663
1628309042737000,0,2281.07390565,0.7664
1628309042737000,0,12329.78123535,0.7664
1628309045208000,0,72.71329553,0.7667
1628309050443000,0,500.00000000,0.7670
1628309050443000,0,5755.32107822,0.7670
1628309050444000,0,2647.14486183,0.7670
1628309050444000,0,33.00000000,0.7670
1628309050444000,0,33.00000000,0.7670
1628309061302000,1,275.63412078,0.7664
1628309063640000,1,410.14215782,0.7664
1628309064784000,1,653.10357859,0.7664
1628309083677000,1,853.02265766,0.7660
1628309084725000,1,653.10357859,0.7660
1628309123652000,1,33966.10480000,0.7655
1628309123687000,1,4577.50481123,0.7655
1628309123693000,1,3036.95476642,0.7655
1628309123695000,1,19032.94289174,0.7655
1628309123722000,1,66581.38727000,0.7655
1628309123776000,1,4763.52546061,0.7655
1628309174580000,1,2828.74818143,0.7655
1628309182089000,1,653.32093361,0.7659
1628309185959000,1,653.32093358,0.7658
1628309187421000,1,3482.06900000,0.7656
1628309190877000,1,6302.92850000,0.7656
1628309204588000,0,26.69549931,0.7660
1628309219205000,0,27.18254000,0.7665
1628309230231000,0,400.00000000,0.7668
1628309230231000,0,676.52292644,0.7668
1628309231729000,0,400.00000000,0.7671
1628309231729000,0,648.71480337,0.7672
1628309234597000,1,573.20862649,0.7666
1628309242654000,1,3638.56140700,0.7666
1628309246118000,1,748.39720636,0.7666
1628309252839000,1,652.69484682,0.7669
1628309253938000,1,652.69484677,0.7669
1628309254986000,1,652.68207940,0.7669
1628309255998000,1,652.68207945,0.7669
1628309257198000,1,652.68207937,0.7669
1628309258345000,1,652.68207943,0.7667
1628309259303000,1,792.47946006,0.7667
1628309262916000,1,652.69484682,0.7668
1628309264684000,1,791.48448139,0.7669
1628309265869000,1,652.69484677,0.7669
1628309266995000,1,652.69484686,0.7670
1628309271207000,1,652.69484679,0.7671
1628309272924000,1,652.69484679,0.7672
1628309275457000,0,33.00000000,0.7680
1628309275457000,0,33.00000000,0.7680
1628309275457000,0,834.06382427,0.7680
1628309278453000,1,354.43385276,0.7676
1628309284327000,1,239.66219787,0.7675
1628309292043000,0,107.90853959,0.7680
1628309292044000,0,0.00000001,0.7680
1628309294638000,1,43.09446255,0.7677
1628309295083000,1,3690.44358235,0.7677
1628309297518000,0,2495.00000000,0.7683
1628309297550000,0,0.51791084,0.7683
1628309319151000,1,206.42964811,0.7675
1628309321145000,1,328.86627855,0.7675
1628309325093000,1,652.25688093,0.7680
1628309326123000,1,804.58179694,0.7680
1628309327139000,1,429.07148563,0.7682
1628309339589000,1,254.05575810,0.7682
1628309343186000,1,738.97100466,0.7681
1628309347865000,1,652.25688089,0.7681
1628309351671000,1,9751.08330000,0.7681
1628309351671000,1,6908.36478160,0.7681
1628309352791000,1,400.00000000,0.7681
1628309352791000,1,1991.63521839,0.7681
1628309353983000,1,3505.33780002,0.7682
1628309354984000,1,224.77500000,0.7682
1628309356023000,1,2891.09974810,0.7683
1628309357056000,1,652.25688089,0.7681
1628309360217000,1,652.25688099,0.7679
1628309364648000,1,652.25688089,0.7679
1628309365675000,1,652.25688096,0.7679
1628309366783000,1,1304.51376190,0.7679
1628309367906000,1,652.25688099,0.7679
1628309369303000,1,1304.51376184,0.7679
1628309370301000,1,8900.00000000,0.7678
1628309370301000,1,9045.79571040,0.7678
1628309371303000,1,5957.09695148,0.7678
1628309372303000,1,878.03088092,0.7677
1628309373316000,1,652.25688093,0.7677
1628309375870000,1,329.86144988,0.7678
1628309377007000,1,652.25688102,0.7678
1628309378140000,1,652.25688089,0.7678
1628309379320000,1,698.47176429,0.7678
1628309380303000,1,500.60000361,0.7678
1628309381415000,1,316.32868512,0.7679
1628309382605000,1,203.63622272,0.7679
1628309383649000,1,651.08326417,0.7679
1628309385436000,1,519.81001335,0.7680
1628309386776000,1,652.25688093,0.7679
1628309387784000,1,652.25688099,0.7679
1628309388965000,1,652.25688093,0.7679
1628309389986000,1,1297.72937633,0.7679
1628309389986000,1,6.78438553,0.7679
1628309390992000,1,583.40842559,0.7679
1628309391987000,1,384.74139723,0.7680
1628309393017000,1,400.00000000,0.7680
1628309393017000,1,378.60178986,0.7680
1628309394110000,1,652.25688099,0.7682
1628309395231000,1,652.25688093,0.7682
1628309396365000,1,633.09147405,0.7681
1628309398168000,1,636.50761950,0.7681
1628309401221000,1,482.19585537,0.7679
1628309402174000,1,652.25688093,0.7680
1628309403186000,1,652.25688102,0.7679
1628309404244000,1,400.00000000,0.7679
1628309404244000,1,252.25688087,0.7679
1628309405469000,1,652.25688099,0.7679
1628309409076000,1,467.85810944,0.7680
1628309410191000,1,652.25688093,0.7681
1628309411196000,1,443.35877075,0.7681
1628309418299000,1,652.25688096,0.7680
1628309426152000,1,580.86006109,0.7681
1628309429361000,1,685.57271799,0.7681
1628309431876000,1,548.66739124,0.7681
1628309439513000,1,400.00000000,0.7683
1628309439513000,1,309.71713593,0.7682
1628309440719000,1,652.25688096,0.7682
1628309441585000,1,469.41593893,0.7682
1628309445980000,1,400.00000000,0.7682
1628309445980000,1,1190.30681529,0.7682
1628309450903000,1,322.90801268,0.7684
1628309451870000,1,1190.30681000,0.7682
1628309451870000,1,9419.28613798,0.7680
1628309451870000,1,8568.37912935,0.7680
1628309452905000,1,252.25688000,0.7679
1628309452905000,1,11159.76245876,0.7678
1628309452905000,1,483.73162673,0.7677
1628309452905000,1,1960.14067995,0.7677
1628309452905000,1,400.00000000,0.7677
1628309452905000,1,2270.13788005,0.7677
1628309452905000,1,9306.32766920,0.7677
1628309452905000,1,6715.69019898,0.7677
1628309491576000,1,207.95933350,0.7680
1628309520149000,0,113.07505464,0.7686
1628309524191000,0,62.72000000,0.7687
1628309526958000,1,2500.00000000,0.7687
1628309533552000,1,3251.67380000,0.7685
1628309544606000,0,9010.43954000,0.7683
1628309548174000,0,9118.00000000,0.7685
1628309548693000,1,788.70549789,0.7681
1628309555810000,0,400.00000000,0.7690
1628309555810000,0,33.00000000,0.7690
1628309555810000,0,33.00000000,0.7690
1628309555810000,0,819.43010333,0.7693
1628309559872000,1,210.16992282,0.7685
1628309562428000,1,686.33782124,0.7686
1628309563386000,1,417.70402926,0.7685
1628309564387000,1,651.27254548,0.7686
1628309565783000,1,1302.54509093,0.7686
1628309566784000,1,400.00000000,0.7686
1628309566784000,1,3348.51753040,0.7686
1628309567790000,1,400.00000000,0.7687
1628309567790000,1,251.09042704,0.7686
1628309568918000,1,400.00000000,0.7687
1628309568918000,1,902.07501356,0.7686
1628309570006000,1,400.00000000,0.7687
1628309570006000,1,141.80283680,0.7687
1628309571186000,1,650.98458644,0.7689
1628309572244000,1,352.04468289,0.7689
1628309573304000,1,205.65552711,0.7689
1628309574310000,1,413.66541516,0.7688
1628309584376000,1,719.24754208,0.7689
1628309585555000,1,400.00000000,0.7690
1628309585555000,1,250.75610238,0.7690
1628309586598000,1,650.69266915,0.7688
1628309593576000,1,400.00000000,0.7689
1628309593576000,1,887.39455872,0.7689
1628309602636000,0,8900.00000000,0.7693
1628309602636000,0,400.00000000,0.7694
1628309602636000,0,8051.37937400,0.7694
1628309628481000,1,400.00000000,0.7692
1628309628481000,1,28.17911577,0.7692
1628309645938000,1,400.00000000,0.7687
1628309645938000,1,195.32348789,0.7687
1628309654721000,1,3249.82400000,0.7690
1628309655789000,1,650.77725288,0.7687
1628309658011000,0,400.00000000,0.7691
1628309662805000,0,64.07000000,0.7688
1628309667742000,0,335.93000000,0.7688
1628309668151000,0,400.00000000,0.7688
1628309669007000,0,3818.58009000,0.7690
1628309669078000,0,5313.05269000,0.7690
1628309671449000,0,400.00000000,0.7691
1628309685998000,0,581.26650000,0.7693
1628309697578000,1,1000.00000000,0.7689
1628309721420000,0,1122.43114255,0.7690
1628309735814000,0,1000.00000000,0.7685
1628309746590000,0,400.00000000,0.7690
1628309746604000,1,371.47811105,0.7687
1628309762894000,0,400.00000000,0.7688
1628309847016000,0,6305.68081000,0.7677
1628309847081000,0,2594.31919000,0.7677
1628309880380000,0,5405.68081000,0.7680
1628309885517000,1,1190.08235883,0.7676
1628309888702000,1,6066.92700001,0.7674
1628309896918000,1,1163.61199190,0.7675
1628309900508000,1,619.02372901,0.7676
1628309915734000,1,8900.00000000,0.7679
1628309915734000,1,1105.87309166,0.7679
1628309916753000,1,2266.84190830,0.7680
1628309923714000,1,774.58618873,0.7679
1628309927387000,1,707.88199523,0.7681
1628309957878000,1,2122.06605023,0.7682
1628309960267000,1,722.47750633,0.7681
1628309974845000,1,2500.00000000,0.7681
1628309980359000,1,400.00000000,0.7688
1628309980359000,1,600.00000000,0.7688
1628310018995000,1,3251.81070000,0.7685
1628310030095000,0,4590.00000000,0.7679
1628310034557000,0,0.00000048,0.7679
1628310035839000,0,400.00000000,0.7682
1628310073900000,1,2500.00000000,0.7676
1628310138093000,1,1156.93478055,0.7670
1628310138093000,1,1129.13594012,0.7670
1628310154988000,0,377.54000000,0.7676
1628310166879000,0,1955.58500000,0.7676
1628310212081000,1,570.47827152,0.7672
1628310212090000,1,7037.41189048,0.7672
1628310212101000,1,2156.50003800,0.7672
1628310212167000,1,23979.71060000,0.7671
1628310362725000,1,3260.58857498,0.7665
1628310362725000,1,4557.76171702,0.7664
1628310432529000,0,5804.55300000,0.7672
1628310432529000,0,8985.54059079,0.7674
1628310432529000,0,7748.56737824,0.7674
1628310468128000,1,1500.00000000,0.7668
1628310570372000,1,100.00000000,0.7659
1628310572587000,0,399.99999999,0.7663
1628310572588000,0,0.00000001,0.7663
1628310574426000,1,8912.80852655,0.7659
1628310574426000,1,3990.62554850,0.7658
1628310654919000,1,5114.26170000,0.7653
1628310681961000,1,255.31607942,0.7643
1628310682249000,1,3268.76399764,0.7643
1628310682249000,1,5779.36541581,0.7643
1628310700497000,0,400.00000000,0.7642
1628310700497000,0,839.00000000,0.7642
1628310702202000,1,3271.55094850,0.7638
1628310702349000,1,411.15788632,0.7636
1628310702351000,1,0.00000001,0.7636
1628310703206000,0,400.00000000,0.7640
1628310722647000,1,4181.26584900,0.7631
1628310788508000,0,11014.00000000,0.7653
1628310844486000,0,400.00000000,0.7657
1628310856502000,0,400.00000000,0.7659
1628310857853000,0,400.00000000,0.7659
1628310859164000,0,400.00000000,0.7659
1628310871967000,0,400.00000000,0.7659
1628310872275000,1,400.00000000,0.7660
1628310872377000,1,700.00000000,0.7660
1628310873806000,0,400.00000000,0.7659
1628310880481000,0,400.00000000,0.7666
1628310891253000,0,400.00000000,0.7663
1628310892483000,0,400.00000000,0.7663
1628310895247000,0,400.00000000,0.7663
1628310899149000,0,400.00000000,0.7665
1628310900551000,0,400.00000000,0.7665
1628310914432000,0,64.26000000,0.7666
1628310951946000,0,400.00000000,0.7662
1628310953212000,0,400.00000000,0.7662
1628310953212000,0,1000.00000000,0.7662
1628310957076000,0,400.00000000,0.7662
1628310962606000,0,400.00000000,0.7662
1628310963559000,0,400.00000000,0.7662
1628310990257000,0,2535.00000000,0.7661
1628310995934000,1,3755.19955620,0.7655
1628310995939000,1,1901.58180000,0.7655
1628311019499000,0,3266.00000000,0.7657
1628311030188000,0,0.59220814,0.7657
1628311087208000,0,3265.63179275,0.7659
1628311087208000,0,399.36820725,0.7659
1628311188618000,0,400.00000000,0.7662
1628311283059000,0,1955.99757116,0.7658
1628311320547000,0,32.14400000,0.7657
1628311474622000,0,1239.36683325,0.7664
1628311484296000,0,2252.00000000,0.7663
1628311503680000,0,129.09397059,0.7664
1628311554556000,0,1549.00000000,0.7664
1628311554602000,0,1549.00000000,0.7664
1628311562299000,0,214.00000000,0.7664
1628311563529000,0,188.00000000,0.7664
1628311576864000,0,922.00000000,0.7664
1628311614733000,0,64.30000000,0.7662
1628311641111000,0,313.00000000,0.7660
1628311642653000,0,8587.00000000,0.7660
1628311642653000,0,3264.47398915,0.7661
1628311642653000,0,8730.37031871,0.7661
1628311642653000,0,1815.37370514,0.7661
1628311688567000,1,333.64003318,0.7652
1628311731476000,1,1502.91280651,0.7648
1628311733894000,1,11154.14748859,0.7648
1628311792931000,1,8076.36630467,0.7640
1628311824408000,0,1163.83506731,0.7651
1628311833604000,0,400.00000000,0.7651
1628311833612000,0,3268.41240000,0.7652
1628311840322000,1,44.49203798,0.7649
1628311864882000,0,2282.46115201,0.7653
1628311922717000,1,3517.99363000,0.7643
1628311929452000,0,3013.28638931,0.7647
1628311929453000,0,105.15325930,0.7647
1628311929515000,0,5812.49835139,0.7647
1628312012328000,1,172.51387000,0.7632
1628312013963000,0,130.28000000,0.7635
1628312032488000,1,1658.07836717,0.7634
1628312044757000,1,268.33748900,0.7634
1628312093178000,1,1103.33481859,0.7634
1628312098734000,0,100.00000000,0.7638
1628312103348000,1,246.39001904,0.7633
1628312115334000,0,3273.85432000,0.7639
1628312171546000,0,181.24235525,0.7642
1628312214574000,1,215.56601500,0.7635
1628312289559000,1,3272.90704000,0.7635
1628312344178000,1,50.00000000,0.7622
1628312344551000,1,9048.12941345,0.7622
1628312364677000,1,1238.13850367,0.7621
1628312394476000,1,642.38782095,0.7620
1628312397541000,1,2592.67528399,0.7612
1628312424501000,1,1016.23640206,0.7625
1628312450118000,1,1163.64379265,0.7631
1628312472354000,1,443.53268428,0.7631
1628312474154000,1,264.90161600,0.7631
1628312485091000,1,4467.21581587,0.7632
1628312524739000,1,5000.00000000,0.7638
1628312580799000,0,1676.00000000,0.7630
1628312587525000,0,7324.00000000,0.7630
1628312590275000,0,962.35007532,0.7633
1628312641431000,0,267.60000000,0.7633
1628312642127000,0,99.00000000,0.7633
1628312665279000,1,699.48264983,0.7631
1628312704106000,1,622.75944063,0.7632
1628312722358000,0,0.77658295,0.7633
1628312759491000,0,4674.54889999,0.7641
1628312759495000,0,0.00000001,0.7641
1628312783296000,1,3270.93787488,0.7640
1628312783296000,1,16422.43838163,0.7639
1628312802678000,1,400.00000000,0.7642
1628312802678000,1,3269.80900240,0.7642
1628312802678000,1,6290.27618860,0.7641
1628312803459000,1,1764.73275518,0.7641
1628312845884000,1,2702.72673827,0.7641
1628312848484000,0,130.13000000,0.7646
1628312903567000,1,499.50000005,0.7640
1628312904504000,0,1566.42071112,0.7644
1628312936183000,1,1864.99529608,0.7640
1628312966116000,1,19596.08399996,0.7646
1628312971985000,1,6262.73100003,0.7644
1628312996581000,1,1502.32607755,0.7642
1628313026885000,1,2511.01147975,0.7644
1628313078563000,1,566.19894680,0.7646
1628313237577000,1,2049.43079974,0.7640
1628313362704000,0,7057.12779900,0.7660
1628313412244000,1,1401.32176709,0.7657
1628313413296000,1,8900.00000000,0.7654
1628313413296000,1,8976.41135220,0.7654
1628313414468000,1,336.93309780,0.7654
1628313423715000,1,8798.74717159,0.7650
1628313423715000,1,1300.14382838,0.7650
1628313444739000,0,645.89608439,0.7659
1628313452005000,0,8984.07020569,0.7658
1628313452005000,0,8900.00000000,0.7658
1628313452005000,0,9390.64633168,0.7659
1628313452005000,0,26120.24200000,0.7659
1628313452005000,0,7795.85691561,0.7659
1628313452005000,0,4197.16946217,0.7661
1628313452005000,0,9151.88173944,0.7661
1628313452005000,0,11801.58806558,0.7661
1628313452005000,0,9791.36120000,0.7662
1628313452005000,0,400.00000000,0.7662
1628313452005000,0,6530.01243967,0.7662
1628313452005000,0,400.00000000,0.7662
1628313452005000,0,1000.00000000,0.7663
1628313452005000,0,4111.60000000,0.7663
1628313452005000,0,43898.00000000,0.7663
1628313452005000,0,1966.16384372,0.7663
1628313452005000,0,10387.70379445,0.7664
1628313452005000,0,0.47047429,0.7664
1628313452005000,0,9795.02221558,0.7665
1628313452005000,0,10700.00000000,0.7665
1628313452005000,0,1980.88839605,0.7665
1628313452005000,0,13060.87349115,0.7667
1628313452005000,0,24486.30000000,0.7668
1628313452005000,0,1936.66475255,0.7668
1628313452005000,0,19589.81713117,0.7669
1628313452005000,0,1625.00000000,0.7669
1628313452005000,0,15160.00000000,0.7670
1628313452062000,1,10807.73720698,0.7670
1628313452064000,1,267.60000000,0.7670
1628313452065000,1,75000.00000000,0.7670
1628313452073000,1,22150.00000000,0.7670
1628313452074000,1,9200.00000000,0.7670
1628313452076000,1,10700.00000000,0.7670
1628313452116000,1,10365.80730000,0.7670
1628313452117000,1,8500.00000000,0.7670
1628313452120000,1,34538.68400000,0.7670
1628313452132000,1,31350.00000000,0.7670
1628313452153000,1,921.86178618,0.7670
1628313452181000,1,241822.81818676,0.7670
1628313452950000,1,653.93112188,0.7655
1628313453977000,1,8900.00000000,0.7655
1628313453977000,1,400.00000000,0.7654
1628313453977000,1,9587.90779811,0.7654
1628313468758000,1,190.12686456,0.7650
1628313468775000,1,209.87313544,0.7650
1628313468825000,1,754.32032945,0.7650
1628313469124000,1,1974.04159234,0.7649
1628313469131000,1,8833.69561464,0.7649
1628313469131000,1,493.59279232,0.7649
1628313469152000,1,177.64810729,0.7649
1628313469218000,1,231.99124552,0.7649
1628313469227000,1,640.00000000,0.7649
1628313469243000,1,578.80340341,0.7649
1628313469263000,1,4262.21849000,0.7649
1628313469285000,1,8435.89532737,0.7649
1628313469305000,1,1499.85063409,0.7649
1628313485056000,1,2619.85573635,0.7646
1628313628746000,0,3273.10736000,0.7640
1628313629237000,1,664.00000000,0.7639
1628313724639000,1,3270.46290103,0.7641
1628313724639000,1,6091.83571156,0.7641
1628313727068000,1,46.03000000,0.7641
1628313816002000,1,1049.16130501,0.7639
1628313882685000,0,3272.32843349,0.7642
1628313882685000,0,1926.41184851,0.7644
1628313911457000,0,64.37675000,0.7643
1628313958879000,1,790.08981686,0.7645
1628313998653000,1,8966.85066237,0.7645
1628313998653000,1,10725.57194064,0.7645
1628314019486000,1,2493.99676179,0.7645
1628314029488000,0,121.40538386,0.7652
1628314030926000,0,244.87044756,0.7652
1628314049149000,1,686.34366548,0.7651
1628314084719000,1,8900.00000000,0.7651
1628314084719000,1,8873.36031766,0.7650
1628314085848000,1,1808.13858234,0.7650
1628314137963000,0,2970.00000000,0.7653
1628314138975000,1,725.51134574,0.7649
1628314151090000,0,330.00000000,0.7653
1628314168997000,1,765.74785518,0.7651
1628314198782000,1,538.08445571,0.7649
1628314228696000,0,400.00000000,0.7651
1628314228696000,0,634.70295243,0.7651
1628314251501000,0,9584.16691686,0.7650
1628314251501000,0,9052.53168488,0.7650
1628314251501000,0,3268.96272812,0.7650
1628314252866000,1,13034.00000000,0.7650
1628314255525000,1,29260.00000000,0.7650
1628314256880000,1,7268.00000000,0.7650
1628314258475000,0,3268.82802000,0.7651
1628314265528000,1,12031.19890000,0.7650
1628314267579000,1,2389.00000000,0.7650
1628314275209000,1,0.33584857,0.7650
1628314409488000,1,286.46667753,0.7640
1628314439287000,1,322.71344286,0.7640
1628314442706000,1,7109.48840700,0.7640
1628314458084000,0,3271.11694930,0.7645
1628314525570000,0,923.52393151,0.7651
1628314529278000,1,1275.11766314,0.7646
1628314545423000,0,3599.89029000,0.7651
1628314545564000,0,10000.00000000,0.7651
1628314545638000,0,6000.00000000,0.7651
1628314545704000,0,5500.00000000,0.7651
1628314551475000,1,3267.67320015,0.7648
1628314551475000,1,9626.60841170,0.7647
1628314552514000,1,3267.67320015,0.7648
1628314552514000,1,2002.86218796,0.7647
1628314555512000,0,9624.00000000,0.7651
1628314558665000,0,3300.00000000,0.7651
1628314559085000,1,782.02172887,0.7648
1628314581099000,0,477.86407005,0.7651
1628314588050000,0,17000.00000000,0.7651
1628314588109000,0,29462.91778000,0.7651
1628314606344000,0,0.00000687,0.7651
1628314612865000,1,48.99999327,0.7651
1628314619592000,1,0.99999986,0.7651
1628314619592000,1,1447.07723267,0.7649
1628314622150000,1,1820.42997625,0.7649
1628314622150000,1,17765.16502383,0.7647
1628314622516000,1,3267.95950000,0.7648
1628314641631000,0,207.35098956,0.7650
1628314649576000,1,797.03697282,0.7645
1628314679496000,1,661.06337791,0.7643
1628314699761000,1,205.79399995,0.7648
1628314739679000,1,1045.79235666,0.7648
1628314799977000,1,887.74968338,0.7655
1628314806195000,0,1100.00000000,0.7658
1628314814255000,1,1313.20735079,0.7654
1628314832635000,1,730.63001936,0.7652
1628314853647000,1,3065.33970797,0.7653
1628314900833000,1,9398.11559572,0.7661
1628314900833000,1,3261.92699762,0.7661
1628314901886000,1,3261.36222406,0.7662
1628314901886000,1,3696.05494855,0.7661
1628314925011000,1,6496.49700003,0.7669
1628314950282000,1,1498.29893213,0.7668
1628314962661000,1,3256.61893593,0.7674
1628314962661000,1,400.00000000,0.7673
1628314962661000,1,2072.15262207,0.7671
1628314980488000,1,3255.48550000,0.7677
1628314989713000,1,0.00002528,0.7677
1628314989713000,1,1601.49646865,0.7673
1628315018686000,0,64.13000000,0.7682
1628315033817000,0,30.61117500,0.7684
1628315035219000,0,33.39846302,0.7684
1628315172053000,1,754.00000000,0.7671
1628315174785000,1,668.23920014,0.7672
1628315280112000,0,647.00000000,0.7677
1628315314400000,0,400.00000000,0.7671
1628315352931000,1,200.00000000,0.7669
1628315380284000,1,1302.70153328,0.7672
1628315380295000,1,697.29846672,0.7672
1628315401640000,0,400.00000000,0.7672
1628315411404000,1,146.54636737,0.7669
1628315431287000,1,1804.47906059,0.7668
1628315461287000,1,1400.07583558,0.7666
1628315479831000,0,8900.00000000,0.7667
1628315479831000,0,3262.43148183,0.7667
1628315479831000,0,9499.48991813,0.7668
1628315479831000,0,9229.43154914,0.7668
1628315479831000,0,8900.00000000,0.7668
1628315479831000,0,10492.98822307,0.7668
1628315490273000,0,399.99999999,0.7666
1628315490278000,0,0.00000001,0.7666
1628315551376000,1,641.13312059,0.7657
1628315575425000,0,3988.00000000,0.7660
1628315625397000,0,0.43500000,0.7660
1628315625397000,0,201.33500000,0.7664
1628315627428000,0,30.70575984,0.7664
1628315630123000,0,5732.00000000,0.7664
1628315634513000,0,1074.12868140,0.7664
1628315635449000,0,4313.53055876,0.7664
1628315635449000,0,399.46944124,0.7665
1628315645117000,0,399.99999999,0.7668
1628315645122000,0,0.00000001,0.7668
1628315675415000,0,400.00000000,0.7671
1628315685592000,0,399.99999999,0.7671
1628315685595000,0,0.00000001,0.7671
1628315731685000,0,5159.82809423,0.7670
1628315734814000,1,795.75202512,0.7665
1628315764889000,1,965.23345774,0.7656
1628315767047000,0,399.99999999,0.7661
1628315767048000,0,0.00000001,0.7661
1628315770301000,0,400.00000000,0.7664
1628315789313000,0,400.00000000,0.7666
1628315824977000,1,2294.58102291,0.7659
1628315855585000,1,3553.21513718,0.7657
1628315915374000,1,2605.80518132,0.7650
1628315924905000,1,81.91420800,0.7651
1628315945386000,1,2043.71684926,0.7649
1628315962697000,1,3568.51969200,0.7649
1628315996051000,0,2091.49857881,0.7658
1628315996056000,0,1018.79294758,0.7658
1628316003784000,0,399.99999999,0.7665
1628316003787000,0,0.00000001,0.7665
1628316005480000,1,579.29734533,0.7661
1628316036339000,1,2000.00000000,0.7653
1628316109124000,0,400.00000000,0.7645
1628316109124000,0,8900.00000000,0.7645
1628316109124000,0,3275.91080000,0.7645
1628316163459000,1,214.96403652,0.7642
1628316199367000,1,648.66798715,0.7640
1628316199369000,1,0.00000001,0.7640
1628316233865000,1,8900.00000000,0.7634
1628316233865000,1,4043.53794997,0.7634
1628316244936000,1,36.00000000,0.7634
1628316276079000,1,2055.82885920,0.7639
1628316306321000,1,1821.60799092,0.7644
1628316336677000,1,1534.65276688,0.7646
1628316360267000,1,220.15161263,0.7646
1628316426880000,1,3693.59654653,0.7650
1628316429195000,1,100.00000000,0.7650
1628316429195000,1,322.09646993,0.7649
1628316443046000,0,50.00000000,0.7653
1628316487280000,1,2798.42601591,0.7648
1628316577786000,1,1105.79367315,0.7645
1628316593458000,0,40.00000000,0.7650
1628316607978000,1,3421.05798697,0.7645
1628316638176000,1,1629.05637192,0.7648
1628316642642000,1,9056.24308527,0.7646
1628316642642000,1,1355.31173773,0.7646
1628316668302000,1,1029.46088146,0.7649
1628316697993000,1,646.73983436,0.7652
1628316728280000,1,832.24974685,0.7656
1628316730543000,1,40.42163187,0.7656
1628316804606000,0,464.96364419,0.7660
1628316818094000,1,2507.40143531,0.7653
1628316938182000,1,1257.30496787,0.7656
1628317116844000,1,1573.95089739,0.7655
1628317143882000,1,42.07570995,0.7656
1628317143882000,1,27.92429005,0.7655
1628317176554000,0,1151.41232969,0.7663
1628317239176000,1,1757.54953694,0.7658
1628317256970000,1,203.20000000,0.7659
1628317299185000,1,3937.61969869,0.7659
1628317329288000,1,1214.47566473,0.7661
1628317359079000,1,584.54790501,0.7658
1628317389487000,1,1558.27666455,0.7656
1628317419384000,1,1751.15314382,0.7655
1628317436650000,0,260.00000000,0.7659
1628317449074000,1,747.71248829,0.7655
1628317478982000,1,1597.34262084,0.7651
1628317509081000,1,489.57938373,0.7647
1628317523357000,0,880.35646139,0.7652
1628317537493000,1,271.40876840,0.7648
1628317539160000,1,2087.22254467,0.7647
1628317559161000,0,194.44000000,0.7651
1628317569317000,1,714.05511271,0.7648
1628317575946000,1,35.00000000,0.7647
1628317583037000,0,35.00000000,0.7647
1628317599083000,1,1221.96772718,0.7649
1628317629286000,1,974.40581232,0.7645
1628317648348000,0,35.00000000,0.7645
1628317648348000,0,35.00000000,0.7647
1628317648348000,0,35.00000000,0.7647
1628317648348000,0,2224.00000000,0.7647
1628317652095000,0,1769.00000000,0.7647
1628317661381000,0,1816.08100000,0.7647
1628317661632000,0,2861.18899999,0.7647
1628317661636000,0,0.00000001,0.7647
1628317671413000,1,35.00000000,0.7648
1628317689888000,1,717.63899159,0.7647
1628317695756000,1,40.00000000,0.7648
1628317722750000,1,5627.83300900,0.7638
1628317733128000,1,126.58954269,0.7637
1628317758989000,1,40.00000000,0.7638
1628317762674000,1,5147.67732100,0.7637
1628317780778000,1,2691.49255925,0.7638
1628317810577000,1,1928.90680462,0.7635
1628317840784000,1,1155.34502959,0.7635
1628317842614000,1,400.00000000,0.7634
1628317842614000,1,12394.01157764,0.7634
1628317842614000,1,9061.88924884,0.7634
1628317842614000,1,806.76953252,0.7634
1628317990400000,0,961.89643974,0.7637
1628317992232000,0,478.40666823,0.7636
1628318020191000,1,10531.32330000,0.7617
1628318020593000,1,2413.66900000,0.7616
1628318022679000,1,100.00000000,0.7610
1628318039198000,1,11822.30070153,0.7612
1628318039341000,1,453.95305358,0.7609
1628318050997000,1,3688.80000000,0.7606
1628318051242000,1,1109.80878538,0.7602
1628318051242000,1,443.85937111,0.7602
1628318051242000,1,3000.00000000,0.7602
1628318051242000,1,5446.33184351,0.7602
1628318066586000,1,55.40810000,0.7598
1628318067343000,1,0.00002047,0.7598
1628318067343000,1,3688.80000000,0.7592
1628318067343000,1,32.85868591,0.7592
1628318067759000,1,3792.56150000,0.7591
1628318067990000,1,9927.43849999,0.7591
1628318068134000,1,0.00000001,0.7591
1628318068279000,1,36710.70487000,0.7590
1628318068328000,1,0.00000483,0.7590
1628318072080000,1,93.00000000,0.7589
1628318072594000,0,1000.00000000,0.7598
1628318073214000,0,9287.49990000,0.7599
1628318082278000,1,783.69717586,0.7593
1628318105214000,1,400.00000000,0.7589
1628318105214000,1,762.78211777,0.7589
1628318112480000,1,400.00000000,0.7591
1628318112480000,1,394.28134298,0.7591
1628318112537000,0,4503.91357000,0.7597
1628318112603000,0,4280.27652000,0.7597
1628318129464000,0,4330.00000000,0.7598
1628318129747000,0,3555.71900000,0.7601
1628318140808000,1,1940.76050000,0.7597
1628318140998000,1,1768.88892531,0.7597
1628318141004000,1,203.75057469,0.7597
1628318143389000,1,5499.99999999,0.7596
1628318143391000,1,0.00000001,0.7596
1628318232997000,1,4165.13719021,0.7587
1628318246845000,0,4150.99999999,0.7599
1628318246901000,0,0.00000001,0.7599
1628318293287000,1,3290.82750510,0.7593
1628318293287000,1,400.00000000,0.7592
1628318293287000,1,9337.06613947,0.7591
1628318294455000,1,400.00000000,0.7591
1628318294455000,1,841.26970249,0.7591
1628318323584000,1,2091.67379868,0.7589
1628318327624000,1,452.28889185,0.7587
1628318353491000,1,2487.60816317,0.7586
1628318383877000,1,400.00000000,0.7588
1628318383877000,1,480.84694260,0.7588
1628318412824000,1,1000.00000000,0.7584
1628318413677000,1,1922.78919935,0.7583
1628318422007000,1,399.99999999,0.7586
1628318443775000,1,1006.89586787,0.7598
1628318503646000,1,70.30000000,0.7594
1628318534410000,1,1284.86452239,0.7593
1628318542947000,1,997.11406802,0.7595
1628318564377000,1,677.03452985,0.7597
1628318644249000,0,2107.71650963,0.7599
1628318685032000,1,897.37414499,0.7595
1628318685037000,1,1873.26281787,0.7595
1628318685037000,1,519.73986775,0.7595
1628318685041000,1,2144.02729934,0.7593
1628318760392000,1,2000.00000000,0.7592
1628318773581000,1,7916.87867695,0.7592
1628318774606000,1,2968.79496312,0.7591
1628318783989000,1,1000.00000000,0.7590
1628318794953000,1,400.00000000,0.7585
1628318794953000,1,8900.00000000,0.7585
1628318794953000,1,550.52770217,0.7583
1628318795985000,1,3177.36594241,0.7584
1628318805677000,1,2130.29792725,0.7587
1628318818111000,1,400.00000000,0.7585
1628318818111000,1,1985.35228350,0.7585
1628318819193000,1,612.66967957,0.7586
1628318835885000,1,221.38403391,0.7589
1628318848138000,0,253.00000000,0.7593
1628318879546000,1,16095.49996647,0.7588
1628318885805000,1,275.15609448,0.7589
1628318889381000,0,100.00000000,0.7593
1628318896082000,1,394.12240308,0.7591
1628318967779000,1,1000.00000000,0.7592
1628318987186000,1,802.60782343,0.7593
1628318990077000,0,167.60000000,0.7597
1628319020680000,1,624.55541110,0.7598
1628319047103000,1,610.76493209,0.7598
1628319076880000,1,1067.85833406,0.7601
1628319150564000,0,66.00909043,0.7612
1628319212298000,1,3285.71746610,0.7606
1628319212302000,1,0.00000001,0.7606
1628319278002000,1,415.17521870,0.7604
1628319279808000,0,4599.90665542,0.7607
1628319279854000,0,10500.00000000,0.7607
1628319279951000,0,3241.30334457,0.7607
1628319280012000,0,0.00000001,0.7607
1628319290823000,0,200.00000000,0.7607
1628319328730000,1,3285.21656319,0.7608
1628319328730000,1,8040.45651508,0.7608
1628319348782000,1,3129.28297346,0.7609
1628319378782000,1,3283.83486844,0.7611
1628319378782000,1,353.98810832,0.7609
1628319417860000,1,1548.63484216,0.7618
1628319439076000,1,978.93537883,0.7614
1628319453082000,0,3828.00000000,0.7616
1628319473510000,0,115.42000000,0.7618
1628319482649000,1,3282.66247512,0.7613
1628319482649000,1,923.78752488,0.7613
1628319489249000,1,3282.66247000,0.7613
1628319494806000,1,3282.89909000,0.7613
1628319507300000,1,0.00000802,0.7613
1628319509025000,0,1319.99999000,0.7613
1628319510180000,0,0.00000198,0.7613
1628319522712000,0,8508.88291800,0.7618
1628319603397000,1,3283.56235000,0.7611
1628319604575000,1,1000.00000000,0.7611
1628319631710000,1,4136.87160000,0.7612
1628319686235000,1,33.00000000,0.7615
1628319695753000,1,33.00000000,0.7615
1628319697533000,0,33.00000000,0.7618
1628319697533000,0,33.00000000,0.7618
1628319697533000,0,33.00000000,0.7618
1628319709283000,1,2106.03259014,0.7615
1628319714622000,0,33.00000000,0.7618
1628319714622000,0,33.00000000,0.7618
1628319741802000,0,33.00000000,0.7618
1628319741802000,0,33.00000000,0.7618
1628319778235000,1,1311.14051800,0.7615
1628319794344000,0,33.00000000,0.7618
1628319794344000,0,33.00000000,0.7619
1628319794344000,0,86.00000000,0.7620
1628319797355000,1,1970.74062000,0.7615
1628319817310000,0,100.00000000,0.7617
1628319822392000,1,440.86403015,0.7613
1628319859682000,1,1090.67670291,0.7610
1628319890785000,1,8900.00000000,0.7617
1628319890785000,1,4151.20922236,0.7617
1628319891785000,1,1929.15762722,0.7617
1628319921186000,1,7082.92050343,0.7611
1628319929655000,1,1000.00000000,0.7611
1628319939415000,1,324.25439786,0.7606
1628319951391000,1,920.67795062,0.7605
1628319953852000,1,79.32204938,0.7605
1628319953852000,1,4586.84483951,0.7604
1628319954985000,1,7082.92050337,0.7604
1628320034195000,0,15429.68350000,0.7606
1628320040985000,0,33.00000000,0.7611
1628320041045000,0,33.00000000,0.7611
1628320050699000,1,305.94498812,0.7608
1628320056434000,1,1295.35647155,0.7607
1628320131190000,0,140.00000000,0.7607
1628320160510000,0,4000.00000000,0.7607
1628320162686000,1,3642.69433921,0.7602
1628320195251000,0,140.00000000,0.7606
1628320198843000,1,1000.00000000,0.7602
1628320237418000,1,1000.00000000,0.7596
1628320279593000,1,548.20996487,0.7594
1628320331935000,1,265.45292298,0.7594
1628320362712000,0,8778.06764700,0.7594
1628320402646000,0,4334.87405000,0.7595
1628320403933000,0,967.27929054,0.7595
1628320452530000,1,5029.25938000,0.7594
1628320465279000,1,909.26247966,0.7594
1628320495275000,1,1106.54926753,0.7588
1628320525527000,1,1901.86895685,0.7594
1628320562658000,0,8900.00000000,0.7601
1628320562658000,0,4130.30333000,0.7601
1628320573315000,0,199.99999999,0.7602
1628320573347000,0,0.00000001,0.7602
1628320600637000,1,757.22053998,0.7601
1628320616281000,1,2803.72694653,0.7597
1628320676386000,1,2794.53837585,0.7598
1628320706479000,1,523.73025512,0.7599
1628320762668000,0,4276.54421500,0.7601
1628320793358000,1,242.32618000,0.7595
1628320802698000,1,0.00000474,0.7595
1628320802698000,1,605.81546185,0.7593
1628320802698000,1,1575.18426525,0.7591
1628320802698000,1,9051.84642796,0.7590
1628320802698000,1,530.14897220,0.7590
1628320833934000,1,204.85207335,0.7595
1628320835036000,0,3290.69200954,0.7595
1628320835114000,0,504.45591711,0.7595
1628320857979000,1,4434.63510453,0.7598
1628320882687000,0,3288.67451254,0.7605
1628320882687000,0,234.86688746,0.7607
1628320922669000,1,3286.51073952,0.7604
1628320922669000,1,8900.00000000,0.7604
1628320922669000,1,2296.36912384,0.7604
1628320922669000,1,1653.43101964,0.7603
1628321080214000,1,200.00000000,0.7606
1628321091047000,1,999.99999999,0.7603
1628321091065000,1,0.00000001,0.7603
1628321242689000,0,3975.71605600,0.7615
1628321250439000,1,9296.64140000,0.7605
1628321312342000,1,2413.66900000,0.7604
1628321329835000,0,2164.69899999,0.7607
1628321329842000,0,0.00000001,0.7607
1628321338862000,0,6161.06600000,0.7609
1628321349586000,0,1429.54410161,0.7613
1628321387436000,1,5260.00000000,0.7602
1628321387478000,1,3287.92770000,0.7601
1628321402628000,0,3352.91797400,0.7606
1628321442622000,1,8900.00000000,0.7613
1628321442622000,1,279.73013300,0.7613
1628321458083000,1,790.36476999,0.7612
1628321460676000,1,573.43744623,0.7610
1628321467088000,0,33.00000000,0.7617
1628321484718000,0,1247.29514800,0.7622
1628321504610000,0,1500.00000000,0.7622
1628321520887000,1,962.15458065,0.7620
1628321562684000,0,3280.10066095,0.7624
1628321562684000,0,838.88298005,0.7625
1628321577047000,0,126.72000000,0.7623
1628321580680000,1,1362.37221986,0.7619
1628321610789000,1,1404.84191459,0.7622
1628321619829000,0,33.81351000,0.7624
1628321640776000,1,357.00000000,0.7619
1628321640776000,1,617.85932677,0.7619
1628321661191000,0,1298.44502480,0.7620
1628321670681000,1,1931.08588194,0.7615
1628321731274000,1,1895.24198245,0.7622
1628321732613000,1,3278.27684000,0.7623
1628321740323000,0,408.37334627,0.7627
1628321749247000,1,0.00000306,0.7623
1628321749247000,1,3278.76513907,0.7622
1628321749247000,1,0.00000307,0.7622
1628321761277000,1,1181.63065952,0.7618
1628321784941000,0,519.08896787,0.7624
1628321791182000,1,2058.19620645,0.7619
1628321818209000,0,753.21614036,0.7625
1628321842644000,0,3279.86826600,0.7625
1628321842644000,0,115.73955000,0.7625
1628321915629000,0,50.00000000,0.7629
1628321922589000,0,30.00000000,0.7628
1628322060856000,1,3500.00000000,0.7620
1628322071618000,1,770.30333000,0.7620
1628322071618000,1,1176.51999327,0.7620
1628322071738000,1,14500.00000000,0.7620
1628322081672000,1,29854.68840000,0.7620
1628322085264000,1,21476.00000000,0.7620
1628322090217000,0,483.22611490,0.7624
1628322100289000,1,5369.00000000,0.7620
1628322110744000,1,24012.00000000,0.7620
1628322113740000,0,79.00939262,0.7623
1628322114962000,1,14854.00000000,0.7620
1628322166317000,1,485.27491456,0.7621
1628322184673000,1,765.99992281,0.7620
1628322213927000,1,0.40315528,0.7620
1628322213927000,1,55.00000000,0.7620
1628322213927000,1,248.58941236,0.7619
1628322214983000,1,889.52873414,0.7619
1628322274885000,1,747.53355103,0.7619
1628322304989000,1,1156.80785082,0.7620
1628322344881000,0,300.00000000,0.7617
1628322365476000,1,1657.89483976,0.7609
1628322365932000,1,3283.82901388,0.7611
1628322365932000,1,8715.16004952,0.7609
1628322365932000,1,9849.06190000,0.7609
1628322365932000,1,725.38850240,0.7608
1628322482714000,0,3940.58034500,0.7617
1628322490118000,1,444.00000000,0.7616
1628322512453000,0,2126.43460000,0.7630
1628322515886000,1,3936.41253083,0.7627
1628322531577000,1,557.70780024,0.7629
1628322546215000,1,770.86027437,0.7639
1628322550424000,1,1762.58118599,0.7634
1628322562684000,1,4128.35095300,0.7634
1628322563511000,0,9596.29984000,0.7640
1628322565324000,0,2289.10880000,0.7641
1628322568300000,0,2289.10880000,0.7642
1628322575979000,1,400.00000000,0.7640
1628322575979000,1,487.92686027,0.7640
1628322595605000,1,3890.00223599,0.7632
1628322606977000,1,702.44126635,0.7625
1628322625708000,0,788.75068424,0.7624
1628322625708000,0,477.45645260,0.7624
1628322626419000,0,1542.32210674,0.7624
1628322626419000,0,3855.43461520,0.7624
1628322626424000,0,0.00000001,0.7624
1628322630080000,0,1542.32210674,0.7627
1628322630080000,0,781.68591326,0.7627
1628322630108000,0,0.00001203,0.7627
1628322636585000,1,867.82051825,0.7628
1628322701631000,1,3278.66140000,0.7622
1628322701875000,1,0.00004672,0.7622
1628322743328000,0,1152.00000000,0.7622
1628322772499000,1,9839.21230000,0.7616
1628322805824000,0,5772.80400000,0.7616
1628322805824000,0,9501.01073967,0.7617
1628322805824000,0,9647.18526033,0.7618
1628322819170000,0,3690.00000000,0.7619
1628322848478000,1,1130.09605818,0.7617
1628322848505000,0,0.80900000,0.7619
1628322854771000,1,6212.94350206,0.7617
1628322862268000,1,266.59313994,0.7617
1628322877579000,1,504.28927683,0.7618
1628322922721000,0,4119.68360800,0.7620
1628323058070000,1,774.21844267,0.7618
1628323088485000,1,902.17762821,0.7613
1628323091924000,1,231.90599548,0.7614
1628323101891000,1,310.35252200,0.7612
1628323148507000,1,627.19328695,0.7611
1628323209079000,1,1479.49597740,0.7607
1628323219658000,0,3285.64937147,0.7611
1628323219661000,0,0.00000001,0.7611
1628323236627000,1,1158.28770041,0.7604
1628323238981000,1,823.76579076,0.7604
1628323246317000,1,17458.41344448,0.7602
1628323246371000,1,6539.02627338,0.7602
1628323246708000,1,7500.00000000,0.7601
1628323246762000,1,2358.21590000,0.7601
1628323285805000,1,329.00000000,0.7600
1628323301322000,1,5237.00000000,0.7600
1628323306491000,1,3057.27356662,0.7597
1628323307290000,1,9886.79330000,0.7592
1628323330279000,1,584.77819019,0.7601
1628323331464000,1,8984.15740000,0.7601
1628323331630000,1,6000.00000000,0.7600
1628323331770000,1,5400.13992000,0.7600
1628323332810000,1,0.00000894,0.7600
1628323360382000,1,644.72531151,0.7593
1628323390594000,1,1201.32280957,0.7598
1628323397380000,0,2507.81966087,0.7605
1628323408518000,1,661.13466297,0.7605
1628323420578000,1,1605.46142673,0.7601
1628323450775000,1,973.42728984,0.7599
1628323509565000,0,429.56207817,0.7601
1628323571886000,1,1278.91980928,0.7591
1628323640136000,1,1999.79629999,0.7593
1628323691992000,1,2070.96579383,0.7592
1628323722179000,1,550.78937864,0.7594
1628323773539000,1,285.57990000,0.7602
1628323780150000,1,0.00004100,0.7602
1628323782893000,1,661.72892725,0.7598
1628323812878000,1,1240.82776033,0.7597
1628323842886000,1,400.00000000,0.7595
1628323842886000,1,619.61646603,0.7595
1628323862047000,0,1500.00000000,0.7597
1628323873385000,1,789.57291615,0.7602
1628323903999000,1,604.24372971,0.7604
1628323982876000,0,77.92816729,0.7618
1628323994188000,1,1774.16461902,0.7615
1628324049164000,1,1000.00000000,0.7607
1628324049164000,1,805.31113541,0.7604
1628324067036000,0,1950.00000000,0.7615
1628324084118000,1,2969.82075017,0.7610
1628324144299000,1,99.99999999,0.7620
1628324144626000,1,0.00000001,0.7620
1628324168848000,0,3282.00000000,0.7620
1628324171316000,0,0.13803205,0.7620
1628324171316000,0,1545.86196795,0.7620
1628324174979000,1,2967.35467708,0.7615
1628324175403000,0,3281.00000000,0.7620
1628324176785000,0,0.74827388,0.7620
1628324187359000,0,9493.07522343,0.7625
1628324187359000,0,161.92477657,0.7625
1628324215396000,0,3281.00000000,0.7621
1628324235082000,1,1698.49389302,0.7619
1628324265386000,1,744.49698603,0.7617
1628324295575000,1,2043.32100427,0.7619
1628324300354000,0,0.41497470,0.7625
1628324315355000,0,3279.44324897,0.7627
1628324321223000,0,156.42131981,0.7627
1628324325780000,1,1375.43727636,0.7622
1628324349129000,0,452.00000000,0.7627
1628324360666000,0,1388.00000000,0.7624
1628324361358000,0,2025.99160765,0.7624
1628324370107000,0,8900.00000000,0.7624
1628324370107000,0,2122.00000000,0.7624
1628324377263000,0,3279.93328268,0.7625
1628324382114000,0,3279.72736622,0.7625
1628324382114000,0,5494.27263378,0.7625
1628324384835000,0,5210.00597905,0.7627
1628324385987000,1,442.22801280,0.7622
1628324390353000,0,848.00000000,0.7627
1628324392912000,0,2431.21463437,0.7627
1628324392912000,0,8921.78536563,0.7627
1628324403382000,0,3277.00000000,0.7630
1628324415991000,1,845.31215637,0.7625
1628324427298000,0,0.85618010,0.7630
1628324427298000,0,1542.14381990,0.7630
1628324428686000,0,0.56746805,0.7630
1628324428686000,0,3856.56582983,0.7632
1628324428686000,0,3275.86670212,0.7633
1628324445156000,0,1556.00000000,0.7629
1628324446174000,0,1722.00000000,0.7629
1628324454111000,0,0.19453269,0.7629
1628324454111000,0,33.00000000,0.7629
1628324454111000,0,66.80546731,0.7631
1628324458211000,0,3210.00000000,0.7631
1628324465192000,0,0.29912944,0.7631
1628324465192000,0,99.70087056,0.7631
1628324475117000,0,33.00000000,0.7631
1628324476582000,1,400.00000000,0.7628
1628324476582000,1,2640.69298207,0.7628
1628324482739000,0,0.76363169,0.7633
1628324482739000,0,3275.62529981,0.7635
1628324482739000,0,2287.59326759,0.7636
1628324482739000,0,4265.90000000,0.7637
1628324482739000,0,3103.43473091,0.7638
1628324491723000,0,77.48060000,0.7634
1628324535845000,0,33.00000000,0.7634
1628324537877000,1,1369.32106143,0.7636
1628324540435000,1,567.00000000,0.7634
1628324567584000,1,400.00000000,0.7635
1628324567584000,1,185.88040989,0.7634
1628324585401000,0,3274.00000000,0.7636
1628324588010000,0,0.95352100,0.7636
1628324588010000,0,2388.04647900,0.7636
1628324589370000,0,886.00000000,0.7636
1628324589370000,0,0.90704200,0.7636
1628324589370000,0,25.14547456,0.7639
1628324598088000,1,648.12399374,0.7631
1628324605717000,0,3276.00000000,0.7633
1628324608423000,0,0.53223048,0.7633
1628324608423000,0,3276.46776952,0.7633
1628324609421000,0,0.06446096,0.7633
1628324609421000,0,3275.93553904,0.7633
1628324613453000,0,0.59669144,0.7633
1628324613453000,0,7636.34600000,0.7633
1628324613453000,0,3275.05730856,0.7634
1628324614800000,0,0.96653721,0.7634
1628324614800000,0,3275.03346279,0.7634
1628324619051000,0,0.99038298,0.7634
1628324619051000,0,3275.00961702,0.7635
1628324633399000,0,0.52883058,0.7635
1628324633399000,0,2029.47116942,0.7635
1628324640320000,0,0.44283058,0.7635
1628324640320000,0,3275.55716942,0.7635
1628324682701000,0,0.09725921,0.7635
1628324682701000,0,416.90274079,0.7636
1628324690805000,0,3274.00000000,0.7637
1628324709564000,0,130.54619878,0.7634
1628324712019000,0,852.00000000,0.7633
1628324722444000,0,3276.00000000,0.7632
1628324725549000,0,0.92261788,0.7632
1628324725549000,0,1083.07738212,0.7632
1628324752082000,1,60.00000000,0.7630
1628324752353000,1,9584.46343312,0.7628
1628324752353000,1,5415.53656688,0.7626
1628324761559000,0,3277.00000000,0.7630
1628324762672000,0,0.85483951,0.7630
1628324762672000,0,3277.14516049,0.7630
1628324766642000,0,0.70967902,0.7630
1628324766642000,0,3277.29032098,0.7631
1628324804088000,0,2661.49682053,0.7629
1628324804090000,0,616.85258448,0.7629
1628324838983000,1,1715.02601939,0.7629
1628324849566000,0,0.33130833,0.7631
1628324849566000,0,98.78829167,0.7632
1628324851083000,0,3892.99999999,0.7636
1628324868884000,1,4768.95262843,0.7632
1628324910707000,0,157.37611373,0.7632
1628324922673000,0,3615.19547100,0.7632
1628324959386000,1,2530.80453150,0.7629
1628325024389000,0,3277.12882000,0.7632
1628325024391000,0,0.00000141,0.7632
1628325055717000,1,267.60000000,0.7633
1628325058140000,1,3276.56360076,0.7633
1628325075294000,1,1455.83639000,0.7633
1628325075345000,1,0.00000924,0.7633
1628325075809000,1,209.43636355,0.7629
1628325075975000,1,402.00000000,0.7629
1628325080165000,1,129.16021321,0.7629
1628325087741000,0,2961.69008497,0.7629
1628325087742000,0,316.52600341,0.7629
1628325110421000,0,3277.72992401,0.7630
1628325110421000,0,6556.27007599,0.7630
1628325114547000,0,3277.72992401,0.7630
1628325114547000,0,0.49818032,0.7630
1628325114547000,0,6555.77189567,0.7630
1628325126659000,0,3278.00000000,0.7628
1628325164658000,0,64.63000000,0.7624
1628325223957000,1,347.75064584,0.7620
1628325242841000,0,8900.00000000,0.7623
1628325242841000,0,3281.21729702,0.7623
1628325242841000,0,3264.40448698,0.7623
1628325411574000,1,3697.81771468,0.7616
1628325441478000,1,100.00000000,0.7621
1628325441478000,1,587.75577962,0.7616
1628325464414000,1,1245.00000000,0.7615
1628325599979000,0,50.00000000,0.7623
1628325617824000,0,3281.01870000,0.7623
1628325630077000,0,100.00000000,0.7625
1628325696646000,0,0.66633681,0.7628
1628325696646000,0,0.99636064,0.7630
1628325696646000,0,2591.02965792,0.7632
1628325745635000,0,260.77908469,0.7635
1628325764246000,0,3279.55786281,0.7627
1628325764246000,0,8900.00000000,0.7627
1628325764246000,0,3796.22707741,0.7628
1628325773289000,1,1753.95537799,0.7623
1628325803477000,1,575.39090365,0.7623
1628325827097000,0,3278.50234985,0.7629
1628325827097000,0,8797.32690515,0.7629
1628325827338000,0,8900.00000000,0.7630
1628325827338000,0,3130.06470000,0.7630
1628325893988000,1,400.00000000,0.7626
1628325893988000,1,1634.37491554,0.7626
1628325920855000,0,3276.22970000,0.7634
1628325924353000,1,400.00000000,0.7632
1628325924353000,1,1393.43235290,0.7632
1628325974495000,0,0.83312326,0.7637
1628326014982000,1,885.39492839,0.7636
1628326045083000,1,960.65238785,0.7636
1628326105186000,1,781.19056743,0.7637
1628326134711000,0,130.51922120,0.7643
1628326135335000,1,1187.89433860,0.7639
1628326157280000,0,217.60000000,0.7638
1628326162740000,0,3273.66646290,0.7640
1628326162740000,0,3960.50000000,0.7642
1628326162740000,0,8900.00000000,0.7642
1628326162740000,0,5532.89667110,0.7643
1628326165276000,1,1712.35793918,0.7635
1628326179208000,1,13561.35190477,0.7635
1628326181852000,1,7319.80611765,0.7633
1628326188328000,0,88.53000000,0.7638
1628326189690000,0,500.00000000,0.7638
1628326197480000,0,1163.00000000,0.7638
1628326211655000,0,3274.51442781,0.7638
1628326211655000,0,4365.86734252,0.7638
1628326233574000,0,137.37751814,0.7635
1628326247080000,0,3276.00000000,0.7633
1628326249466000,0,0.48775653,0.7633
1628326249466000,0,3275.51224347,0.7633
1628326258820000,0,0.97551306,0.7633
1628326258820000,0,3275.02448694,0.7635
1628326262873000,0,2121.00000000,0.7632
1628326283417000,0,2397.00000000,0.7631
1628326290812000,0,0.92141765,0.7635
1628326296146000,0,3276.00000000,0.7634
1628326306796000,0,0.24858709,0.7634
1628326306796000,0,3275.87008034,0.7636
1628326306796000,0,9112.88133257,0.7636
1628326308182000,0,3275.00000000,0.7636
1628326324848000,0,0.87008034,0.7636
1628326324848000,0,325.72712223,0.7636
1628326412425000,1,2069.46857261,0.7636
1628326413512000,1,1240.88229220,0.7636
1628326415039000,1,412.88511896,0.7636
1628326415811000,0,83.00000000,0.7640
1628326439019000,1,508.72840023,0.7636
1628326498080000,1,798.85082668,0.7638
1628326524696000,0,3273.24205049,0.7643
1628326524696000,0,400.00000000,0.7643
1628326524696000,0,8900.00000000,0.7644
1628326524765000,1,9543.44675000,0.7644
1628326524773000,1,3273.24205049,0.7644
1628326524815000,1,7045.47637491,0.7644
1628326524843000,1,5822.02750000,0.7644
1628326526145000,1,3273.36207981,0.7644
1628326526445000,1,18998.23677890,0.7644
1628326526993000,1,21669.00000000,0.7644
1628326528148000,1,3273.36207981,0.7644
1628326528279000,1,801.62172400,0.7644
1628326529494000,1,26990.00000000,0.7644
1628326530151000,1,3273.36207981,0.7644
1628326532130000,1,320.65600000,0.7644
1628326532149000,1,3273.04742778,0.7644
1628326533609000,1,94019.00000000,0.7644
1628326533670000,1,3272.80724718,0.7644
1628326534447000,1,396.29175623,0.7644
1628326536147000,1,23505.00000000,0.7644
1628326536776000,0,400.00000000,0.7645
1628326541959000,0,400.00000000,0.7646
1628326541959000,0,1980.64347369,0.7646
1628326541985000,0,0.00000001,0.7646
1628326567726000,1,23485.00000000,0.7644
1628326569077000,1,255.00000000,0.7644
1628326573086000,1,16187.00000000,0.7644
1628326575913000,1,1240.00000000,0.7644
1628326577299000,1,4890.00000000,0.7644
1628326581018000,1,2904.25207448,0.7644
1628326581065000,1,2250.00000000,0.7644
1628326581360000,1,2632.16479184,0.7644
1628326581398000,1,3273.18756883,0.7644
1628326581458000,1,543.31977563,0.7644
1628326581517000,1,543.56471006,0.7644
1628326581566000,1,186.02918900,0.7644
1628326581595000,1,204.25549922,0.7644
1628326581653000,1,916.15722692,0.7644
1628326581804000,1,273.62644705,0.7644
1628326581876000,1,170.22653435,0.7644
1628326582019000,1,5801.48644722,0.7644
1628326582105000,1,4412.06423400,0.7644
1628326582141000,1,3945.96471648,0.7644
1628326582153000,1,44400.00000000,0.7644
1628326582190000,1,2527.20000000,0.7644
1628326582235000,1,4527.00000000,0.7644
1628326582262000,1,1420.40000000,0.7644
1628326582303000,1,1826.13515985,0.7644
1628326582352000,1,705.37194574,0.7644
1628326582398000,1,173.14460000,0.7644
1628326582400000,1,359.71815774,0.7644
1628326582430000,1,179.01250212,0.7644
1628326582433000,1,77.26680000,0.7644
1628326582453000,1,160.24650000,0.7644
1628326582494000,1,231.00247103,0.7644
1628326582509000,1,402.81521439,0.7644
1628326582543000,1,188.34809122,0.7644
1628326582547000,1,267.60000000,0.7644
1628326582569000,1,232.90310000,0.7644
1628326582630000,1,36.60140000,0.7644
1628326582653000,1,102.51600000,0.7644
1628326582681000,1,44.86240000,0.7644
1628326582694000,1,5875.16064122,0.7644
1628326582695000,1,570.11986231,0.7644
1628326582716000,1,93.34400000,0.7644
1628326582778000,1,192.50860934,0.7644
1628326582782000,1,61.95990000,0.7644
1628326582806000,1,3273.27972287,0.7644
1628326582817000,1,3200.24294728,0.7644
1628326583023000,1,4016.41122657,0.7644
1628326583753000,1,9419.45606871,0.7644
1628326584154000,1,3273.20269709,0.7644
1628326584914000,1,325.47245389,0.7644
1628326584944000,1,1393.21136120,0.7644
1628326585081000,1,24294.00000000,0.7644
1628326595056000,0,400.00000000,0.7646
1628326595056000,0,1982.99764581,0.7646
1628326595073000,0,0.00000001,0.7646
1628326596370000,0,399.99999999,0.7646
1628326596398000,0,0.00000001,0.7646
1628326597548000,0,1942.58435783,0.7646
1628326597548000,0,399.99999999,0.7646
1628326599606000,0,0.00000001,0.7646
1628326599606000,0,1600.21957099,0.7646
1628326621553000,0,326.15296887,0.7646
1628326625706000,0,345.28205728,0.7646
1628326658336000,0,32.85800000,0.7648
1628326665398000,0,0.00068591,0.7648
1628326665398000,0,1955.96641409,0.7649
1628326665424000,0,0.00077714,0.7649
1628326665510000,0,99.99999999,0.7650
1628326665513000,0,0.00000001,0.7650
1628326670239000,0,3269.33949043,0.7652
1628326715022000,0,710.00000000,0.7651
1628326715185000,0,2028.60661319,0.7651
1628326738383000,0,6642.11900000,0.7652
1628326801159000,0,0.00000001,0.7652
1628326801159000,0,1765.62600000,0.7652
1628326801159000,0,3206.36323315,0.7655
1628326842683000,1,3382.49650300,0.7653
1628326843624000,0,3266.72100993,0.7657
1628326843624000,0,400.00000000,0.7658
1628326843624000,0,1333.27899007,0.7659
1628326863621000,0,2000.00000000,0.7652
1628326871063000,1,429.64182382,0.7644
1628326875766000,0,389.34737241,0.7648
1628326886099000,1,3271.89982766,0.7644
1628326887808000,1,3271.89982766,0.7644
1628326889148000,1,3271.89982766,0.7644
1628326891153000,1,3271.89982766,0.7644
1628326893205000,1,1452.56455516,0.7644
1628326893222000,1,1043.01891564,0.7644
1628326893249000,1,839.81815346,0.7644
1628326893460000,1,482.19960998,0.7644
1628326894180000,1,3272.37140204,0.7644
1628326908348000,1,3272.14537987,0.7644
1628326915150000,1,3272.18907378,0.7644
1628326916496000,1,3272.39057738,0.7644
1628326925004000,0,3271.09130000,0.7647
1628326925055000,0,0.00009307,0.7647
1628326925701000,1,44.00000000,0.7645
1628326939751000,1,557.11903141,0.7652
1628326963103000,0,1577.81390000,0.7658
1628326963125000,0,1689.00550000,0.7658
1628326965643000,0,3396.45249623,0.7661
1628326965645000,0,5923.54750377,0.7661
1628326988092000,1,2279.37542535,0.7655
1628326988093000,1,0.00000001,0.7655
1628326990411000,0,198.93779235,0.7653
1628327030362000,0,3265.53287559,0.7659
1628327030364000,0,0.00000001,0.7659
1628327035681000,0,3265.25110000,0.7660
1628327042704000,1,4370.41860100,0.7662
1628327044994000,1,676.99011939,0.7664
1628327046022000,1,303.45985752,0.7663
1628327047019000,1,653.09080511,0.7660
1628327048347000,0,3263.02299977,0.7666
1628327048347000,0,9643.79138854,0.7667
1628327048347000,0,400.00000000,0.7669
1628327048347000,0,4538.53881457,0.7669
1628327048512000,1,2279.37542536,0.7661
1628327048512000,1,374.47334889,0.7660
1628327049564000,1,653.27830237,0.7663
1628327060499000,1,652.58849352,0.7668
1628327061717000,1,1660.40450614,0.7668
1628327075040000,0,3000.00000000,0.7675
1628327075040000,0,6521.83971343,0.7675
1628327075063000,0,2795.00070762,0.7674
1628327075068000,0,3474.19768479,0.7674
1628327083034000,1,400.00000000,0.7673
1628327083034000,1,308.45756226,0.7673
1628327084297000,1,283.04654549,0.7673
1628327086054000,1,335.82684516,0.7670
1628327087044000,1,383.21613579,0.7671
1628327088120000,1,227.67618924,0.7671
1628327093713000,1,697.06174194,0.7668
1628327132058000,1,713.61265408,0.7667
1628327162742000,0,3948.04917600,0.7678
1628327163552000,1,290.88321947,0.7671
1628327170628000,1,515.37035757,0.7671
1628327173604000,0,20897.48530000,0.7679
1628327185923000,1,389.52117317,0.7671
1628327197228000,0,4204.56658537,0.7679
1628327198871000,0,2557.30474966,0.7679
1628327198871000,0,8712.46704591,0.7679
1628327198872000,0,3254.05527884,0.7679
1628327198875000,0,1452.59489929,0.7679
1628327198877000,0,3619.98328395,0.7679
1628327198880000,0,3385.84944629,0.7679
1628327201235000,0,7716.95346000,0.7679
1628327201302000,0,8500.00000000,0.7679
1628327201359000,0,234.74200000,0.7679
1628327201377000,0,6000.00000000,0.7679
1628327201451000,0,4000.00000000,0.7679
1628327202402000,0,6456.15397267,0.7679
1628327202418000,0,4880.13896618,0.7679
1628327202427000,0,3706.69907763,0.7679
1628327202428000,0,1583.85991154,0.7679
1628327202575000,0,14500.00000000,0.7679
1628327202642000,0,8000.00000000,0.7679
1628327202676000,0,8260.18245714,0.7679
1628327202682000,0,2882.95628693,0.7679
1628327202706000,0,3500.00000000,0.7679
1628327202778000,0,7000.00000000,0.7679
1628327202911000,0,3000.00000000,0.7679
1628327202984000,0,4500.00000000,0.7679
1628327203011000,0,2201.95317259,0.7679
1628327203014000,0,856.09904091,0.7679
1628327203050000,0,3500.00000000,0.7679
1628327203067000,0,3903.57986240,0.7679
1628327203741000,0,381.44834746,0.7679
1628327204114000,0,1709.60098868,0.7679
1628327204408000,0,15434.17279444,0.7679
1628327204506000,0,203.18436808,0.7679
1628327204609000,0,9480.80646499,0.7679
1628327205162000,0,3254.04006463,0.7679
1628327205392000,0,5180.24314920,0.7679
1628327205666000,0,1583.88551495,0.7680
1628327205707000,0,3416.11448505,0.7680
1628327205964000,1,400.00000000,0.7680
1628327205964000,1,8900.00000000,0.7680
1628327205964000,1,2872.98030000,0.7680
1628327206049000,0,9269.70082000,0.7679
1628327206112000,0,400.00000000,0.7679
1628327206154000,0,11000.00000000,0.7679
1628327206179000,0,2599.53219543,0.7679
1628327206185000,0,5370.66775910,0.7679
1628327210299000,1,19524.92054735,0.7683
1628327211434000,1,400.00000000,0.7683
1628327211434000,1,16840.00000000,0.7682
1628327212387000,1,400.00000000,0.7679
1628327212387000,1,3688.90000000,0.7679
1628327212961000,1,8900.00000000,0.7679
1628327212961000,1,2595.00000000,0.7679
1628327213403000,1,400.00000000,0.7679
1628327213403000,1,8900.00000000,0.7679
1628327213403000,1,3836.82962714,0.7679
1628327214587000,1,1000.00000000,0.7678
1628327214587000,1,303.69841808,0.7678
1628327215660000,1,400.00000000,0.7678
1628327215660000,1,966.22153627,0.7678
1628327216601000,1,400.00000000,0.7680
1628327216601000,1,251.84920901,0.7680
1628327217663000,1,400.00000000,0.7677
1628327217663000,1,903.69841808,0.7676
1628327218767000,1,1303.69841808,0.7677
1628327219788000,1,1334.10102778,0.7676
1628327220788000,1,575.86955413,0.7675
1628327221927000,1,1379.94873487,0.7676
1628327222997000,1,1316.42004537,0.7676
1628327224002000,1,347.82712739,0.7678
1628327224626000,1,400.00000000,0.7678
1628327224626000,1,8900.00000000,0.7678
1628327224626000,1,3254.29003899,0.7678
1628327224626000,1,2279.37542536,0.7677
1628327224626000,1,4248.20000000,0.7676
1628327224626000,1,21215.69003565,0.7676
1628327225143000,1,400.00000000,0.7678
1628327225143000,1,251.85344725,0.7678
1628327226444000,1,251.85344000,0.7678
1628327226444000,1,2245.08191864,0.7678
1628327227933000,1,1497.38537228,0.7676
1628327229278000,1,333.31460285,0.7675
1628327238955000,1,496.84024757,0.7678
1628327240193000,1,250.30367940,0.7678
1628327251465000,0,4503.06465000,0.7681
1628327251554000,0,3500.00000000,0.7681
1628327251629000,0,2385.31345000,0.7681
1628327274944000,0,3000.00000000,0.7680
1628327275009000,0,2614.68655000,0.7680
1628327275072000,0,3704.76297000,0.7680
1628327282316000,1,8900.00000000,0.7678
1628327282316000,1,400.00000000,0.7677
1628327282316000,1,10264.67164820,0.7677
1628327284145000,1,8900.00000000,0.7679
1628327284145000,1,400.00000000,0.7679
1628327285111000,1,2854.47786099,0.7679
1628327285111000,1,400.00000000,0.7678
1628327286398000,1,3254.47786099,0.7679
1628327286398000,1,470.57350181,0.7677
1628327286398000,1,5137.84290773,0.7677
1628327293977000,1,8772.00000000,0.7676
1628327294650000,1,267.60000000,0.7676
1628327294842000,1,2880.40000000,0.7676
1628327315615000,0,9542.92471921,0.7675
1628327315615000,0,9221.50533718,0.7677
1628327315615000,0,9053.39695228,0.7677
1628327315615000,0,2182.17299133,0.7677
1628327358774000,0,8900.00000000,0.7680
1628327358795000,1,3257.09418674,0.7680
1628327358830000,1,4642.90581326,0.7680
1628327390237000,1,684.86247062,0.7668
1628327392413000,1,652.57573025,0.7666
1628327425695000,0,70.00000000,0.7676
1628327433060000,1,652.33762763,0.7670
1628327434190000,1,652.33762769,0.7667
1628327435482000,1,767.74478322,0.7666
1628327490568000,0,500.00000000,0.7674
1628327495982000,1,547.53543697,0.7668
1628327614432000,1,250.00000000,0.7670
1628327616376000,1,1106.38128465,0.7670
