timestamp ms,type,amount,price
1623110436968000,0,400.00000000,0.8596
1623110444679000,0,964.10600000,0.8620
1623110444850000,0,1361.57669609,0.8620
1623110445703000,0,1508.69956653,0.8620
1623110445770000,0,28969.00783945,0.8620
1623110445844000,0,14.93589793,0.8620
1623110448107000,0,518.69744875,0.8639
1623110448107000,0,28381.60030324,0.8639
1623110448395000,0,15000.00000000,0.8639
1623110448562000,0,28260.53000000,0.8639
1623110448593000,0,15000.00000000,0.8639
1623110448607000,0,28881.54018631,0.8639
1623110448946000,0,688.07991850,0.8639
1623110449709000,0,28879.26934281,0.8642
1623110450193000,0,15000.00000000,0.8642
1623110450240000,0,28871.33857186,0.8642
1623110450330000,0,15000.00000000,0.8642
1623110450406000,0,5763.37433982,0.8642
1623110450444000,0,15000.00000000,0.8642
1623110450529000,0,3239.17640131,0.8642
1623110450545000,0,6994.46480615,0.8642
1623110450548000,0,13665.86484124,0.8642
1623110450612000,0,1375.76128876,0.8642
1623110453700000,0,9200.00000000,0.8642
1623110453807000,0,38000.00000000,0.8642
1623110453808000,0,14735.06000000,0.8642
1623110453904000,0,38000.00000000,0.8642
1623110453908000,0,16276.69040805,0.8642
1623110459931000,0,3000.00000000,0.8670
1623110464782000,0,28804.44242173,0.8663
1623110466811000,0,28802.51019144,0.8663
1623110467181000,0,11368.38557518,0.8663
1623110475732000,0,404.53074434,0.8652
1623110478318000,0,1000.00000000,0.8646
1623110496797000,0,2129.57537030,0.8663
1623110499797000,0,2234.00000000,0.8663
1623110499874000,0,50.00000000,0.8663
1623110499946000,0,3410.00000000,0.8663
1623110500055000,0,4305.00000000,0.8663
1623110500439000,1,4235.32500000,0.8658
1623110503939000,0,289.00000000,0.8654
1623110504009000,0,290.00000000,0.8654
1623110508873000,0,400.00000000,0.8658
1623110509894000,1,290.00000000,0.8659
1623110509894000,1,288.00000000,0.8659
1623110510181000,0,28835.80741157,0.8658
1623110511171000,0,400.00000000,0.8658
1623110511380000,0,43100.00000000,0.8658
1623110511566000,0,4235.32500000,0.8658
1623110513944000,0,14541.52615234,0.8658
1623110513965000,0,2236.00029019,0.8658
1623110514037000,0,5372.08544294,0.8658
1623110514057000,0,2637.09073772,0.8658
1623110517092000,0,159.00000000,0.8658
1623110517483000,1,80.00000000,0.8659
1623110517483000,1,161.00000000,0.8659
1623110518663000,0,291.00000000,0.8658
1623110518727000,0,167.39174820,0.8658
1623110518752000,0,1687.93615398,0.8658
1623110518758000,0,14701.40000000,0.8658
1623110518885000,0,189.75169170,0.8658
1623110519090000,0,28835.59325048,0.8658
1623110519413000,0,400.00000000,0.8658
1623110519421000,0,1230.00000000,0.8658
1623110519442000,0,189.75169170,0.8658
1623110519594000,0,28832.55814195,0.8658
1623110519749000,0,15000.24000000,0.8658
1623110524634000,0,401.00000000,0.8658
1623110524964000,0,59.00000000,0.8658
1623110525407000,1,174.00000000,0.8659
1623110525407000,1,58.00000000,0.8659
1623110525407000,1,290.00000000,0.8659
1623110525407000,1,1199.49661660,0.8658
1623110525514000,0,28829.62153595,0.8658
1623110525822000,0,910.55284524,0.8658
1623110526885000,0,400.00000000,0.8658
1623110527000000,0,23946.32900221,0.8658
1623110529765000,1,400.00000000,0.8671
1623110529765000,1,288.00000000,0.8671
1623110529765000,1,292.00000000,0.8671
1623110529765000,1,290.00000000,0.8671
1623110534494000,0,288.00000000,0.8674
1623110541316000,1,100.00000000,0.8658
1623110551712000,1,3605.83899591,0.8643
1623110551908000,1,4135.32500000,0.8643
1623110554108000,1,2909.81692331,0.8643
1623110562054000,1,2289.04705539,0.8643
1623110577020000,1,291.00000000,0.8618
1623110579307000,1,400.00000000,0.8618
1623110579956000,0,292.00000000,0.8610
1623110583177000,1,288.82274138,0.8622
1623110583256000,1,111.17725862,0.8622
1623110588400000,1,999.99999999,0.8615
1623110588487000,1,0.00000001,0.8615
1623110595934000,0,314.00000000,0.8616
1623110601996000,1,12780.80402997,0.8609
1623110604552000,1,400.00000000,0.8609
1623110606143000,1,1000.00000000,0.8604
1623110609966000,1,400.00000000,0.8595
1623110610023000,1,1000.00000000,0.8593
1623110613753000,1,400.00000000,0.8593
1623110621584000,0,400.00000000,0.8605
1623110625797000,0,3000.00000000,0.8610
1623110625797000,0,53.96035000,0.8610
1623110628627000,1,400.00000000,0.8607
1623110628632000,1,14775.62727189,0.8603
1623110633238000,1,1000.00000000,0.8603
1623110644269000,0,291.00000000,0.8631
1623110658142000,0,1381.86271668,0.8625
1623110658142000,0,1618.13728332,0.8628
1623110660223000,0,271.31238815,0.8621
1623110660223000,0,19.68761185,0.8624
1623110660291000,0,400.00000000,0.8624
1623110679106000,0,400.00000000,0.8635
1623110680290000,0,1000.00000000,0.8636
1623110682171000,0,270.66788319,0.8640
1623110682171000,0,729.33211681,0.8641
1623110694389000,1,289.75428836,0.8639
1623110703861000,1,2403.98025668,0.8634
1623110703865000,1,3383.37511554,0.8634
1623110710642000,1,400.00000000,0.8624
1623110710642000,1,599.99999999,0.8623
1623110710678000,1,400.00000001,0.8623
1623110711349000,1,292.00000000,0.8626
1623110711499000,1,15617.12170157,0.8626
1623110711570000,1,1071.41418060,0.8626
1623110726915000,0,81.00000000,0.8643
1623110727974000,0,5034.95342625,0.8644
1623110729718000,1,400.00000000,0.8639
1623110729718000,1,1000.00000000,0.8637
1623110729718000,1,286.74015758,0.8636
1623110729718000,1,2311.25984242,0.8633
1623110743426000,0,266.27400000,0.8643
1623110743514000,0,0.00044951,0.8643
1623110743665000,0,818.51135228,0.8644
1623110744680000,0,3969.05100000,0.8644
1623110744711000,0,28899.76216900,0.8644
1623110744777000,0,12406.18631704,0.8644
1623110744823000,0,5713.78625225,0.8644
1623110744835000,0,14592.54000000,0.8644
1623110745024000,0,5946.74640711,0.8644
1623110745067000,0,1720.20056231,0.8644
1623110745074000,0,6410.04991995,0.8644
1623110745209000,0,28899.14794430,0.8644
1623110745287000,0,131590.01807576,0.8644
1623110745993000,0,109.00000000,0.8650
1623110746505000,0,1000.00000000,0.8650
1623110758792000,1,1731.59548173,0.8658
1623110758792000,1,11537.01268991,0.8657
1623110758792000,1,1725.15768314,0.8657
1623110758792000,1,4133.67615528,0.8653
1623110758792000,1,18304.47722290,0.8653
1623110758792000,1,9070.03600164,0.8653
1623110758792000,1,11540.66008471,0.8653
1623110758792000,1,17307.71057716,0.8653
1623110758792000,1,1715.11258476,0.8652
1623110758792000,1,28937.17000000,0.8652
1623110758792000,1,12906.84780000,0.8651
1623110758792000,1,11014.30921126,0.8651
1623110758792000,1,10999.01333033,0.8651
1623110758792000,1,11673.94975879,0.8651
1623110758809000,0,9200.00000000,0.8650
1623110758811000,0,350.00000000,0.8650
1623110758838000,0,11451.74700000,0.8650
1623110758839000,0,1381.86271667,0.8650
1623110758882000,0,15000.00000000,0.8650
1623110758892000,0,2565.63680000,0.8650
1623110758896000,0,2413.66900000,0.8650
1623110758905000,0,28833.28070781,0.8650
1623110758930000,0,2993.01598411,0.8650
1623110758931000,0,2270.00000000,0.8650
1623110759045000,0,387.96000317,0.8650
1623110759143000,0,15265.09000000,0.8650
1623110759160000,0,5292.00920663,0.8650
1623110759189000,0,189.00000000,0.8666
1623110759271000,0,295.00000000,0.8665
1623110759352000,0,4299.00000000,0.8665
1623110759419000,0,2152.00000000,0.8665
1623110759499000,0,154.00000000,0.8665
1623110759570000,0,629.00000000,0.8665
1623110759641000,0,980.00000000,0.8666
1623110759717000,0,1298.00000000,0.8666
1623110761127000,1,288.00000000,0.8667
1623110761127000,1,55.80183505,0.8667
1623110761252000,1,235.19816495,0.8667
1623110761252000,1,25.20577428,0.8667
1623110762919000,1,374.79400000,0.8667
1623110763009000,1,0.00022572,0.8667
1623110764015000,0,400.00000000,0.8670
1623110764082000,0,289.00000000,0.8670
1623110765916000,1,17312.28900000,0.8656
1623110765916000,1,1744.58874458,0.8655
1623110765916000,1,5770.19311653,0.8653
1623110765916000,1,1726.58008657,0.8652
1623110765916000,1,350.00000000,0.8651
1623110765916000,1,10867.78541968,0.8651
1623110765916000,1,6508.34522409,0.8651
1623110765916000,1,3207.48031498,0.8650
1623110765974000,0,3259.00000000,0.8650
1623110765990000,0,374.79400000,0.8650
1623110765991000,0,10988.15866906,0.8650
1623110766102000,0,28847.32341316,0.8650
1623110766630000,0,28852.52323698,0.8650
1623110767001000,0,5769.72288001,0.8650
1623110767002000,0,11541.00929480,0.8650
1623110767151000,0,28849.77619189,0.8650
1623110767366000,0,290.00000000,0.8650
1623110767678000,0,28845.49015128,0.8650
1623110767935000,0,52602.00000000,0.8650
1623110768209000,0,2293.94025639,0.8650
1623110776043000,1,360.60287889,0.8658
1623110776043000,1,350.00000000,0.8655
1623110776043000,1,17305.89170000,0.8655
1623110776043000,1,1736.34220742,0.8654
1623110776086000,0,5767.82896783,0.8652
1623110776091000,0,11536.63004342,0.8652
1623110776100000,0,17304.94506513,0.8652
1623110776313000,0,18304.47722290,0.8652
1623110776313000,0,10546.44404786,0.8652
1623110776906000,0,28856.09546553,0.8652
1623110777512000,0,28857.97115062,0.8652
1623110778206000,1,1727.80100000,0.8650
1623110778236000,1,0.00034792,0.8650
1623110785002000,1,400.00000000,0.8649
1623110786457000,1,1000.00000000,0.8642
1623110786457000,1,24.71134489,0.8642
1623110788185000,1,1745.57300000,0.8640
1623110788289000,1,0.00076290,0.8640
1623110794389000,1,361.95100000,0.8646
1623110794505000,1,38.04900000,0.8646
1623110809116000,1,399.99999999,0.8642
1623110809336000,1,0.00000001,0.8642
1623110812681000,0,248.00000000,0.8644
1623110812804000,0,292.00000000,0.8644
1623110812987000,0,155.00000000,0.8644
1623110813465000,0,84.49682178,0.8644
1623110814626000,1,289.59317950,0.8645
1623110816315000,0,387.00000000,0.8652
1623110818620000,0,421.50581937,0.8652
1623110820355000,0,207.00000000,0.8652
1623110820519000,0,206.00000000,0.8652
1623110820860000,0,4235.32500000,0.8652
1623110821115000,0,257.58708867,0.8653
1623110821282000,1,33.41291133,0.8653
1623110825282000,1,399.99999999,0.8649
1623110825284000,1,0.00000001,0.8649
1623110825721000,1,327.64085619,0.8648
1623110825801000,0,4370.13735000,0.8652
1623110826159000,1,672.35914381,0.8648
1623110826159000,1,1727.47153567,0.8642
1623110826159000,1,305.40046255,0.8642
1623110826159000,1,1292.76885797,0.8641
1623110832494000,0,401.00000000,0.8652
1623110833574000,0,152.00000000,0.8652
1623110833656000,0,139.00000000,0.8652
1623110834149000,0,289.00000000,0.8652
1623110834448000,0,2101.13692267,0.8652
1623110834493000,0,25917.86307733,0.8652
1623110839908000,0,1622.92199215,0.8664
1623110840881000,0,254.55888921,0.8662
1623110841009000,0,327.54696368,0.8663
1623110841009000,0,360.52218799,0.8664
1623110841092000,0,436.22710896,0.8664
1623110841192000,0,400.00000000,0.8664
1623110841272000,0,4039.18535421,0.8664
1623110841312000,0,617.50708435,0.8665
1623110841400000,0,400.00000000,0.8666
1623110841457000,0,1000.00000000,0.8669
1623110841726000,0,1728.64489285,0.8670
1623110841754000,0,1400.00000000,0.8670
1623110841767000,0,1542.03080686,0.8670
1623110841798000,0,1711.00000000,0.8670
1623110841826000,0,2330.35693684,0.8670
1623110841851000,0,1137.51070220,0.8670
1623110841941000,0,325.34997592,0.8670
1623110842008000,0,138.74631668,0.8670
1623110842029000,0,1226.89504346,0.8670
1623110842029000,0,220.17774163,0.8670
1623110842034000,0,2957.06067597,0.8670
1623110842117000,0,207.45919313,0.8670
1623110842191000,0,383.70215545,0.8670
1623110842451000,0,2882.14264673,0.8673
1623110842700000,0,2295.05927944,0.8673
1623110842729000,0,2306.24646856,0.8673
1623110844862000,1,289.99999999,0.8671
1623110844912000,1,0.00000001,0.8671
1623110846023000,0,174.01908920,0.8676
1623110849532000,0,1723.09253398,0.8675
1623110849541000,0,244.73373528,0.8675
1623110849545000,0,2307.70000001,0.8675
1623110849617000,0,271.14881958,0.8675
1623110850323000,0,4008.75475175,0.8678
1623110850351000,0,695.47558553,0.8678
1623110851571000,1,400.00000000,0.8676
1623110851571000,1,287.99999999,0.8676
1623110851572000,1,0.00000001,0.8676
1623110854551000,0,400.00000000,0.8679
1623110854619000,0,289.00000000,0.8679
1623110854687000,0,292.00000000,0.8679
1623110855211000,0,400.00000000,0.8679
1623110856352000,0,892.65343329,0.8679
1623110857883000,1,287.00000000,0.8680
1623110857883000,1,400.00000000,0.8680
1623110858240000,0,290.00000000,0.8679
1623110858251000,0,28776.64135474,0.8679
1623110858413000,0,673.36661103,0.8679
1623110858434000,0,1067.58733854,0.8679
1623110858556000,0,2846.57932127,0.8679
1623110858607000,0,124.76304990,0.8679
1623110858710000,0,460.66097902,0.8679
1623110858747000,0,787.65780965,0.8679
1623110858823000,0,335.93204956,0.8679
1623110858823000,0,28774.55974307,0.8679
1623110859026000,0,165.15611780,0.8679
1623110859079000,0,124.82303570,0.8679
1623110859116000,0,835.32484548,0.8679
1623110859481000,0,28776.28287613,0.8679
1623110859856000,0,5754.11467603,0.8679
1623110859872000,0,2885.71450142,0.8679
1623110859993000,0,2845.07063520,0.8679
1623110860020000,0,28767.83790519,0.8679
1623110860046000,0,4570.07094260,0.8679
1623110860057000,0,575.54000000,0.8679
1623110860082000,0,1132.26000000,0.8679
1623110860173000,0,837.81040537,0.8679
1623110860174000,0,5750.08148233,0.8679
1623110860286000,0,698.92216342,0.8679
1623110860331000,0,8018.40339030,0.8679
1623110860338000,0,1707.13000000,0.8679
1623110860347000,0,1727.92678845,0.8679
1623110860371000,0,211.18441224,0.8679
1623110860371000,0,1265.61403742,0.8679
1623110860375000,0,575.36532392,0.8679
1623110860385000,0,1710.00000000,0.8679
1623110860395000,0,1748.52723883,0.8679
1623110860406000,0,680.71746376,0.8679
1623110860410000,0,1701.08999999,0.8679
1623110860436000,0,421.72304226,0.8679
1623110860454000,0,155.88962569,0.8679
1623110860457000,0,5665.21017057,0.8679
1623110860460000,0,704.61439448,0.8679
1623110860467000,0,3545.79647881,0.8679
1623110860496000,0,544.67354710,0.8679
1623110860508000,0,3448.49096431,0.8679
1623110860508000,0,2174.19971348,0.8679
1623110860530000,0,258.21780652,0.8679
1623110860544000,0,28763.71984398,0.8679
1623110860582000,0,2285.30000000,0.8679
1623110860588000,0,1348.15474156,0.8679
1623110860599000,0,697.71508964,0.8679
1623110860600000,0,885.96433238,0.8679
1623110860609000,0,229.84857885,0.8679
1623110860622000,0,4010.00000000,0.8679
1623110860650000,0,335.68933361,0.8679
1623110860650000,0,143.99168616,0.8679
1623110860688000,0,272.75611268,0.8679
1623110860703000,0,255.17940151,0.8679
1623110860715000,0,1737.49524860,0.8679
1623110860718000,0,1748.19427473,0.8679
1623110860729000,0,131.96267342,0.8679
1623110860730000,0,253.66273268,0.8679
1623110860735000,0,449.44101031,0.8679
1623110860762000,0,1268.24242151,0.8679
1623110860783000,0,729.52373868,0.8679
1623110860797000,0,2288.99631981,0.8679
1623110860799000,0,3457.00000000,0.8679
1623110860801000,0,346.47903934,0.8679
1623110860802000,0,934.90840366,0.8679
1623110860829000,0,230.29906804,0.8679
1623110860839000,0,973.75137623,0.8679
1623110860862000,0,144.62306254,0.8679
1623110860871000,0,551.29346567,0.8679
1623110860883000,0,224.35225753,0.8679
1623110860896000,0,1087.29149250,0.8679
1623110861067000,0,561.16971065,0.8679
1623110861078000,0,210.07330412,0.8679
1623110861082000,0,1738.60000000,0.8679
1623110861088000,0,2305.31898143,0.8679
1623110861112000,0,3201.81662331,0.8679
1623110861126000,0,197.56315595,0.8688
1623110861186000,0,205.52081720,0.8688
1623110861209000,0,130.33164931,0.8688
1623110861263000,0,598.33755198,0.8688
1623110861308000,0,185.69675161,0.8688
1623110861369000,0,2329.69906229,0.8688
1623110861370000,0,1546.35668955,0.8688
1623110861509000,0,128.74940740,0.8688
1623110861663000,0,45.80987074,0.8688
1623110861756000,0,149.64000000,0.8688
1623110861950000,1,96.65343329,0.8680
1623110862030000,0,1610.00000000,0.8688
1623110863306000,1,190.34650000,0.8680
1623110867712000,0,400.00000000,0.8689
1623110868064000,0,1710.00000000,0.8689
1623110868173000,0,2318.60000000,0.8689
1623110869374000,1,400.00000000,0.8682
1623110869374000,1,7189.00235799,0.8680
1623110869402000,1,1086.81490884,0.8680
1623110871423000,1,893.32643872,0.8677
1623110872050000,1,106.67356128,0.8677
1623110875303000,0,400.00000000,0.8685
1623110875500000,1,11451.74700000,0.8674
1623110875500000,1,2603.92200000,0.8674
1623110875500000,1,1718.79683644,0.8674
1623110875500000,1,260.03765703,0.8674
1623110875500000,1,4364.00000000,0.8673
1623110875500000,1,17271.04690000,0.8673
1623110875500000,1,42962.00000000,0.8672
1623110875500000,1,1755.15169685,0.8672
1623110875500000,1,11514.31209054,0.8671
1623110875500000,1,4166.59697669,0.8670
1623110875500000,1,9867.16716910,0.8670
1623110875500000,1,3821.72581721,0.8670
1623110875500000,1,9140.96015533,0.8669
1623110875500000,1,1710.35023764,0.8668
1623110875500000,1,11512.91267804,0.8667
1623110875500000,1,9200.00000000,0.8667
1623110875500000,1,17282.23375928,0.8664
1623110875500000,1,17277.27573928,0.8660
1623110875506000,0,11189.70762023,0.8656
1623110875508000,0,15097.31000000,0.8656
1623110875538000,0,18304.47722290,0.8656
1623110875558000,0,27529.26844344,0.8656
1623110875909000,0,1742.58698839,0.8685
1623110876283000,0,3000.00000000,0.8685
1623110876283000,0,224.69201807,0.8685
1623110886077000,1,4235.32500000,0.8667
1623110887336000,0,340.23509746,0.8670
1623110887771000,0,2044.42563219,0.8670
1623110896687000,0,1751.20234427,0.8670
1623110899014000,1,400.00000000,0.8666
1623110899014000,1,841.56808962,0.8663
1623110899285000,0,1200.00000000,0.8670
1623110899370000,0,290.00000000,0.8670
1623110899399000,0,4235.32500000,0.8670
1623110899414000,1,875.32962833,0.8663
1623110899414000,1,1743.87597256,0.8663
1623110899414000,1,4364.00000000,0.8660
1623110899428000,0,350.00000000,0.8659
1623110899465000,0,400.00000000,0.8659
1623110899528000,0,284.98117833,0.8659
1623110899529000,0,28829.30603369,0.8659
1623110899541000,0,2329.61190000,0.8659
1623110899544000,0,3216.51600000,0.8659
1623110899554000,0,5765.86120674,0.8659
1623110899586000,0,15000.00000000,0.8659
1623110899590000,0,16629.74742852,0.8659
1623110899623000,0,2425.27000000,0.8659
1623110899642000,0,999.99999999,0.8659
1623110899670000,0,2304.20233939,0.8659
1623110899692000,0,148.28585742,0.8659
1623110899696000,0,2283.26299038,0.8659
1623110899725000,0,265.06538821,0.8659
1623110899725000,0,13078.96862943,0.8659
1623110899725000,0,74021.03137057,0.8659
1623110899738000,0,1045.76823729,0.8659
1623110899738000,0,2294.58293937,0.8659
1623110899751000,0,290.00000000,0.8659
1623110899778000,0,4600.94695204,0.8659
1623110899830000,0,1665.53016152,0.8659
1623110899848000,0,3459.01072293,0.8659
1623110899863000,0,79409.63026812,0.8659
1623110899924000,0,991.26971508,0.8670
1623110899924000,0,1278.99341859,0.8671
1623110899971000,0,3395.97940168,0.8671
1623110900005000,0,290.18290510,0.8671
1623110900387000,0,400.00000000,0.8677
1623110900556000,0,4000.46114826,0.8679
1623110900558000,0,1715.00000001,0.8679
1623110900571000,0,3985.00000000,0.8679
1623110900595000,0,1046.00403222,0.8679
1623110900595000,0,566.37128111,0.8679
1623110900628000,0,1433.62871889,0.8679
1623110900682000,0,1784.66000000,0.8679
1623110900682000,0,578.74659444,0.8679
1623110900716000,0,397.00000000,0.8679
1623110900752000,0,292.92128111,0.8679
1623110900795000,0,94.53498974,0.8679
1623110900865000,0,400.00000000,0.8679
1623110901044000,0,2100.00000000,0.8679
1623110901186000,0,1000.00000000,0.8679
1623110901422000,0,864.97359631,0.8679
1623110901422000,0,1000.00000000,0.8679
1623110901542000,0,1450.25000000,0.8681
1623110901646000,0,1692.33003424,0.8681
1623110901942000,0,849.68368542,0.8681
1623110902046000,0,3983.65378196,0.8681
1623110902191000,0,1356.06592570,0.8681
1623110902191000,0,416.39849846,0.8681
1623110902339000,0,650.00602995,0.8681
1623110902345000,0,841.90117792,0.8681
1623110902574000,0,1335.60401342,0.8683
1623110902585000,0,365.41748577,0.8683
1623110902599000,0,423.07678115,0.8683
1623110902602000,0,468.04320423,0.8683
1623110902617000,0,696.01121262,0.8683
1623110902629000,0,6240.57605640,0.8683
1623110902647000,0,1703.85551165,0.8683
1623110902647000,0,284.26130504,0.8683
1623110902647000,0,1389.92100570,0.8684
1623110902662000,0,342.32155594,0.8684
1623110902662000,0,579.35403524,0.8684
1623110902691000,0,129.57901620,0.8684
1623110902703000,0,191.85743108,0.8684
1623110902715000,0,584.98662604,0.8684
1623110902744000,0,230.36805408,0.8684
1623110902757000,0,488.24546753,0.8684
1623110902770000,0,7005.52675062,0.8684
1623110903569000,1,290.00000000,0.8680
1623110903569000,1,400.00000000,0.8680
1623110903735000,1,951.73984724,0.8673
1623110903865000,1,3000.00000000,0.8673
1623110906079000,0,290.48943679,0.8680
1623110906102000,0,405.36533341,0.8683
1623110906203000,0,564.52005703,0.8683
1623110906287000,1,109.51056321,0.8681
1623110906398000,0,236.55251358,0.8679
1623110906398000,0,922.87843888,0.8683
1623110906445000,0,1702.67552063,0.8683
1623110907108000,0,126.27468667,0.8683
1623110907141000,0,518.37000000,0.8683
1623110907147000,0,1704.80000000,0.8683
1623110907163000,0,1063.98000000,0.8683
1623110907199000,0,1941.26000000,0.8683
1623110907231000,0,751.97787528,0.8683
1623110907356000,0,400.00000000,0.8683
1623110907436000,0,290.00000000,0.8683
1623110907501000,0,276.75314709,0.8682
1623110907629000,1,346.36399152,0.8684
1623110907877000,1,340.48921479,0.8684
1623110907985000,1,283.88964792,0.8684
1623110908104000,1,342.67723991,0.8684
1623110908584000,0,323.04399081,0.8685
1623110909721000,1,261.49388600,0.8684
1623110909848000,1,268.36582673,0.8684
1623110909983000,1,262.23951224,0.8684
1623110910147000,1,292.47892293,0.8684
1623110910275000,1,283.20150753,0.8684
1623110910434000,1,269.80286664,0.8684
1623110910596000,1,333.11825493,0.8684
1623110910676000,1,1049.12598177,0.8684
1623110910676000,1,400.00000000,0.8683
1623110912346000,0,347.83401107,0.8682
1623110913557000,1,19994.57346511,0.8686
1623110913557000,1,1711.06604599,0.8679
1623110913557000,1,18304.47722290,0.8678
1623110913557000,1,11009.45124181,0.8678
1623110913557000,1,15239.65000000,0.8677
1623110913557000,1,5755.45005365,0.8677
1623110913557000,1,9606.35208505,0.8676
1623110913557000,1,1709.68336636,0.8676
1623110913557000,1,350.00000000,0.8676
1623110913557000,1,11209.99027982,0.8676
1623110913557000,1,10662.12383071,0.8673
1623110913557000,1,11123.26654899,0.8673
1623110913557000,1,17269.35330000,0.8673
1623110913557000,1,1748.00073747,0.8673
1623110913557000,1,11249.57667015,0.8673
1623110913557000,1,17266.35016094,0.8672
1623110913557000,1,24664.01850000,0.8672
1623110913557000,1,11514.78262543,0.8672
1623110913557000,1,1000.00000000,0.8671
1623110913557000,1,1719.16055870,0.8671
1623110913557000,1,28606.03000000,0.8670
1623110913557000,1,9200.00000000,0.8669
1623110913557000,1,9087.64330692,0.8668
1623110915727000,0,346.98159399,0.8680
1623110917302000,0,283.61009206,0.8680
1623110919129000,1,1704.93844237,0.8675
1623110919141000,1,400.00000000,0.8678
1623110919214000,1,1000.00000000,0.8675
1623110922591000,0,122.06212472,0.8684
1623110922889000,1,248.19598460,0.8678
1623110924246000,1,8238.57656560,0.8678
1623110924246000,1,1718.73019530,0.8676
1623110924246000,1,46036.00510000,0.8676
1623110924246000,1,14765.14000000,0.8673
1623110924246000,1,11451.74700000,0.8672
1623110924246000,1,350.00000000,0.8672
1623110924246000,1,5758.49050223,0.8672
1623110924246000,1,5209.68308545,0.8671
1623110924246000,1,8956.28098371,0.8671
1623110924246000,1,10571.28287119,0.8671
1623110924246000,1,1445.84185336,0.8671
1623110924246000,1,1643.80843452,0.8671
1623110924246000,1,17275.35480000,0.8671
1623110924246000,1,1740.55886014,0.8671
1623110924246000,1,1737.18451528,0.8669
1623110924246000,1,402.30515916,0.8669
1623110924246000,1,26786.60000000,0.8669
1623110924246000,1,11518.19346976,0.8668
1623110924497000,0,28791.65312126,0.8667
1623110924599000,0,15000.00000000,0.8667
1623110924693000,1,350.00000000,0.8666
1623110924693000,1,1742.58690000,0.8666
1623110924693000,1,969.35007000,0.8666
1623110924693000,1,936.06303000,0.8666
1623110924697000,0,1983.17461477,0.8667
1623110924705000,0,15000.00000000,0.8667
1623110924727000,0,13620.38886827,0.8667
1623110926535000,0,167.07113310,0.8684
1623110927500000,0,251.72000000,0.8684
1623110927665000,0,812.09574014,0.8684
1623110930204000,0,290.00000000,0.8681
1623110930780000,0,257.19795608,0.8679
1623110930780000,0,128.00660129,0.8681
1623110930921000,0,754.90865282,0.8681
1623110931367000,0,154.82878161,0.8679
1623110932544000,0,1703.17214449,0.8679
1623110932745000,0,139.89482188,0.8679
1623110932954000,0,993.20659023,0.8679
1623110933038000,0,4201.86333420,0.8679
1623110933073000,0,649.82847005,0.8679
1623110933104000,0,1703.53141896,0.8679
1623110933181000,0,2300.52058815,0.8679
1623110933196000,0,1091.77248251,0.8679
1623110933214000,0,750.33681400,0.8679
1623110933228000,0,350.92510456,0.8679
1623110933278000,0,3414.31445960,0.8679
1623110933332000,0,290.00000000,0.8679
1623110933350000,0,2268.74884835,0.8679
1623110933351000,0,1960.79892884,0.8679
1623110933361000,0,3414.31445960,0.8679
1623110933411000,0,770.36096634,0.8679
1623110933498000,0,443.25593663,0.8679
1623110933499000,0,4214.54518432,0.8679
1623110933544000,0,540.85211852,0.8679
1623110933562000,0,1743.00000000,0.8679
1623110933591000,0,2408.78756737,0.8679
1623110933592000,0,1170.23593039,0.8679
1623110933613000,0,3351.69353058,0.8679
1623110933615000,0,256.11296204,0.8679
1623110933663000,0,1601.07498746,0.8679
1623110933695000,0,138.68838589,0.8679
1623110933695000,0,1155.25618671,0.8679
1623110933696000,0,215.72296198,0.8679
1623110933746000,0,1461.85896137,0.8679
1623110933796000,0,767.10149136,0.8679
1623110933841000,0,936.79021129,0.8679
1623110933873000,0,383.59461826,0.8679
1623110933879000,0,1708.02492650,0.8679
1623110933965000,0,289.02172317,0.8678
1623110933965000,0,34.66335537,0.8679
1623110934029000,0,2339.63920581,0.8679
1623110935353000,0,266.73095857,0.8681
1623110935436000,0,643.19590303,0.8681
1623110935482000,0,1068.27834018,0.8681
1623110935743000,1,116.00000000,0.8680
1623110935743000,1,174.00000000,0.8680
1623110935777000,0,3508.79058677,0.8679
1623110935923000,0,1606.80571068,0.8679
1623110935933000,0,2300.09177722,0.8679
1623110935933000,0,24876.86366889,0.8679
1623110935952000,0,593.90089063,0.8684
1623110935966000,0,2261.21396346,0.8684
1623110935998000,0,498.91471981,0.8684
1623110936011000,0,426.04890238,0.8684
1623110936049000,0,230.29380317,0.8684
1623110936063000,0,377.42556230,0.8685
1623110936074000,0,2841.90366231,0.8685
1623110936099000,0,1358.10686237,0.8685
1623110936113000,0,281.77010263,0.8685
1623110936115000,0,242.78410401,0.8685
1623110936199000,0,313.56534933,0.8685
1623110936254000,0,1700.07302077,0.8685
1623110936323000,0,294.20468137,0.8683
1623110936323000,0,865.43623517,0.8685
1623110936342000,0,1058.55375776,0.8685
1623110937925000,0,269.21671748,0.8682
1623110940256000,0,305.52954065,0.8680
1623110940928000,0,558.65983766,0.8679
1623110941303000,0,1520.40407258,0.8679
1623110941344000,0,1988.39480697,0.8679
1623110941372000,0,2914.82237602,0.8679
1623110941421000,0,144.52123257,0.8679
1623110941683000,0,290.00000000,0.8679
1623110942327000,0,6856.93000000,0.8679
1623110942330000,0,15530.79735827,0.8679
1623110942348000,0,452.07720076,0.8679
1623110942428000,0,1320.97002409,0.8679
1623110942552000,0,555.95159272,0.8679
1623110942597000,0,1208.77292956,0.8679
1623110942648000,0,279.03285286,0.8679
1623110942806000,0,821.07230097,0.8679
1623110942808000,0,712.42916819,0.8679
1623110942824000,0,3002.34673430,0.8679
1623110942837000,0,2221.81184926,0.8679
1623110942931000,0,184.06721355,0.8679
1623110942941000,0,1681.49703037,0.8679
1623110942956000,0,1482.62286353,0.8679
1623110942999000,0,902.49814397,0.8679
1623110943008000,0,3236.03837235,0.8679
1623110943032000,0,505.84236448,0.8679
1623110943038000,0,666.47552392,0.8679
1623110943051000,0,3476.99647515,0.8679
1623110943084000,0,411.86310216,0.8679
1623110943084000,0,1622.14340678,0.8679
1623110943097000,0,1704.12814018,0.8679
1623110943117000,0,462.50529350,0.8679
1623110943118000,0,839.36024587,0.8679
1623110943131000,0,890.29883802,0.8679
1623110943134000,0,1442.68195735,0.8679
1623110943144000,0,457.86798547,0.8679
1623110943204000,0,3161.13910037,0.8679
1623110943225000,0,459.96004087,0.8679
1623110943358000,0,307.68480925,0.8679
1623110943481000,0,187.23541169,0.8679
1623110943504000,0,2565.60313806,0.8679
1623110943531000,0,206.04553453,0.8679
1623110943560000,0,1706.42332666,0.8679
1623110943607000,0,205.98521550,0.8679
1623110943613000,0,4526.53764478,0.8679
1623110943660000,0,503.51562281,0.8679
1623110943673000,0,4558.45501958,0.8679
1623110943770000,0,290.00000000,0.8679
1623110943772000,0,800.89819585,0.8679
1623110943783000,0,249.82242340,0.8679
1623110943785000,0,1708.84121356,0.8679
1623110944203000,0,1394.75807445,0.8684
1623110944340000,0,3276.53462401,0.8684
1623110944401000,0,1755.28640574,0.8684
1623110944418000,0,1721.94129347,0.8684
1623110944763000,0,2557.00000000,0.8684
1623110944810000,0,1725.58804974,0.8684
1623110944840000,0,270.89294451,0.8684
1623110944888000,0,1320.36834827,0.8684
1623110944978000,0,267.33364119,0.8683
1623110944978000,0,214.08436408,0.8684
1623110944994000,0,312.04774814,0.8684
1623110945130000,0,1726.90353667,0.8684
1623110945820000,0,1144.85998708,0.8684
1623110945820000,0,3136.67936692,0.8684
1623110946504000,0,1083.48439641,0.8684
1623110946578000,0,2289.10000000,0.8684
1623110946774000,0,342.17852859,0.8684
1623110946866000,0,1433.00000000,0.8684
1623110947000000,0,340.00000000,0.8684
1623110947042000,0,1713.99051174,0.8684
1623110947503000,0,28766.74066498,0.8679
1623110947522000,0,1738.86516466,0.8679
1623110947614000,0,3462.06606951,0.8679
1623110947784000,0,2272.70197998,0.8679
1623110948018000,0,2806.04404411,0.8679
1623110948056000,0,1727.20158289,0.8679
1623110948057000,0,28764.06518084,0.8679
1623110948141000,0,232.34408531,0.8679
1623110948145000,0,1018.77094065,0.8679
1623110948153000,0,2452.28953497,0.8679
1623110948172000,0,5753.34813300,0.8679
1623110948178000,0,1864.56933310,0.8679
1623110948221000,0,1012.87060223,0.8679
1623110948265000,0,633.28633474,0.8679
1623110948328000,0,4485.14723619,0.8679
1623110948345000,0,2019.39609977,0.8679
1623110948348000,0,460.56480278,0.8679
1623110948385000,0,819.42726809,0.8679
1623110948392000,0,1030.01685357,0.8679
1623110948401000,0,2262.60012397,0.8679
1623110948432000,0,2331.67981463,0.8679
1623110948439000,0,241.72518182,0.8679
1623110948458000,0,2936.22619065,0.8679
1623110948479000,0,325.89908922,0.8679
1623110948479000,0,2301.69896590,0.8679
1623110948538000,0,5188.44242699,0.8679
1623110948545000,0,2067.57575555,0.8679
1623110948569000,0,1130.60681067,0.8679
1623110948626000,0,317.10240406,0.8679
1623110948664000,0,2210.14616452,0.8679
1623110948670000,0,315.62083598,0.8679
1623110948678000,0,165.31390514,0.8679
1623110948689000,0,313.07281313,0.8679
1623110948739000,0,267.28001862,0.8679
1623110948743000,0,1670.57920609,0.8679
1623110948773000,0,1277.92844631,0.8679
1623110948880000,0,1401.00816458,0.8679
1623110948913000,0,1403.91550768,0.8679
1623110948992000,0,990.34985379,0.8679
1623110948999000,0,253.34531183,0.8679
1623110949056000,0,2645.75793499,0.8679
1623110949268000,0,1024.73712267,0.8679
1623110949295000,0,602.34427392,0.8679
1623110949324000,0,3561.05632200,0.8679
1623110949400000,0,3357.60981830,0.8679
1623110949437000,0,1220.92935044,0.8679
1623110949546000,0,2852.80530993,0.8679
1623110949579000,0,1439.89927057,0.8679
1623110949610000,0,137.99343810,0.8679
1623110951171000,0,1718.55873961,0.8683
1623110951526000,0,4607.00000000,0.8683
1623110953588000,0,291.00000000,0.8684
1623110954671000,0,1219.00000000,0.8684
1623110954743000,0,333.00000000,0.8684
1623110954889000,0,2684.00000000,0.8684
1623110954904000,1,400.00000000,0.8679
1623110954959000,0,3840.00000000,0.8679
1623110955028000,0,493.00000000,0.8679
1623110955102000,0,294.00000000,0.8679
1623110955254000,0,1134.00000000,0.8679
1623110955357000,0,175.69807131,0.8679
1623110955372000,0,261.40624154,0.8679
1623110955744000,0,1849.00000000,0.8679
1623110955813000,0,144.27616680,0.8679
1623110955923000,0,22040.61952035,0.8679
1623110958910000,1,6239.34453715,0.8678
1623110958994000,1,749.12983525,0.8678
1623110959012000,1,1061.07285902,0.8678
1623110961939000,1,400.00000000,0.8678
1623110961939000,1,349.27797857,0.8678
1623110963114000,1,650.72202143,0.8678
1623110963114000,1,1715.33772025,0.8677
1623110967231000,1,400.00000000,0.8676
1623110969079000,0,573.00000000,0.8682
1623110969465000,0,517.00000000,0.8682
1623110969712000,0,466.00000000,0.8682
1623110970012000,0,980.54491953,0.8682
1623110970076000,0,4018.88530631,0.8682
1623110970089000,0,171.00000000,0.8682
1623110976242000,1,400.00000000,0.8676
1623110979736000,1,3200.00000000,0.8673
1623110979786000,0,254.65485928,0.8678
1623110979807000,1,2559.21800000,0.8673
1623110979810000,1,0.00037849,0.8673
1623110980389000,1,1000.00000000,0.8671
1623110982262000,0,635.97524125,0.8677
1623110982299000,0,329.10203263,0.8677
1623110982316000,0,299.99811037,0.8677
1623110982417000,0,634.98153718,0.8677
1623110982427000,0,383.37919258,0.8677
1623110982462000,0,287.98437001,0.8677
1623110982463000,0,212.28047874,0.8677
1623110982491000,0,1308.07206153,0.8677
1623110982534000,0,275.57397305,0.8677
1623110982656000,0,1667.00162522,0.8677
1623110982684000,0,131.96455321,0.8677
1623110982700000,0,191.96098596,0.8677
1623110982883000,0,1712.88334187,0.8677
1623110983456000,1,1276.10700000,0.8671
1623110984755000,0,249.19054304,0.8676
1623110985698000,1,1723.17752000,0.8668
1623110989277000,0,201.88000000,0.8677
1623110989538000,0,184.13207820,0.8677
1623110989778000,0,337.47139297,0.8677
1623110989778000,0,158.79302671,0.8677
1623110990202000,0,1238.65122492,0.8678
1623110990802000,0,443.40926582,0.8680
1623110990890000,0,305.35112085,0.8680
1623110992028000,1,3756.97089000,0.8673
1623110992102000,1,2002.34592000,0.8673
1623110993286000,1,1744.25443000,0.8672
1623110993429000,1,0.00000097,0.8672
1623110995493000,1,0.00000481,0.8668
1623110995493000,1,5763.00011375,0.8667
1623110996534000,0,281.26051980,0.8670
1623110996872000,0,334.83488102,0.8672
1623111000801000,1,400.00000000,0.8673
1623111001085000,1,1718.54098435,0.8672
1623111001085000,1,999.99999565,0.8672
1623111003910000,0,403.00000000,0.8677
1623111008840000,1,400.00000000,0.8666
1623111009502000,1,1000.00000000,0.8662
1623111017249000,0,622.96053582,0.8669
1623111017558000,0,124.06910529,0.8669
1623111017577000,0,1548.36131093,0.8669
1623111017722000,0,2318.53837145,0.8672
1623111017856000,0,1704.03911663,0.8672
1623111017883000,0,3782.62935736,0.8672
1623111018680000,0,400.00000000,0.8672
1623111018686000,0,1745.20000000,0.8672
1623111018702000,0,2266.93098752,0.8672
1623111018714000,0,642.86130323,0.8672
1623111018778000,0,368.91860733,0.8672
1623111018783000,0,2271.78375386,0.8672
1623111018937000,0,1749.58000000,0.8677
1623111018953000,0,3654.59995388,0.8677
1623111019367000,0,158.57580011,0.8677
1623111019401000,0,1720.00000001,0.8677
1623111020049000,0,1367.00000000,0.8677
1623111020359000,0,387.00000000,0.8677
1623111021767000,0,796.00000000,0.8679
1623111025397000,0,1197.12054749,0.8679
1623111029462000,0,400.00000000,0.8679
1623111029750000,0,389.46657660,0.8679
1623111029767000,0,462.63988520,0.8679
1623111029818000,0,225.35457219,0.8679
1623111029857000,0,653.00000000,0.8679
1623111029860000,0,618.11712240,0.8679
1623111029860000,0,120.04387092,0.8679
1623111029870000,0,190.35056580,0.8679
1623111029890000,0,310.27162286,0.8679
1623111029912000,0,6665.14133000,0.8679
1623111029914000,0,968.79999999,0.8679
1623111029938000,0,1903.57241530,0.8679
1623111029951000,0,33.27001335,0.8679
1623111029951000,0,3940.92650778,0.8680
1623111029983000,0,150.72422199,0.8680
1623111030071000,0,4235.32500000,0.8680
1623111030105000,0,1745.97000000,0.8680
1623111030109000,0,2712.92622467,0.8680
1623111030120000,0,3557.82940010,0.8680
1623111030135000,0,670.19962100,0.8680
1623111030137000,0,268.08097912,0.8680
1623111030143000,0,1295.51000000,0.8680
1623111030164000,0,1730.76408715,0.8680
1623111030184000,0,10330.21743657,0.8680
1623111030207000,0,379.40687586,0.8680
1623111030223000,0,1764.03510550,0.8680
1623111030278000,0,2879.99999999,0.8680
1623111030314000,0,3455.52691846,0.8680
1623111030333000,0,9402.57439000,0.8680
1623111030367000,0,5184.05964161,0.8680
1623111030385000,0,1112.00000001,0.8680
1623111030390000,0,330.92430679,0.8680
1623111030402000,0,222.33332033,0.8680
1623111030438000,0,165.45167608,0.8680
1623111030466000,0,3660.70000000,0.8680
1623111030481000,0,2234.65758803,0.8680
1623111030501000,0,17500.00000000,0.8680
1623111030516000,0,885.95668950,0.8680
1623111030540000,0,2268.61821574,0.8680
1623111030542000,0,4388.14429045,0.8680
1623111030571000,0,2366.06012017,0.8680
1623111030575000,0,5179.27528442,0.8680
1623111030577000,0,1028.10981852,0.8680
1623111030581000,0,3800.00000000,0.8680
1623111030583000,0,3914.59231716,0.8680
1623111030597000,0,1349.90094547,0.8680
1623111030599000,0,1701.94000000,0.8680
1623111030612000,0,1288.54294496,0.8680
1623111030613000,0,2288.83460986,0.8680
1623111030620000,0,547.37466777,0.8680
1623111030635000,0,2900.72274193,0.8680
1623111030637000,0,340.00000000,0.8680
1623111030655000,0,2900.00000000,0.8680
1623111030658000,0,1244.89683651,0.8680
1623111030683000,0,1157.70747920,0.8680
1623111030695000,0,163.70009265,0.8680
1623111030712000,0,405.46607888,0.8680
1623111030734000,0,1200.00000000,0.8680
1623111030735000,0,1680.35350392,0.8680
1623111030744000,0,661.90543902,0.8680
1623111030751000,0,121.69166338,0.8680
1623111030770000,0,132.40031496,0.8680
1623111030798000,0,1748.64951737,0.8680
1623111030816000,0,343.26342226,0.8680
1623111030818000,0,28768.98489507,0.8680
1623111030838000,0,13796.63600000,0.8680
1623111030852000,0,1723.00000001,0.8680
1623111030866000,0,251.49960021,0.8680
1623111030869000,0,545.95466651,0.8680
1623111030874000,0,893.27316458,0.8680
1623111030875000,0,559.20855447,0.8680
1623111030876000,0,3488.62497129,0.8680
1623111030882000,0,127.35404472,0.8680
1623111030921000,0,740.95598928,0.8680
1623111030968000,0,1145.79812029,0.8680
1623111031019000,0,1100.80604750,0.8680
1623111031072000,0,2879.00000000,0.8680
1623111031076000,0,222.00000000,0.8680
1623111031105000,0,1175.56038605,0.8680
1623111031119000,0,315.80302655,0.8680
1623111031122000,0,1306.71239396,0.8680
1623111031134000,0,337.97257203,0.8680
1623111031151000,0,937.64733025,0.8680
1623111031154000,0,4325.85585164,0.8680
1623111031162000,0,815.19058291,0.8680
1623111031166000,0,160.73450771,0.8680
1623111031175000,0,662.34802634,0.8680
1623111031201000,0,270.71074982,0.8680
1623111031207000,0,1336.28868762,0.8680
1623111031234000,0,2225.84551868,0.8680
1623111031314000,0,741.05858449,0.8680
1623111031317000,0,265.51007327,0.8680
1623111031323000,0,975.30465051,0.8680
1623111031343000,0,5984.62896364,0.8680
1623111031357000,0,6920.11920804,0.8680
1623111031363000,0,781.27262480,0.8680
1623111031374000,0,577.65305929,0.8680
1623111031376000,0,238.86244043,0.8680
1623111031379000,0,206.06738023,0.8680
1623111031389000,0,255.81849635,0.8680
1623111031428000,0,287.00000000,0.8680
1623111031440000,0,1231.14407699,0.8680
1623111031455000,0,479.34206830,0.8680
1623111031466000,0,2849.72157093,0.8680
1623111031472000,0,28767.73054429,0.8680
1623111031475000,0,304.75027581,0.8680
1623111031557000,0,460.56419114,0.8686
1623111032133000,0,1421.00000000,0.8687
1623111033205000,1,350.00000000,0.8681
1623111033205000,1,400.00000000,0.8681
1623111033205000,1,400.00000000,0.8680
1623111033205000,1,290.00000000,0.8680
1623111033205000,1,288.00000000,0.8680
1623111033205000,1,2270.00000000,0.8679
1623111033348000,1,4902.57439000,0.8679
1623111033424000,0,309.17299896,0.8681
1623111033433000,0,90.82700104,0.8681
1623111033433000,0,218.34599792,0.8689
1623111033441000,0,90.82700104,0.8689
1623111035580000,0,311.48538535,0.8687
1623111036407000,1,400.00000000,0.8684
1623111036722000,1,1716.08705000,0.8681
1623111037069000,1,1000.00000000,0.8680
1623111040627000,0,181.90821951,0.8688
1623111040652000,0,237.54367500,0.8688
1623111041752000,0,2267.49539595,0.8688
1623111041834000,0,475.80098493,0.8688
1623111041921000,0,1363.27398937,0.8688
1623111041973000,0,1746.06453300,0.8688
1623111042001000,0,3021.51852254,0.8688
1623111042102000,0,199.03265601,0.8688
1623111042102000,0,499.82382317,0.8688
1623111042158000,0,2511.73170242,0.8688
1623111042224000,0,499.82382000,0.8688
1623111042224000,0,2945.39481642,0.8688
1623111042247000,0,568.30439744,0.8688
1623111043999000,0,643.27200000,0.8688
1623111044003000,0,1802.29899000,0.8688
1623111044003000,0,2817.36848620,0.8689
1623111044812000,0,741.15986369,0.8689
1623111044927000,0,320.05995562,0.8688
1623111044927000,0,625.29098282,0.8689
1623111046697000,0,2261.51608441,0.8689
1623111046831000,0,1712.70977087,0.8689
1623111050455000,0,2261.41802986,0.8689
1623111050832000,0,227.25727136,0.8689
1623111051112000,0,2689.03173155,0.8689
1623111051950000,0,30570.05680807,0.8689
1623111052074000,0,11261.48186000,0.8689
1623111052096000,0,231.08904407,0.8689
1623111052110000,0,300.12662307,0.8689
1623111052113000,0,123.06649899,0.8689
1623111052126000,0,400.00000000,0.8689
1623111052139000,0,3487.56777790,0.8689
1623111052163000,0,2290.41020211,0.8689
1623111052198000,0,228.01927343,0.8689
1623111052199000,0,2766.35216068,0.8689
1623111052204000,0,1505.79588155,0.8689
1623111052212000,0,123.38711546,0.8689
1623111052212000,0,1736.16000000,0.8689
1623111052214000,0,779.00362704,0.8689
1623111052231000,0,218.40456706,0.8689
1623111052233000,0,4785.91002484,0.8689
1623111052243000,0,1730.00000000,0.8689
1623111052266000,0,1336.70051422,0.8689
1623111052266000,0,897.73909058,0.8689
1623111052293000,0,2324.10976241,0.8689
1623111052295000,0,1989.42489268,0.8689
1623111052317000,0,1626.18108249,0.8689
1623111052320000,0,1362.38316365,0.8689
1623111052339000,0,1356.91478613,0.8689
1623111052349000,0,2445.36208690,0.8689
1623111052369000,0,2130.30485661,0.8689
1623111052383000,0,659.42200559,0.8689
1623111052384000,0,1806.82307170,0.8689
1623111052384000,0,660.60186407,0.8689
1623111052385000,0,2330.00000000,0.8689
1623111052411000,0,891.08556540,0.8689
1623111052412000,0,2966.87789226,0.8689
1623111052415000,0,130.64463098,0.8689
1623111052420000,0,141.16191970,0.8689
1623111052443000,0,283.25419907,0.8689
1623111052468000,0,4482.42646380,0.8689
1623111052469000,0,1416.30988687,0.8689
1623111052515000,0,235.25592817,0.8689
1623111052535000,0,235.27592112,0.8689
1623111052562000,0,329.41573054,0.8689
1623111052574000,0,2865.22022024,0.8689
1623111052599000,0,3966.00000000,0.8689
1623111052645000,0,780.31508769,0.8689
1623111052664000,0,719.16757344,0.8689
1623111052683000,0,6770.22428657,0.8689
1623111052705000,0,2289.42172916,0.8689
1623111052705000,0,1056.06151227,0.8689
1623111052706000,0,584.75634694,0.8689
1623111052707000,0,692.51753270,0.8689
1623111052723000,0,272.64139175,0.8689
1623111052726000,0,587.84346281,0.8689
1623111052732000,0,198.47179425,0.8689
1623111052735000,0,287.15862598,0.8689
1623111052746000,0,662.58694011,0.8689
1623111052766000,0,2885.07650988,0.8689
1623111052779000,0,2301.03471792,0.8689
1623111052792000,0,2298.66924063,0.8689
1623111052793000,0,1030.33372032,0.8689
1623111052793000,0,188.28921120,0.8689
1623111052798000,0,1083.87787448,0.8689
1623111052834000,0,1209.92496206,0.8689
1623111052834000,0,623.91884267,0.8689
1623111052837000,0,2222.31180451,0.8689
1623111052861000,0,428.91436218,0.8689
1623111052892000,0,290.00000000,0.8689
1623111052897000,0,851.35899722,0.8689
1623111052929000,0,3898.66993977,0.8689
1623111052935000,0,745.87280210,0.8689
1623111052944000,0,233.90685781,0.8689
1623111052949000,0,1208.27260817,0.8689
1623111052952000,0,1564.29721647,0.8689
1623111052957000,0,818.58143872,0.8689
1623111052997000,0,2147.92484150,0.8689
1623111052999000,0,1676.53545513,0.8689
1623111053004000,0,731.31614158,0.8689
1623111053021000,0,253.15532745,0.8689
1623111053048000,0,857.53502127,0.8689
1623111053057000,0,3438.73644218,0.8689
1623111053066000,0,3703.45651492,0.8689
1623111053069000,0,2883.14749971,0.8689
1623111053087000,0,740.56367662,0.8689
1623111053089000,0,1771.64913398,0.8689
1623111053089000,0,654.20831395,0.8689
1623111053090000,0,200.00000000,0.8689
1623111053091000,0,1064.52099287,0.8689
1623111053093000,0,272.54213461,0.8689
1623111053101000,0,289.00000000,0.8689
1623111053103000,0,584.60449976,0.8689
1623111053108000,0,8657.23796140,0.8689
1623111053114000,0,2097.69873399,0.8689
1623111053132000,0,28736.01221078,0.8689
1623111053144000,0,960.76808424,0.8689
1623111053153000,0,146.72531133,0.8689
1623111053167000,0,3418.07158024,0.8689
1623111053183000,0,3330.62070679,0.8689
1623111053198000,0,312.87357139,0.8689
1623111053201000,0,349.04169282,0.8689
1623111053205000,0,701.02601971,0.8689
1623111053210000,0,1014.75408799,0.8689
1623111053221000,0,128.65323088,0.8689
1623111053253000,0,1227.98460856,0.8689
1623111053255000,0,5147.82820175,0.8689
1623111053260000,0,872.57274329,0.8689
1623111053269000,0,2701.65420368,0.8689
1623111053293000,0,5746.79089197,0.8689
1623111053297000,0,7159.53928008,0.8689
1623111053343000,0,1528.17000000,0.8695
1623111053388000,0,400.00000000,0.8696
1623111053518000,0,252.17389172,0.8700
1623111053820000,0,1629.68453646,0.8689
1623111053839000,0,12155.19420520,0.8689
1623111053845000,0,545.55580773,0.8700
1623111053868000,0,202.27030055,0.8700
1623111053868000,0,2297.39188692,0.8700
1623111053880000,0,547.18605395,0.8700
1623111053884000,0,288.61473835,0.8700
1623111053894000,0,3311.71487358,0.8700
1623111053896000,0,237.79704997,0.8700
1623111053907000,0,326.37519547,0.8700
1623111053907000,0,303.50888551,0.8700
1623111053920000,0,865.00000000,0.8700
1623111053924000,0,192.67519360,0.8700
1623111053932000,0,539.99854477,0.8700
1623111053936000,0,1609.25925350,0.8700
1623111053949000,0,352.65972018,0.8700
1623111053972000,0,11518.60678131,0.8703
1623111053972000,0,552.68888744,0.8704
1623111054038000,0,1609.59709168,0.8705
1623111054045000,0,3133.90857018,0.8705
1623111054306000,0,3000.00000000,0.8705
1623111054452000,0,3556.64943769,0.8707
1623111054475000,0,48.00524346,0.8708
1623111054861000,0,861.27191443,0.8711
1623111054917000,0,646.88819643,0.8711
1623111054934000,0,250.60910105,0.8711
1623111054936000,0,704.00000000,0.8711
1623111054972000,0,143.35954725,0.8711
1623111054977000,0,817.41997201,0.8711
1623111054983000,0,527.18246820,0.8711
1623111054985000,0,2263.54324421,0.8711
1623111054986000,0,705.95840329,0.8711
1623111054994000,0,331.01195859,0.8711
1623111055352000,0,185.58424311,0.8709
1623111055397000,0,130.53252730,0.8709
1623111055498000,0,6516.31235005,0.8716
1623111055521000,0,299.54710415,0.8709
1623111056089000,0,1000.00000000,0.8718
1623111056089000,0,1180.29624946,0.8719
1623111058864000,1,3000.00000000,0.8703
1623111060111000,1,1720.08227000,0.8702
1623111060532000,1,1721.85126018,0.8701
1623111060532000,1,1158.06646982,0.8701
1623111060595000,1,560.49233000,0.8701
1623111060743000,1,287.00000000,0.8701
1623111060890000,1,2852.50767000,0.8700
1623111062459000,1,1714.26601000,0.8697
1623111065810000,1,400.00000000,0.8708
1623111067545000,1,1721.06552000,0.8698
1623111071951000,0,11451.74700000,0.8705
1623111071951000,0,569.10472580,0.8705
1623111076068000,1,400.00000000,0.8710
1623111079567000,1,1721.60520059,0.8707
1623111079567000,1,5736.58696306,0.8707
1623111079567000,1,10793.47005255,0.8701
1623111079567000,1,11477.13923959,0.8701
1623111079567000,1,1727.06896551,0.8700
1623111079567000,1,10909.37937165,0.8698
1623111079567000,1,1738.67555759,0.8698
1623111079567000,1,9200.00000000,0.8696
1623111079567000,1,11451.74700000,0.8695
1623111079567000,1,17222.88098377,0.8695
1623111079567000,1,1720.47710516,0.8694
1623111079567000,1,4000.00000000,0.8694
1623111079567000,1,17215.87212392,0.8693
1623111079581000,0,350.00000000,0.8689
1623111079635000,0,11301.68725419,0.8689
1623111079651000,0,9245.98897739,0.8689
1623111079664000,0,10642.02732414,0.8689
1623111079680000,0,19000.00000000,0.8689
1623111079680000,0,34000.00000000,0.8689
1623111079691000,0,8235.33153000,0.8689
1623111079703000,1,2852.50767000,0.8689
1623111079707000,0,28678.10563245,0.8689
1623111079745000,0,190.34650000,0.8689
1623111079780000,0,7100.00000000,0.8689
1623111079795000,0,12342.61021844,0.8689
1623111080559000,1,400.00000000,0.8715
1623111080567000,0,55.00000000,0.8719
1623111080824000,1,400.00000000,0.8713
1623111082383000,0,289.00000000,0.8719
1623111083426000,0,80.28874359,0.8721
1623111083598000,0,399.99999999,0.8725
1623111083611000,0,0.00000001,0.8725
1623111083618000,0,1000.00000000,0.8725
1623111084732000,1,286.00000000,0.8720
1623111086699000,1,3998.00000000,0.8712
1623111087186000,1,400.00000000,0.8722
1623111089719000,1,3000.00000000,0.8716
1623111089719000,1,17172.71180000,0.8715
1623111089719000,1,5727.74964252,0.8715
1623111089719000,1,18304.47722290,0.8713
1623111089719000,1,11455.51445459,0.8713
1623111089719000,1,5141.80924497,0.8712
1623111089719000,1,1701.97270328,0.8712
1623111089719000,1,11048.75685361,0.8712
1623111089719000,1,10962.08005901,0.8711
1623111089719000,1,3511.28945529,0.8711
1623111089719000,1,10711.13659503,0.8711
1623111089719000,1,1703.00493175,0.8710
1623111089719000,1,1747.52264923,0.8709
1623111089719000,1,11451.74700000,0.8709
1623111089719000,1,4873.86519047,0.8708
1623111089719000,1,11463.80118455,0.8708
1623111089719000,1,14546.78000000,0.8708
1623111089719000,1,9200.00000000,0.8706
1623111089719000,1,17204.16242160,0.8703
1623111089719000,1,17185.71766303,0.8703
1623111089719000,1,966.28360000,0.8693
1623111089720000,0,350.00000000,0.8693
1623111089813000,0,34000.00000000,0.8693
1623111089813000,0,1400.00000000,0.8693
1623111089816000,0,25170.61732817,0.8693
1623111090394000,0,400.00000000,0.8724
1623111090646000,0,7758.63446143,0.8726
1623111091372000,0,277.63481796,0.8723
1623111091428000,1,122.36500000,0.8725
1623111091929000,1,0.00018204,0.8725
1623111091957000,0,266.70182201,0.8722
1623111091957000,0,2600.00000000,0.8726
1623111091957000,0,7212.79417799,0.8726
1623111092477000,1,1000.00000000,0.8715
1623111093642000,0,265.69905900,0.8717
1623111093707000,1,4112.96000000,0.8719
1623111093714000,1,1768.87490224,0.8719
1623111094486000,1,3000.00000000,0.8713
1623111097622000,0,287.00000000,0.8718
1623111099133000,1,400.00000000,0.8717
1623111100087000,1,1000.00000000,0.8707
1623111102977000,1,5735.33459940,0.8704
1623111102977000,1,7758.63446143,0.8700
1623111102977000,1,9380.75141822,0.8700
1623111102977000,1,9452.11918547,0.8700
1623111102977000,1,271.75964758,0.8700
1623111102977000,1,17190.90020000,0.8700
1623111102977000,1,4270.04777589,0.8700
1623111102977000,1,1867.80933089,0.8700
1623111102977000,1,11464.96130499,0.8699
1623111102977000,1,1727.28943830,0.8699
1623111102977000,1,14493.60000000,0.8698
1623111103019000,0,350.00000000,0.8697
1623111103107000,0,28690.46161379,0.8697
1623111103131000,0,10545.84276147,0.8697
1623111103131000,0,4021.82630853,0.8697
1623111103154000,0,2299.99996746,0.8697
1623111103633000,0,7758.63446143,0.8697
1623111103633000,0,20943.28369904,0.8697
1623111104091000,1,2413.66900000,0.8697
1623111104142000,0,28702.10942209,0.8697
1623111104758000,1,1419.41172000,0.8697
1623111104796000,0,28703.07384328,0.8697
1623111104831000,0,2433.08072000,0.8697
1623111104871000,0,5740.15717282,0.8697
1623111105274000,0,2250.27600000,0.8697
1623111105731000,0,1400.00000000,0.8697
1623111105797000,0,287.00000000,0.8697
1623111105852000,0,28702.51186043,0.8697
1623111106367000,0,11864.01203039,0.8697
1623111108926000,1,0.00000185,0.8697
1623111108926000,1,12099.99999815,0.8696
1623111109011000,1,11400.00000000,0.8696
1623111111236000,1,11330.07452000,0.8690
1623111112632000,0,289.00000000,0.8700
1623111114970000,1,400.00000000,0.8697
1623111118766000,1,3000.00000000,0.8691
1623111118884000,1,11900.00000000,0.8691
1623111119069000,1,16300.00000000,0.8691
1623111119169000,1,15000.00000000,0.8691
1623111121806000,1,2756.52410000,0.8691
1623111121806000,1,1000.00000000,0.8691
1623111123292000,1,400.00000000,0.8693
1623111124157000,1,0.00000800,0.8690
1623111125310000,0,336.78696789,0.8689
1623111125344000,1,63.21303211,0.8689
1623111125496000,1,1000.00000000,0.8686
1623111129678000,0,448.00000000,0.8688
1623111129820000,1,399.99999999,0.8682
1623111129821000,1,0.00000001,0.8682
1623111134036000,1,1000.00000000,0.8679
1623111135944000,1,399.99999999,0.8680
1623111135949000,1,0.00000001,0.8680
1623111138050000,0,378.00000000,0.8683
1623111138970000,1,1705.20930553,0.8679
1623111139501000,1,400.00000000,0.8682
1623111140490000,1,1731.48052127,0.8675
1623111141288000,0,422.00000000,0.8683
1623111143930000,0,1117.20000000,0.8683
1623111144320000,0,400.00000000,0.8683
1623111144569000,0,288.00000000,0.8683
1623111144652000,0,2307.34732590,0.8683
1623111144664000,0,81.00000000,0.8683
1623111144665000,0,3411.40000000,0.8683
1623111144689000,0,2850.31932164,0.8683
1623111144729000,0,4061.67299505,0.8683
1623111144759000,0,208.00000000,0.8683
1623111144800000,0,4235.32500000,0.8683
1623111144874000,0,2313.42940011,0.8683
1623111144874000,0,429.12013286,0.8683
1623111144952000,0,854.99999999,0.8691
1623111145136000,0,1736.44000000,0.8691
1623111145151000,0,2281.29999999,0.8691
1623111145310000,0,1712.40060710,0.8691
1623111145504000,0,1717.00000002,0.8691
1623111146488000,0,1737.50000000,0.8691
1623111147757000,0,173.00000000,0.8691
1623111147927000,0,1003.12657402,0.8691
1623111147927000,0,107.35654916,0.8691
1623111148019000,0,2106.35090917,0.8691
1623111148073000,0,227.00000000,0.8691
1623111148091000,0,1070.31013181,0.8691
1623111148143000,0,1530.63049861,0.8691
1623111148171000,0,438.25350968,0.8691
1623111148172000,0,1014.33698249,0.8691
1623111148239000,0,1077.24381471,0.8691
1623111148254000,0,1930.85255869,0.8691
1623111148261000,0,688.10161529,0.8691
1623111148301000,0,753.29991323,0.8691
1623111148301000,0,597.40971967,0.8691
1623111148322000,0,163.27042511,0.8691
1623111148340000,0,611.64131496,0.8691
1623111148395000,0,836.00000000,0.8691
1623111148396000,0,662.61142453,0.8691
1623111148483000,0,145.96913366,0.8691
1623111148510000,0,152.91014165,0.8691
1623111148519000,0,916.20812829,0.8691
1623111148747000,0,371.21851716,0.8691
1623111152793000,0,400.00000000,0.8693
1623111152918000,0,2277.19697754,0.8693
1623111152997000,0,322.80302246,0.8693
1623111153091000,0,11686.93349000,0.8693
1623111153324000,0,0.00000354,0.8693
1623111153324000,0,2299.88155256,0.8693
1623111153411000,0,9027.53864539,0.8693
1623111153421000,0,1707.81000001,0.8693
1623111153422000,0,1721.80000000,0.8693
1623111153448000,0,1709.40000000,0.8693
1623111153510000,0,4075.00000000,0.8693
1623111153670000,0,4213.81127046,0.8698
1623111153708000,0,1710.33000000,0.8698
1623111153737000,0,2264.99264164,0.8698
1623111153755000,0,2398.43513375,0.8698
1623111153755000,0,1636.04762487,0.8699
1623111153788000,0,1730.66000000,0.8699
1623111153816000,0,1999.77014136,0.8699
1623111153870000,0,4023.49999999,0.8699
1623111153896000,0,1738.00000000,0.8699
1623111153904000,0,233.90199790,0.8699
1623111153904000,0,3259.54800209,0.8699
1623111153932000,0,152.94291775,0.8699
1623111153937000,0,1414.17366417,0.8699
1623111153940000,0,162.80750322,0.8699
1623111154026000,0,1560.32445740,0.8699
1623111154034000,0,1698.61925246,0.8699
1623111155428000,0,1745.60819573,0.8699
1623111155661000,0,460.71097359,0.8699
1623111155766000,0,226.16480651,0.8699
1623111155774000,0,716.18250862,0.8699
1623111155869000,0,207.31796830,0.8699
1623111155969000,0,2096.89736811,0.8699
1623111156245000,0,894.37984139,0.8699
1623111156328000,0,3333.14127076,0.8699
1623111156489000,0,1348.26215942,0.8699
1623111156606000,0,8800.00000000,0.8699
1623111156792000,0,287.00000000,0.8699
1623111156793000,0,5400.00000000,0.8699
1623111156824000,0,2275.46974661,0.8699
1623111156847000,0,1727.32000001,0.8699
1623111156851000,0,816.06367543,0.8699
1623111156857000,0,5753.58073529,0.8699
1623111156890000,0,8900.00000000,0.8699
1623111156891000,0,400.00000000,0.8699
1623111156894000,0,719.83000000,0.8699
1623111156910000,0,2310.90000000,0.8699
1623111156929000,0,1015.34000000,0.8699
1623111156960000,0,7030.86791856,0.8699
1623111156973000,0,290.00000000,0.8699
1623111157046000,0,2418.78476636,0.8699
1623111157077000,0,484.81030036,0.8699
1623111157124000,0,1689.62492068,0.8699
1623111157134000,0,28706.19627113,0.8699
1623111157149000,0,1432.80000000,0.8699
1623111157172000,0,315.80578716,0.8699
1623111157213000,0,721.57366289,0.8699
1623111157228000,0,570.23435062,0.8699
1623111157239000,0,988.36601853,0.8699
1623111157303000,0,12900.00000000,0.8699
1623111157378000,0,1583.76073527,0.8699
1623111157386000,0,9900.00000000,0.8699
1623111157412000,0,143.98950847,0.8699
1623111157448000,0,321.38867202,0.8699
1623111157464000,0,1737.55657822,0.8699
1623111157469000,0,4500.00000000,0.8699
1623111157579000,0,287.00000000,0.8699
1623111157580000,0,291.22218498,0.8699
1623111157629000,0,1321.01894724,0.8699
1623111157636000,0,3600.00000000,0.8699
1623111157653000,0,289.00000000,0.8699
1623111157662000,0,210.16213805,0.8699
1623111157732000,0,9100.00000000,0.8699
1623111157739000,1,293.24133491,0.8699
1623111158379000,1,106.75866000,0.8699
1623111158423000,1,0.00000509,0.8699
1623111158656000,1,1741.22085000,0.8694
1623111158976000,0,316.27326836,0.8695
1623111158976000,0,1380.52673164,0.8699
1623111159331000,0,1700.80000000,0.8698
1623111159463000,0,1265.33820671,0.8698
1623111159691000,0,398.48774150,0.8698
1623111159920000,0,408.40912266,0.8698
1623111160313000,0,383.85002350,0.8698
1623111161200000,0,400.00000000,0.8699
1623111161397000,0,38216.27600000,0.8699
1623111161511000,0,135.29423231,0.8699
1623111161712000,0,124.34612741,0.8698
1623111162520000,1,1709.87853000,0.8694
1623111164082000,0,260.75999477,0.8696
1623111164082000,0,11934.72670420,0.8699
1623111164487000,1,1747.31986747,0.8691
1623111164510000,1,0.00000001,0.8691
1623111164717000,1,1000.00000000,0.8689
1623111164717000,1,1732.80027610,0.8688
1623111164717000,1,1265.19972390,0.8686
1623111168946000,0,322.37898872,0.8696
1623111168946000,0,2431.23257385,0.8698
1623111168952000,0,2891.74192291,0.8698
1623111171275000,1,400.00000000,0.8696
1623111171662000,1,1747.97823510,0.8693
1623111171662000,1,999.99999490,0.8693
1623111172542000,1,0.00000510,0.8693
1623111172542000,1,1733.40466490,0.8691
1623111174134000,0,6322.35411132,0.8698
1623111174663000,0,400.00000000,0.8699
1623111174757000,0,1715.53000000,0.8699
1623111174759000,0,1723.27000000,0.8699
1623111174854000,0,1785.52000000,0.8699
1623111174864000,0,1670.53000000,0.8699
1623111174896000,0,2264.41987172,0.8699
1623111174922000,0,400.00000000,0.8699
1623111174954000,0,405.38260136,0.8699
1623111175052000,0,193.00000000,0.8699
1623111175170000,0,719.00000000,0.8699
1623111175233000,0,3599.00000000,0.8699
1623111175265000,0,3988.00000000,0.8699
1623111175340000,0,4569.50521994,0.8699
1623111175558000,0,1250.29600402,0.8699
1623111175692000,0,22114.54630296,0.8699
1623111176010000,0,1734.70000000,0.8703
1623111176195000,0,955.00000000,0.8703
1623111176195000,0,1109.09883130,0.8703
1623111176206000,0,1762.50000000,0.8703
1623111176327000,0,1745.06901032,0.8703
1623111176327000,0,1723.53691800,0.8703
1623111176393000,0,280.41220527,0.8703
1623111176691000,0,568.57205305,0.8703
1623111176709000,0,3357.36277900,0.8703
1623111176889000,0,1132.08918521,0.8703
1623111178118000,1,400.00000000,0.8704
1623111178784000,1,400.00000000,0.8700
1623111179740000,1,1000.00000000,0.8698
1623111179902000,1,1702.44816000,0.8696
1623111180686000,1,1730.15873000,0.8694
1623111181026000,1,0.00000015,0.8694
1623111182325000,1,5744.86873000,0.8695
1623111183503000,1,0.00000026,0.8695
1623111183503000,1,4299.99999974,0.8695
1623111183745000,1,400.00000000,0.8693
1623111183958000,1,1000.00000000,0.8693
1623111185115000,1,3200.00000000,0.8690
1623111185340000,1,256.44597000,0.8690
1623111185780000,1,0.00000104,0.8690
1623111185780000,1,399.99999896,0.8690
1623111185851000,1,0.00000104,0.8690
1623111185851000,1,999.99999896,0.8689
1623111185870000,1,0.00000104,0.8689
1623111186593000,0,11622.50895938,0.8695
1623111187337000,0,1628.65282733,0.8697
1623111188281000,0,329.35000000,0.8697
1623111188776000,0,505.68900127,0.8698
1623111188919000,0,541.90529364,0.8698
1623111189020000,0,1122.61984247,0.8698
1623111189070000,1,1729.54129000,0.8692
1623111192108000,1,812.07221851,0.8686
1623111192125000,1,3187.92778149,0.8686
1623111192208000,1,1731.09456000,0.8686
1623111192228000,1,0.00000457,0.8686
1623111192302000,1,5751.46535066,0.8686
1623111197020000,1,1714.00400000,0.8682
1623111197383000,0,222.00000000,0.8690
1623111198586000,1,1521.32100000,0.8681
1623111198587000,1,216.69250136,0.8681
1623111202450000,0,207.43653355,0.8687
1623111204358000,1,3727.80434000,0.8686
1623111204399000,1,1141.25029760,0.8686
1623111204464000,1,544.86217468,0.8686
1623111204472000,1,2024.69384000,0.8683
1623111205221000,0,272.70331420,0.8688
1623111206882000,1,5755.70902000,0.8680
1623111207579000,0,281.18035254,0.8683
1623111207641000,1,5755.49551634,0.8683
1623111208818000,1,0.00000782,0.8680
1623111208818000,1,399.99999218,0.8679
1623111209274000,0,248.33772462,0.8682
1623111209388000,1,5507.76125000,0.8682
1623111209528000,1,0.00000143,0.8682
1623111210106000,0,310.38073697,0.8682
1623111213707000,1,5755.26897000,0.8683
1623111213707000,1,0.00000824,0.8683
1623111216391000,1,399.99999999,0.8690
1623111216415000,1,0.00000001,0.8690
1623111216415000,1,400.00000000,0.8689
1623111217911000,0,15600.00000000,0.8689
1623111219041000,1,990.26110070,0.8687
1623111219072000,1,1107.19856288,0.8687
1623111219091000,1,2581.28956000,0.8687
1623111219575000,1,1073.82049000,0.8687
1623111220005000,1,0.00000157,0.8687
1623111220005000,1,11506.31450843,0.8684
1623111221947000,1,5752.62630000,0.8687
1623111223728000,1,0.00000592,0.8687
1623111223728000,1,5752.32859408,0.8687
1623111226435000,0,237.57768982,0.8695
1623111226733000,0,699.18320244,0.8695
1623111226736000,0,897.66092922,0.8695
1623111226754000,0,481.16909321,0.8695
1623111227655000,0,200.00000000,0.8695
1623111229312000,0,11550.08003596,0.8695
1623111229988000,0,2656.01246566,0.8697
1623111230256000,0,485.49108183,0.8697
1623111230314000,0,1740.67298026,0.8697
1623111230782000,0,499.83408102,0.8697
1623111230805000,0,945.48688314,0.8697
1623111231364000,0,2299.48491538,0.8697
1623111233404000,1,5746.35981000,0.8692
1623111236972000,0,444.00000000,0.8699
1623111239720000,1,0.00000912,0.8692
1623111239720000,1,400.00000000,0.8692
1623111239720000,1,1725.99666339,0.8691
1623111239720000,1,1872.00332749,0.8690
1623111239913000,0,482.03901239,0.8700
1623111248795000,1,400.00000000,0.8690
1623111248938000,1,11499.08752572,0.8689
1623111279193000,0,735.73225024,0.8690
1623111287309000,0,378.00000000,0.8697
1623111288486000,1,3216.05200000,0.8693
1623111288489000,1,2532.65049027,0.8693
1623111288562000,1,400.00000000,0.8692
1623111288562000,1,1000.00000000,0.8692
1623111288562000,1,3877.90865046,0.8691
1623111288568000,1,7619.02346329,0.8691
1623111290737000,1,0.00001367,0.8687
1623111290737000,1,3545.99998633,0.8685
1623111301639000,1,400.00000000,0.8686
1623111302107000,1,0.00001116,0.8684
1623111302107000,1,999.99998884,0.8684
1623111302218000,1,0.00001116,0.8684
1623111306019000,1,3216.05200000,0.8680
1623111306099000,1,1802.09316129,0.8680
1623111309230000,1,233.28173200,0.8678
1623111315492000,1,7766.71826800,0.8678
1623111319244000,0,5551.36018867,0.8684
1623111319289000,0,4087.50719631,0.8684
1623111319293000,0,1734.66754120,0.8684
1623111319305000,0,78.21207382,0.8684
1623111324498000,0,400.00000000,0.8686
1623111324537000,0,2302.56273104,0.8688
1623111328315000,0,400.00000000,0.8693
1623111328427000,0,1000.00000000,0.8696
1623111328694000,0,400.00000000,0.8697
1623111328714000,0,1120.92126630,0.8697
1623111328745000,0,782.88164481,0.8697
1623111328774000,0,2603.43473995,0.8697
1623111328790000,0,2391.91207933,0.8697
1623111328797000,0,4152.59726961,0.8697
1623111328896000,0,310.29216470,0.8700
1623111328916000,0,4182.89363231,0.8700
1623111328917000,0,1627.49646563,0.8700
1623111328989000,0,282.11903791,0.8700
1623111329032000,0,1000.00000000,0.8700
1623111329077000,0,3924.29691203,0.8700
1623111329160000,0,2965.32229465,0.8700
1623111329198000,0,4073.63284134,0.8700
1623111329228000,0,751.95856074,0.8700
1623111329244000,0,2184.97432237,0.8700
1623111329332000,0,2331.50000000,0.8700
1623111329474000,0,28706.37127148,0.8700
1623111329492000,0,2276.14985803,0.8700
1623111329543000,0,2275.80975149,0.8700
1623111329557000,0,3464.41218050,0.8700
1623111329570000,0,312.30218980,0.8700
1623111329606000,0,16511.66786000,0.8700
1623111330118000,0,3700.00000000,0.8700
1623111330175000,0,10282.45809145,0.8700
1623111330183000,0,5040.04714135,0.8700
1623111330213000,0,5400.00000000,0.8700
1623111330299000,0,4792.74741682,0.8700
1623111330302000,0,28703.21240401,0.8700
1623111330389000,0,141.02615879,0.8700
1623111330427000,0,5740.24378932,0.8700
1623111330540000,0,2179.32945009,0.8700
1623111330572000,0,1252.42766059,0.8700
1623111330608000,0,47040.00000000,0.8700
1623111330627000,0,5500.00000000,0.8700
1623111330631000,0,325.07570098,0.8700
1623111330652000,0,2280.13717083,0.8700
1623111330657000,0,2280.50983513,0.8700
1623111330670000,0,218.30484149,0.8700
1623111330704000,0,6200.00000000,0.8700
1623111330735000,0,192.16832707,0.8700
1623111330785000,0,4700.00000000,0.8700
1623111330832000,0,187.43479161,0.8700
1623111330868000,0,2946.66246863,0.8700
1623111330872000,0,4100.00000000,0.8700
1623111330883000,0,2587.44658502,0.8700
1623111330916000,0,400.00000000,0.8700
1623111330952000,0,19075.56882384,0.8700
1623111331630000,0,259.27235355,0.8706
1623111331630000,0,19.71772012,0.8709
1623111331685000,0,290.00000000,0.8709
1623111331745000,0,785.61535355,0.8709
1623111331748000,0,30.72764645,0.8709
1623111331831000,0,254.45402525,0.8707
1623111331831000,0,90.28227988,0.8709
1623111331873000,0,196.00000000,0.8709
1623111331899000,0,2321.43883239,0.8709
1623111332219000,0,266.78041888,0.8706
1623111332219000,0,495.61535000,0.8709
1623111332219000,0,765.71423112,0.8709
1623111332296000,0,3672.32916045,0.8709
1623111332669000,0,1102.40000000,0.8709
1623111332706000,0,625.00000000,0.8709
1623111332829000,0,1412.00000000,0.8709
1623111332928000,0,311.50000000,0.8709
1623111333027000,0,403.51000000,0.8709
1623111333083000,0,872.55000000,0.8709
1623111333110000,0,1719.60000000,0.8709
1623111334910000,0,245.53888025,0.8706
1623111335060000,0,3000.00000000,0.8711
1623111335060000,0,11009.88622447,0.8711
1623111335060000,0,11298.27202094,0.8712
1623111335060000,0,11634.48392695,0.8712
1623111335120000,1,2809.95094396,0.8712
1623111335675000,1,1747.05720000,0.8700
1623111338044000,0,310.68035185,0.8710
1623111338725000,1,481.29928789,0.8707
1623111338725000,1,3077.70071211,0.8706
1623111338789000,1,4800.00000000,0.8706
1623111339433000,0,637.15551652,0.8714
1623111339483000,0,1046.68507738,0.8714
1623111340179000,1,400.00000000,0.8709
1623111340401000,1,1744.29821538,0.8708
1623111340401000,1,1000.00000000,0.8704
1623111340401000,1,1714.86179085,0.8704
1623111340401000,1,15008.33000000,0.8704
1623111340401000,1,11576.55819127,0.8703
1623111340401000,1,5736.67853835,0.8703
1623111340401000,1,481.29928789,0.8702
1623111340528000,0,28689.19602712,0.8702
1623111340544000,0,252.91983832,0.8702
1623111340557000,0,252.91983832,0.8702
1623111340565000,0,20100.00000000,0.8702
1623111340575000,0,15628.89024236,0.8702
1623111340578000,0,4665.02919266,0.8702
1623111340581000,0,15628.89024236,0.8702
1623111340661000,0,3700.00000000,0.8702
1623111340677000,0,15802.41000000,0.8702
1623111340708000,0,15629.50152594,0.8702
1623111340709000,0,10763.42925474,0.8702
1623111340715000,0,14833.18178157,0.8702
1623111340715000,0,15630.32036867,0.8702
1623111340739000,0,3460.89526000,0.8702
1623111340813000,0,4600.00000000,0.8702
1623111340870000,0,4000.00000000,0.8702
1623111340892000,0,100.00000000,0.8702
1623111340983000,0,234.00908274,0.8702
1623111341043000,0,160.84039291,0.8702
1623111341077000,0,28681.46164618,0.8702
1623111341089000,0,117.00454137,0.8702
1623111341115000,0,1683.56460717,0.8702
1623111341208000,0,1735.33033198,0.8702
1623111341208000,0,3000.00000000,0.8702
1623111341317000,0,136.19464156,0.8702
1623111341334000,0,3252.98516029,0.8702
1623111341404000,0,400.00000000,0.8714
1623111342200000,0,349.81256048,0.8711
1623111342548000,0,326.76477275,0.8711
1623111345114000,0,306.77757885,0.8708
1623111345222000,1,1725.39377000,0.8704
1623111345292000,1,0.00000993,0.8704
1623111345292000,1,6900.23156007,0.8704
1623111345865000,0,4308.76823800,0.8712
1623111346306000,1,0.00001248,0.8704
1623111346392000,1,400.00000000,0.8703
1623111346460000,1,1000.00000000,0.8702
1623111347282000,0,2040.38192477,0.8706
1623111347308000,0,721.43991275,0.8706
1623111347329000,0,1569.13181023,0.8706
1623111347355000,0,5296.02586673,0.8706
1623111349093000,0,1133.03497919,0.8706
1623111351470000,0,452.79062993,0.8706
1623111351486000,0,339.18364463,0.8706
1623111351494000,0,317.03622406,0.8706
1623111351576000,0,2249.82625367,0.8706
1623111352049000,0,199.55905464,0.8706
1623111352991000,0,564.33000000,0.8706
1623111353665000,0,2285.62240139,0.8706
1623111354272000,0,84.45458757,0.8714
1623111354300000,0,249.14263059,0.8714
1623111354300000,0,661.54045910,0.8714
1623111354316000,0,202.00000000,0.8714
1623111354331000,0,182.13661793,0.8714
1623111354345000,0,4616.33783763,0.8714
1623111354352000,1,263.07748510,0.8708
1623111354352000,1,400.00000000,0.8707
1623111354352000,1,1707.72464166,0.8707
1623111354352000,1,1719.26681366,0.8704
1623111354379000,0,1206.20066576,0.8703
1623111354401000,0,1517.70000000,0.8703
1623111354457000,0,5000.00000000,0.8703
1623111354507000,0,28678.64867766,0.8703
1623111354512000,0,197.01863479,0.8703
1623111354533000,0,4100.00000000,0.8703
1623111354844000,0,932.04105552,0.8703
1623111355030000,0,28685.82451061,0.8703
1623111355150000,0,17573.07912930,0.8703
1623111355461000,0,305.21526105,0.8703
1623111356101000,0,12676.81605167,0.8703
1623111356218000,0,2245.81841059,0.8703
1623111356253000,0,367.45951917,0.8703
1623111356277000,0,1274.57850184,0.8703
1623111356365000,0,382.18923220,0.8703
1623111356407000,0,282.64964549,0.8703
1623111356518000,0,1821.50184107,0.8703
1623111356708000,0,1015.43863971,0.8703
1623111356731000,0,789.77439853,0.8703
1623111356765000,0,188.53822449,0.8703
1623111356804000,0,358.09081768,0.8703
1623111356810000,0,226.16262169,0.8703
1623111356837000,0,320.39704740,0.8703
1623111356885000,0,414.63147311,0.8703
1623111357039000,0,1443.92887074,0.8703
1623111357480000,0,1353.54746856,0.8703
1623111357513000,0,1701.48021618,0.8703
1623111357544000,0,179.05618875,0.8703
1623111357552000,0,1828.86594189,0.8703
1623111357553000,0,1752.55372720,0.8703
1623111357579000,0,270.69003439,0.8703
1623111358184000,1,400.00000000,0.8703
1623111358266000,1,5500.00000000,0.8701
1623111359059000,1,6574.37466000,0.8702
1623111359063000,0,5239.35283382,0.8703
1623111359094000,0,365.10919494,0.8703
1623111359107000,0,2190.76121108,0.8703
1623111359132000,1,2725.62534000,0.8702
1623111359372000,0,1064.63080094,0.8703
1623111359404000,0,1387.83257109,0.8703
1623111359596000,1,999.99999999,0.8701
1623111359597000,1,0.00000001,0.8701
1623111362428000,0,495.78855602,0.8703
1623111362746000,0,246.70363312,0.8703
1623111362924000,0,5790.35539969,0.8703
1623111363110000,0,4225.62534000,0.8703
1623111363189000,0,1137.03226485,0.8703
1623111363202000,0,5000.00000000,0.8703
1623111363219000,0,779.06491397,0.8703
1623111363262000,0,1938.32619085,0.8703
1623111363294000,0,5200.00000000,0.8703
1623111363347000,0,1159.88828893,0.8703
1623111363395000,0,382.54737845,0.8703
1623111363431000,0,579.90241495,0.8703
1623111363468000,0,5032.58873695,0.8703
1623111363471000,0,700.00000000,0.8703
1623111363486000,0,1872.60827122,0.8703
1623111363487000,0,2262.73499438,0.8703
1623111363492000,0,2594.38973115,0.8703
1623111363520000,0,1560.50689267,0.8703
1623111363543000,0,1701.06135677,0.8703
1623111363565000,0,468.72522599,0.8703
1623111363615000,0,3456.87427448,0.8703
1623111363624000,0,799.06672271,0.8703
1623111363707000,0,137.53971167,0.8703
1623111363714000,0,2142.27467278,0.8703
1623111363793000,0,1129.34393039,0.8703
1623111363820000,0,211.55170955,0.8703
1623111363864000,0,1733.76223100,0.8703
1623111363895000,0,182.74028883,0.8703
1623111364012000,0,137.05265944,0.8703
1623111364089000,0,2263.40830900,0.8703
1623111364270000,0,550.90622527,0.8703
1623111364279000,0,2281.22910694,0.8703
1623111364327000,1,1738.62578000,0.8702
1623111364362000,0,136.75250288,0.8703
1623111364414000,0,1371.35138176,0.8703
1623111364506000,0,179.27993139,0.8703
1623111364508000,0,663.60383364,0.8703
1623111364578000,0,1732.31396207,0.8703
1623111364591000,0,570.37963615,0.8703
1623111364595000,0,1732.46678325,0.8703
1623111364611000,0,1746.80000000,0.8703
1623111364659000,0,1600.62844428,0.8703
1623111364674000,0,1740.38066785,0.8703
1623111364695000,0,331.79470247,0.8703
1623111364750000,0,1742.34650968,0.8703
1623111364769000,0,1378.21120588,0.8703
1623111364795000,0,1122.69859467,0.8703
1623111365186000,0,42370.70580014,0.8703
1623111365261000,1,5477.06446000,0.8704
1623111367053000,0,1723.00000000,0.8708
1623111372275000,1,9300.00000000,0.8711
1623111372275000,1,17189.85810000,0.8711
1623111372275000,1,9300.00000000,0.8711
1623111372275000,1,350.00000000,0.8709
1623111372275000,1,400.00000000,0.8709
1623111372377000,0,1994.78654682,0.8708
1623111372409000,0,350.00000000,0.8708
1623111372426000,0,955.39104542,0.8708
1623111372493000,0,741.15860222,0.8708
1623111372515000,0,28656.60222564,0.8708
1623111372538000,0,15000.00000000,0.8708
1623111372571000,0,1762.50057057,0.8708
1623111372573000,0,9626.97951448,0.8708
1623111372593000,0,5662.01491466,0.8708
1623111372600000,0,400.00000000,0.8708
1623111372603000,0,4039.10268395,0.8708
1623111372610000,0,5730.98186049,0.8708
1623111372614000,0,11461.96372098,0.8708
1623111372620000,0,17192.94558147,0.8708
1623111372634000,0,11458.87804701,0.8708
1623111372698000,0,15000.00000000,0.8708
1623111372723000,0,7200.00000000,0.8708
1623111372764000,0,287.00000000,0.8708
1623111372838000,0,19000.00000000,0.8708
1623111373016000,0,645.74093000,0.8708
1623111373065000,0,28637.53358787,0.8708
1623111373065000,0,9475.91460355,0.8708
1623111373100000,0,290.00000000,0.8708
1623111373259000,0,8989.83490995,0.8708
1623111373261000,0,8901.81255492,0.8708
1623111374311000,0,1000.00000000,0.8719
1623111375422000,1,3300.00000000,0.8715
1623111375487000,1,3184.30976000,0.8715
1623111378050000,1,986.61862611,0.8715
1623111378875000,1,400.00000000,0.8714
1623111380520000,1,418.57113357,0.8712
1623111380524000,1,3588.02011668,0.8712
1623111380545000,1,3588.43205363,0.8712
1623111380586000,1,1704.97669612,0.8712
1623111381428000,1,1000.00000000,0.8712
1623111381852000,1,4423.64445000,0.8710
1623111383348000,1,0.00000134,0.8710
1623111383348000,1,9299.99999866,0.8710
1623111385283000,0,8394.98926578,0.8711
1623111387931000,1,11200.00000000,0.8699
1623111387999000,1,4700.00000000,0.8699
1623111389281000,0,1136.80000000,0.8707
1623111394124000,0,10223.64445000,0.8709
1623111394205000,0,72.00000000,0.8709
1623111394215000,0,11600.00000000,0.8709
1623111394293000,0,327.00000000,0.8709
1623111394375000,0,4300.00000000,0.8709
1623111394453000,0,3500.00000000,0.8709
1623111394528000,0,3600.00000000,0.8709
1623111394604000,0,3000.00000000,0.8709
1623111394766000,0,1300.00000000,0.8709
1623111394875000,0,29.00000000,0.8709
1623111395145000,0,28670.54089295,0.8709
1623111395186000,0,287.00000000,0.8709
1623111395388000,0,23862.98187950,0.8709
1623111395650000,0,28668.36940880,0.8709
1623111395914000,0,40974.02040000,0.8709
1623111396095000,1,18100.00000000,0.8708
1623111396174000,1,6100.00000000,0.8708
1623111396241000,1,16000.00000000,0.8708
1623111396249000,1,5651.72870000,0.8708
1623111396249000,1,700.58893476,0.8708
1623111396312000,1,5651.72870000,0.8708
1623111396417000,1,2541.23895641,0.8708
1623111396678000,1,400.00000000,0.8707
1623111397116000,0,400.00000000,0.8708
1623111399907000,1,1734.09707000,0.8703
1623111401953000,0,8900.00000000,0.8708
1623111401953000,0,4776.90865808,0.8709
1623111401957000,0,9714.16415275,0.8709
1623111402343000,0,28666.64812093,0.8709
1623111402659000,0,8900.00000000,0.8709
1623111402734000,0,9259.86223000,0.8709
1623111402817000,0,3600.00000000,0.8709
1623111402856000,0,23668.41683824,0.8709
1623111404222000,1,401.00000000,0.8708
1623111404222000,1,289.00000000,0.8708
1623111404222000,1,287.00000000,0.8708
1623111405523000,1,8747.37766000,0.8710
1623111405589000,1,0.00000420,0.8710
1623111406142000,1,17208.55240000,0.8702
1623111409199000,1,400.00000000,0.8705
1623111410429000,1,399.99999999,0.8711
1623111410441000,1,0.00000001,0.8711
1623111416096000,0,12300.00000000,0.8709
1623111416182000,0,8700.00000000,0.8709
1623111416278000,0,6958.89360000,0.8709
1623111416304000,0,28669.71812230,0.8709
1623111416361000,0,3600.00000000,0.8709
1623111416438000,0,10500.00000000,0.8709
1623111416517000,0,4800.00000000,0.8709
1623111416587000,0,4300.00000000,0.8709
1623111416659000,0,10200.00000000,0.8709
1623111419423000,0,15071.31000000,0.8709
1623111422209000,0,6481.64811518,0.8709
1623111422659000,1,400.00000000,0.8709
1623111422840000,1,4400.00000000,0.8708
1623111425177000,0,4822.54193889,0.8709
1623111425867000,0,4249.07484300,0.8715
1623111427064000,1,400.00000000,0.8712
1623111430772000,1,1000.00000000,0.8707
1623111431472000,1,1715.57536000,0.8707
1623111431942000,0,980.00000000,0.8709
1623111434485000,1,0.00000150,0.8707
1623111434485000,1,399.99999850,0.8705
1623111434653000,1,0.00000150,0.8705
1623111434877000,1,1000.00000000,0.8704
1623111434969000,1,1743.75344000,0.8704
1623111437343000,1,1738.32097000,0.8701
1623111437468000,1,0.00000913,0.8701
1623111439045000,1,6700.00000000,0.8697
1623111439121000,1,3302.35023000,0.8697
1623111439191000,1,1668.90787000,0.8697
1623111440681000,0,254.70011084,0.8702
1623111440702000,0,35.72524346,0.8702
1623111440702000,0,171.07896056,0.8702
1623111440715000,0,78.92103944,0.8702
1623111441268000,0,341.94095773,0.8704
1623111447293000,0,667.81894449,0.8707
1623111448080000,0,170.26744632,0.8707
1623111448095000,0,2132.24056656,0.8707
1623111448145000,0,848.91219262,0.8707
1623111448217000,0,778.41719806,0.8707
1623111448235000,0,376.92831851,0.8707
1623111448290000,0,126.33096971,0.8709
1623111448379000,0,273.66903029,0.8709
1623111448560000,0,2612.66511254,0.8709
1623111448567000,0,139.09232423,0.8709
1623111448603000,0,5337.63807196,0.8709
1623111448633000,0,3578.50582397,0.8709
1623111448633000,0,1452.73355327,0.8709
1623111448657000,0,861.12585081,0.8709
1623111448673000,0,2301.14334616,0.8709
1623111448753000,0,195.01214798,0.8709
1623111448759000,0,235.66560355,0.8709
1623111448780000,0,2262.14091657,0.8709
1623111448790000,0,315.24437166,0.8709
1623111448812000,0,2238.91661683,0.8709
1623111448877000,0,1343.00221325,0.8709
1623111448920000,0,371.45072332,0.8709
1623111448920000,0,1000.00000000,0.8711
1623111451090000,0,178.30895907,0.8712
1623111451102000,0,4341.24534765,0.8712
1623111451134000,0,191.12002434,0.8712
1623111451160000,0,539.67160408,0.8712
1623111451230000,0,307.33220623,0.8711
1623111451230000,0,2727.52798856,0.8712
1623111452389000,1,400.00000000,0.8704
1623111452782000,0,9300.00000000,0.8708
1623111452782000,0,1723.32344267,0.8709
1623111456577000,0,460.02353097,0.8709
1623111457963000,0,1069.66818927,0.8709
1623111461073000,0,493.63469026,0.8709
1623111461228000,0,758.48454733,0.8709
1623111461284000,0,185.16483664,0.8709
1623111461285000,0,2708.99895609,0.8709
1623111461287000,0,53116.00000000,0.8709
1623111461334000,0,595.97879300,0.8709
1623111461352000,0,1442.10157117,0.8709
1623111461353000,0,1240.16591979,0.8709
1623111461397000,0,9400.00000000,0.8709
1623111461469000,0,229.33295238,0.8709
1623111461476000,0,930.68601106,0.8709
1623111461484000,0,5107.47617155,0.8709
1623111461496000,0,3768.90787000,0.8709
1623111461559000,0,1143.61985733,0.8709
1623111461606000,0,1725.95875489,0.8709
1623111461649000,0,1702.44361511,0.8709
1623111461703000,0,3509.46801822,0.8709
1623111461711000,0,535.78306243,0.8709
1623111461735000,0,3900.00000000,0.8709
1623111461736000,0,7953.72306205,0.8709
1623111461739000,0,2174.07691856,0.8709
1623111461743000,0,489.34204403,0.8709
1623111461792000,0,28672.31160053,0.8709
1623111461793000,0,373.31721661,0.8709
1623111461955000,0,148.93262292,0.8717
1623111462272000,0,5779.25340968,0.8717
1623111462536000,0,411.37190915,0.8717
1623111462630000,0,1173.09002971,0.8717
1623111462672000,0,260.00000000,0.8717
1623111462774000,0,1697.00000000,0.8717
1623111462843000,0,631.35502738,0.8717
1623111464024000,0,341.80900268,0.8717
1623111464085000,0,1686.38474800,0.8717
1623111464091000,0,514.00000000,0.8717
1623111464121000,0,1464.00000000,0.8717
1623111464225000,0,904.12112484,0.8717
1623111464474000,0,633.79470232,0.8717
1623111464514000,0,1708.10000000,0.8717
1623111465119000,0,205.00000000,0.8718
1623111465124000,0,354.71000000,0.8718
1623111465168000,0,625.00000000,0.8718
1623111465220000,0,252.70000000,0.8718
1623111465846000,0,3974.63899786,0.8725
1623111465922000,0,513.16592932,0.8725
1623111466220000,1,400.00000000,0.8719
1623111466303000,1,8900.00000000,0.8719
1623111466705000,0,438.00000000,0.8725
1623111469708000,1,1705.31966000,0.8712
1623111470841000,0,206.30166943,0.8716
1623111471101000,0,400.00000000,0.8716
1623111472290000,1,1703.00337000,0.8710
1623111474752000,0,154.65262438,0.8713
1623111475443000,0,3555.39738573,0.8713
1623111475783000,0,2283.75751269,0.8713
1623111476530000,1,1720.39923000,0.8707
1623111480986000,0,461.99000000,0.8710
1623111481205000,0,1738.11742720,0.8712
1623111481267000,0,1142.88448512,0.8712
1623111482682000,0,1079.07485650,0.8713
1623111486333000,1,400.00000000,0.8705
1623111486415000,1,1000.00000000,0.8704
1623111489181000,0,1422.93000000,0.8710
1623111489206000,0,1698.90000000,0.8710
1623111489484000,0,400.00000000,0.8713
1623111489564000,0,4004.00000000,0.8713
1623111489901000,0,216.49000000,0.8713
1623111489996000,0,304.24635818,0.8712
1623111489996000,0,1957.76908479,0.8713
1623111494301000,0,55.00000000,0.8711
1623111499374000,0,2296.89432433,0.8712
1623111499969000,0,1702.66895694,0.8713
1623111500118000,0,5186.97049178,0.8713
1623111500177000,0,539.13099492,0.8713
1623111500178000,0,1122.24219399,0.8713
1623111500245000,0,121.92299710,0.8713
1623111500341000,0,1407.76604711,0.8713
1623111500617000,1,9300.00000000,0.8710
1623111503438000,0,107.52043098,0.8713
1623111508204000,1,5740.49995000,0.8702
1623111514804000,0,769.30659760,0.8707
1623111516958000,1,400.00000000,0.8710
1623111517758000,0,1743.35000000,0.8713
1623111517854000,0,1700.00000000,0.8713
1623111518651000,1,400.00000000,0.8706
1623111519500000,1,1000.00000000,0.8704
1623111524257000,0,1176.08597190,0.8710
1623111524300000,0,555.03000000,0.8710
1623111524684000,0,1250.18992230,0.8713
1623111524686000,0,492.67463668,0.8713
1623111524696000,0,1600.51184429,0.8713
1623111524703000,0,1241.10128692,0.8713
1623111526156000,0,13152.33312584,0.8713
1623111527737000,1,9300.00000000,0.8704
1623111527738000,1,7350.04944883,0.8703
1623111527747000,1,17549.98351705,0.8703
1623111527828000,1,707.14989546,0.8703
1623111527883000,1,1747.78201709,0.8702
1623111531279000,0,719.53698773,0.8713
1623111531371000,0,1249.90000000,0.8713
1623111531763000,0,3392.93871358,0.8713
1623111531770000,0,1242.20544250,0.8713
1623111531774000,0,2696.66327193,0.8713
1623111531799000,0,456.62939877,0.8713
1623111531799000,0,585.00784081,0.8713
1623111531932000,0,206.52063644,0.8713
1623111531953000,0,200.86911257,0.8713
1623111531981000,0,1505.26119707,0.8713
1623111531983000,0,586.43135509,0.8713
1623111532002000,0,2597.98339032,0.8713
1623111532005000,0,1936.45971753,0.8713
1623111532007000,0,1552.17107650,0.8713
1623111532246000,0,1148.78183497,0.8713
1623111532723000,0,1444.65194784,0.8713
1623111532767000,0,458.60000000,0.8713
1623111533550000,0,84.09665553,0.8713
1623111533589000,0,5540.94026807,0.8713
1623111533591000,0,1878.06100896,0.8713
1623111533699000,0,203.08354015,0.8713
1623111533724000,0,246.22844134,0.8713
1623111533750000,0,2182.00554074,0.8713
1623111533834000,0,400.35041618,0.8713
1623111533837000,0,271.28126529,0.8713
1623111533892000,0,1741.74000000,0.8713
1623111533951000,0,925.51114820,0.8713
1623111533997000,0,1142.45858248,0.8713
1623111534042000,0,1092.71673398,0.8713
1623111534113000,0,970.72815195,0.8713
1623111534253000,0,1711.73587358,0.8713
1623111534306000,0,3197.15952254,0.8713
1623111534400000,0,1091.93306701,0.8713
1623111534475000,0,395.25416238,0.8713
1623111536218000,0,5343.73808015,0.8713
1623111543246000,0,5148.30232346,0.8713
1623111543375000,0,6100.00000000,0.8713
1623111543470000,0,22900.00000000,0.8713
1623111543481000,0,4235.32500000,0.8713
1623111543520000,0,1724.15000000,0.8713
1623111543606000,0,843.50156091,0.8713
1623111543606000,0,4500.00000000,0.8713
1623111543641000,0,1094.10318544,0.8713
1623111543643000,0,28663.79367368,0.8713
1623111543683000,0,544.38875047,0.8713
1623111543692000,0,6569.22221000,0.8713
1623111543695000,0,1730.33000000,0.8713
1623111543704000,0,1321.85741164,0.8713
1623111543749000,0,1738.60174848,0.8713
1623111543781000,0,1400.00000000,0.8713
1623111543802000,0,3857.02882697,0.8713
1623111543876000,0,9593.33374508,0.8713
1623111543891000,0,2227.19425900,0.8713
1623111543892000,0,2194.58624388,0.8713
1623111543925000,0,2223.29625638,0.8713
1623111543929000,0,299.05590736,0.8713
1623111543934000,0,4229.95780056,0.8713
1623111543964000,0,2074.17140917,0.8713
1623111543979000,0,150.30227602,0.8713
1623111544009000,0,766.54358298,0.8713
1623111544028000,0,1345.01280083,0.8713
1623111544036000,0,636.94102769,0.8713
1623111544585000,0,308.16704349,0.8716
1623111545844000,1,400.00000000,0.8706
1623111545984000,1,4000.00000000,0.8705
1623111551423000,1,4500.00000000,0.8703
1623111551495000,1,1239.11307000,0.8703
1623111551507000,1,0.00000158,0.8703
1623111551590000,1,1000.00000000,0.8702
1623111567020000,1,3300.00000000,0.8699
1623111573108000,1,1716.36000000,0.8697
1623111573138000,1,0.00041671,0.8697
1623111573263000,1,1000.00000000,0.8696
1623111574111000,1,1742.25700000,0.8691
1623111583765000,1,776.70800000,0.8696
1623111583825000,1,4969.06535285,0.8696
1623111591498000,1,5742.79320659,0.8700
1623111595425000,1,3500.00000000,0.8701
1623111595489000,1,2242.88740000,0.8701
1623111595512000,1,0.00000460,0.8701
1623111596282000,1,400.00000000,0.8697
1623111599136000,1,1000.00000000,0.8695
1623111602840000,0,298.11311222,0.8698
1623111602840000,0,217.37716381,0.8699
1623111608622000,0,338.06780243,0.8698
1623111609478000,1,5747.29536000,0.8694
1623111609649000,1,0.00000841,0.8694
1623111619178000,1,400.00000000,0.8689
1623111619301000,1,999.99999999,0.8688
1623111619338000,1,0.00000001,0.8688
1623111626907000,1,3751.49941000,0.8683
1623111632217000,1,0.00000732,0.8683
1623111641468000,0,799.90136488,0.8685
1623111651373000,0,400.00000000,0.8688
1623111653532000,0,1650.08297187,0.8693
1623111655996000,1,5748.75222000,0.8692
1623111656050000,1,0.00000976,0.8692
1623111656892000,0,3216.05200000,0.8692
1623111656965000,1,116.61717000,0.8693
1623111657847000,1,0.00000671,0.8693
1623111657847000,1,5750.40823329,0.8690
1623111659125000,1,0.00000978,0.8690
1623111659125000,1,5750.40823022,0.8690
1623111664217000,1,0.00001285,0.8690
1623111664217000,1,6079.12541360,0.8690
1623111664277000,1,3220.87458640,0.8690
1623111680791000,0,214.20917834,0.8692
1623111680997000,1,5200.00000000,0.8687
1623111684457000,1,2666.32779471,0.8685
1623111684468000,1,3088.23245374,0.8685
1623111686195000,0,539.49000549,0.8683
1623111691387000,1,5756.21667969,0.8681
1623111691828000,1,400.00000000,0.8678
1623111692338000,1,1000.00000000,0.8676
1623111705881000,0,10991.11908461,0.8676
1623111705881000,0,2200.22318939,0.8676
1623111729575000,0,121.16766708,0.8680
1623111729704000,0,278.83233292,0.8680
1623111729704000,0,1000.00000000,0.8680
1623111730470000,0,324.11709864,0.8686
1623111734444000,1,5754.24368000,0.8683
1623111739533000,0,400.00000000,0.8687
1623111746643000,0,56.00000000,0.8687
1623111779424000,0,400.00000000,0.8685
1623111779510000,0,1000.00000000,0.8686
1623111794242000,1,145.54609899,0.8685
1623111794455000,1,0.00000001,0.8685
1623111803455000,0,400.00000000,0.8687
1623111803455000,0,999.99999999,0.8687
1623111803467000,0,0.00000001,0.8687
1623111826955000,0,153.52054400,0.8704
1623111856361000,1,999.99999999,0.8693
1623111856411000,1,0.00000001,0.8693
1623111863663000,1,298.44534000,0.8691
1623111871942000,1,312.72591000,0.8689
1623111875580000,1,306.80737000,0.8687
1623111877296000,1,275.04364000,0.8685
1623111883581000,1,322.68187000,0.8684
1623111885200000,1,260.45620535,0.8681
1623111897970000,0,400.00000000,0.8685
1623111898123000,0,1000.00000000,0.8686
1623111898838000,0,350.86380585,0.8689
1623111898850000,0,1597.08666850,0.8689
1623111898871000,0,66.60142067,0.8689
1623111912103000,1,1686.41920000,0.8681
1623111912199000,1,59.52294751,0.8681
1623111912199000,1,400.00000000,0.8681
1623111912241000,1,1000.00000000,0.8679
1623111912241000,1,1707.95501682,0.8679
1623111912241000,1,17275.54690527,0.8675
1623111912241000,1,10480.94807791,0.8674
1623111912663000,1,4266.70249994,0.8676
1623111912682000,1,290.00000000,0.8676
1623111912690000,1,1075.13159294,0.8676
1623111912701000,1,3298.87314547,0.8676
1623111913014000,1,369.29276164,0.8676
1623111913034000,1,0.00000001,0.8676
1623111913099000,1,1857.02604725,0.8673
1623111913196000,1,1841.98284038,0.8673
1623111913229000,1,5600.99111237,0.8673
1623111913229000,1,1730.48320707,0.8673
1623111913229000,1,3948.00000000,0.8663
1623111913229000,1,1289.00000000,0.8663
1623111915318000,1,300.33383104,0.8660
1623111915318000,1,2063.96616896,0.8658
1623111917363000,0,288.00000000,0.8661
1623111918314000,0,289.99999999,0.8672
1623111921561000,0,290.00000000,0.8671
1623111924421000,0,399.00000000,0.8660
1623111925006000,0,288.00000000,0.8660
1623111925657000,1,1800.00000000,0.8662
1623111930777000,1,5475.17314171,0.8649
1623111930897000,1,3763.96707457,0.8649
1623111934661000,0,400.00000000,0.8641
1623111934748000,1,400.00000000,0.8645
1623111937666000,0,11424.30105197,0.8651
1623111937666000,0,3420.09894803,0.8652
1623111939660000,0,3000.00000000,0.8659
1623111939660000,0,9300.00000000,0.8659
1623111939660000,0,3236.86000000,0.8659
1623111940224000,1,289.00000000,0.8648
1623111940302000,1,400.00000000,0.8648
1623111940369000,1,400.00000000,0.8648
1623111940438000,1,289.00000000,0.8648
1623111940518000,1,292.00000000,0.8648
1623111940577000,1,289.00000000,0.8648
1623111940652000,1,400.00000000,0.8648
1623111940717000,1,291.00000000,0.8648
1623111942056000,1,7638.04326340,0.8655
1623111943258000,1,399.00000000,0.8661
1623111945403000,1,6800.00000000,0.8656
1623111947580000,1,6800.00000000,0.8657
1623111954023000,0,400.00000000,0.8662
1623111955133000,0,1000.00000000,0.8665
1623111959781000,0,400.00000000,0.8661
1623111981117000,0,100.51000000,0.8654
1623111986561000,1,1621.99999999,0.8639
1623111986571000,1,0.00000001,0.8639
1623111999719000,1,399.99999999,0.8622
1623112004899000,1,318.45192000,0.8622
1623112006350000,1,325.58004000,0.8618
1623112021088000,1,1752.47214847,0.8626
1623112021566000,1,199.43630000,0.8621
1623112021578000,1,1555.44416768,0.8621
1623112025137000,0,1716.49502000,0.8613
1623112030876000,0,290.00000000,0.8605
1623112032029000,1,293.00000000,0.8605
1623112032219000,1,292.00000000,0.8605
1623112044594000,0,30.52865694,0.8618
1623112047334000,0,399.99999999,0.8618
1623112047335000,0,0.00000001,0.8618
1623112047423000,0,1000.00000000,0.8618
1623112065822000,0,3204.41432200,0.8626
1623112089187000,1,400.00000000,0.8613
1623112089187000,1,1000.00000000,0.8613
1623112089224000,1,8434.21263261,0.8603
1623112096525000,1,81.11681201,0.8588
1623112097659000,0,399.00000000,0.8584
1623112111751000,0,400.00000000,0.8602
1623112112344000,0,999.99999999,0.8604
1623112112392000,0,0.00000001,0.8604
1623112120303000,1,400.00000000,0.8592
1623112126927000,1,400.00000000,0.8588
1623112151254000,0,292.00000000,0.8569
1623112151374000,1,326.09311143,0.8561
1623112151374000,1,36.16400000,0.8561
1623112151374000,1,1737.75145440,0.8560
1623112151374000,1,36.16400000,0.8559
1623112151374000,1,80.28874359,0.8559
1623112151374000,1,36.16400000,0.8559
1623112151374000,1,199.43636500,0.8558
1623112151374000,1,1734.24791997,0.8558
1623112151374000,1,400.00000000,0.8556
1623112151374000,1,1757.56867328,0.8555
1623112151374000,1,15134.21153288,0.8553
1623112151421000,0,400.00000000,0.8570
1623112151773000,0,132.39163827,0.8569
1623112151791000,0,0.00000001,0.8569
1623112159180000,1,104.00000000,0.8568
1623112163246000,0,1000.00000000,0.8576
1623112175465000,0,3776.04100000,0.8582
1623112175473000,0,0.00014559,0.8582
1623112175674000,1,350.00000000,0.8575
1623112175674000,1,2316.12463440,0.8575
1623112176905000,1,1232.22362594,0.8577
1623112183785000,1,295.00000000,0.8585
1623112189340000,0,65.00000000,0.8584
1623112189534000,1,295.00000000,0.8573
1623112192518000,1,500.00000000,0.8580
1623112193607000,0,60.28400000,0.8586
1623112199112000,0,49.00000000,0.8586
1623112199290000,0,351.00000000,0.8586
1623112199963000,0,1000.00000000,0.8588
1623112201693000,0,41.00000000,0.8596
1623112210087000,1,322.73394000,0.8573
1623112213504000,1,0.00000273,0.8573
1623112220548000,1,3492.00014559,0.8568
1623112220597000,1,299.05953432,0.8568
1623112227671000,0,27.00000000,0.8568
1623112234759000,0,3196.65332275,0.8568
1623112241021000,0,400.00000000,0.8557
1623112254643000,0,400.00000000,0.8560
1623112262031000,0,400.00000000,0.8577
1623112262475000,0,1000.00000000,0.8579
1623112269032000,0,400.00000000,0.8592
1623112269106000,0,293.00000000,0.8592
1623112271020000,0,3070.79401598,0.8593
1623112294184000,1,3000.00000000,0.8556
1623112303804000,0,400.00000000,0.8554
1623112310349000,0,400.00000000,0.8557
1623112318386000,1,48.00524345,0.8547
1623112318662000,1,0.00000001,0.8547
1623112318699000,1,389.61710293,0.8546
1623112318737000,1,10.38289707,0.8546
1623112318851000,1,999.99999999,0.8542
1623112318902000,1,0.00000001,0.8542
1623112324942000,0,2200.00000000,0.8532
1623112329179000,0,710.21892000,0.8538
1623112333409000,1,408.52330720,0.8512
1623112333431000,1,0.00000001,0.8512
1623112335222000,1,199.99999999,0.8510
1623112335231000,1,0.00000001,0.8510
1623112336145000,1,3000.00000000,0.8502
1623112336145000,1,70.79401598,0.8502
1623112337314000,0,294.00000000,0.8512
1623112338889000,1,330.86496444,0.8508
1623112345817000,0,4070.53521000,0.8523
1623112351183000,1,294.00000000,0.8519
1623112351249000,1,56.00000000,0.8519
1623112351249000,1,343.00000000,0.8513
1623112351447000,1,295.00000000,0.8514
1623112353762000,0,400.00000000,0.8529
1623112355093000,1,5860.50497000,0.8523
1623112355185000,1,715.89237000,0.8523
1623112360211000,0,1000.00000000,0.8529
1623112360388000,0,37.00000000,0.8533
1623112363289000,1,399.99999999,0.8525
1623112363300000,1,0.00000001,0.8525
1623112377939000,0,1000.00000000,0.8522
1623112377939000,0,400.00000000,0.8522
1623112378100000,0,28.00000000,0.8530
1623112378174000,0,28.00000000,0.8529
1623112383678000,0,399.99999999,0.8541
1623112383680000,0,0.00000001,0.8541
1623112383763000,0,1000.00000000,0.8541
1623112388438000,0,297.00000000,0.8557
1623112388509000,0,102.00000000,0.8557
1623112395150000,1,400.00000000,0.8546
1623112412377000,1,399.99999999,0.8531
1623112412378000,1,0.00000001,0.8531
1623112416211000,1,606.68996498,0.8520
1623112418146000,1,1893.31000000,0.8520
1623112418547000,1,0.00003502,0.8520
1623112418547000,1,999.99996497,0.8519
1623112418549000,1,0.00003503,0.8519
1623112420579000,0,296.00000000,0.8519
1623112428981000,0,400.00000000,0.8530
1623112429073000,0,1000.00000000,0.8530
1623112438917000,0,400.00000000,0.8540
1623112439081000,0,1000.00000000,0.8541
1623112450099000,0,400.00000000,0.8545
1623112451073000,0,1000.00000000,0.8549
1623112453820000,1,400.00000000,0.8560
1623112497697000,0,400.00000000,0.8539
1623112501734000,0,1000.00000000,0.8542
1623112502410000,0,1000.00000000,0.8546
1623112503745000,0,400.00000000,0.8553
1623112503912000,1,203.38247150,0.8546
1623112503912000,1,168.61752850,0.8545
1623112505374000,0,1000.00000000,0.8556
1623112518976000,1,400.00000000,0.8543
1623112523076000,0,400.00000000,0.8546
1623112544679000,1,1000.00000000,0.8516
1623112544955000,1,255.10200000,0.8517
1623112546318000,1,329.58916342,0.8517
1623112546329000,1,0.00000001,0.8517
1623112547931000,0,400.00000000,0.8518
1623112558446000,0,225.89516419,0.8522
1623112567812000,0,1000.00000000,0.8522
1623112568262000,0,30.95337200,0.8527
1623112568859000,0,452.41200000,0.8530
1623112569029000,0,9923.54523395,0.8530
1623112583938000,0,23757.49000000,0.8524
1623112584433000,0,217.29920557,0.8529
1623112585889000,1,4581.03523000,0.8526
1623112592220000,0,1316.25150000,0.8524
1623112594559000,0,0.00000139,0.8524
1623112602291000,0,400.00000000,0.8526
1623112602952000,0,1000.00000000,0.8531
1623112603048000,0,1395.15180249,0.8531
1623112603840000,0,1707.68415000,0.8534
1623112603938000,0,0.00000685,0.8534
1623112610097000,1,6566.16285000,0.8535
1623112610312000,1,0.00000881,0.8535
1623112610785000,0,6566.16307609,0.8533
1623112614457000,1,400.00000000,0.8534
1623112618336000,1,400.00000000,0.8536
1623112622522000,1,6389.71843239,0.8535
1623112627666000,1,256.26478000,0.8521
1623112627916000,1,339.52807000,0.8523
1623112642169000,0,1000.00000000,0.8541
1623112669096000,0,256.29269630,0.8554
1623112669249000,0,143.70730370,0.8554
1623112687502000,0,400.00000000,0.8563
1623112687644000,0,1741.99031178,0.8567
1623112688594000,0,786.98320548,0.8570
1623112688621000,0,3685.19179584,0.8570
1623112688663000,0,7073.95704641,0.8570
