timestamp ms,type,amount,price
1628380877530000,1,400.00000000,0.8137
1628380877530000,1,975.95646948,0.8136
1628380878587000,1,226.72099864,0.8139
1628380882601000,1,3000.00000000,0.8140
1628380882601000,1,8786.64473072,0.8140
1628380882601000,1,11123.19960528,0.8140
1628380890980000,1,447.57101711,0.8127
1628380890980000,1,447.49513486,0.8126
1628380891030000,1,0.00000001,0.8126
1628380922627000,1,2138.65444118,0.8140
1628380922627000,1,8900.00000000,0.8139
1628380922627000,1,400.00000000,0.8138
1628380922627000,1,9018.18369233,0.8138
1628380922627000,1,8875.62469122,0.8136
1628380922627000,1,1667.53717527,0.8136
1628380925318000,1,241.84975290,0.8139
1628380942048000,0,50.00000000,0.8148
1628380943367000,0,3000.00000000,0.8146
1628380946820000,0,50.00000000,0.8158
1628380956238000,1,3066.48408759,0.8146
1628380956238000,1,3000.00000000,0.8145
1628380956238000,1,2138.65444118,0.8145
1628380956238000,1,8767.80282581,0.8145
1628380956238000,1,7405.28106442,0.8145
1628380962950000,0,60.42000000,0.8153
1628380963665000,1,965.40517600,0.8144
1628380973889000,1,400.00000000,0.8140
1628380973889000,1,8295.65000002,0.8140
1628380986881000,0,100.00000000,0.8157
1628380991651000,0,100.00000000,0.8161
1628380999072000,0,1164.51994963,0.8166
1628381006100000,0,92.00108299,0.8169
1628381006100000,0,0.00000001,0.8169
1628381006123000,0,6643.21725735,0.8170
1628381006447000,1,400.00000000,0.8169
1628381017138000,0,46.00054100,0.8173
1628381018712000,1,1000.00000000,0.8173
1628381018866000,1,3056.89660000,0.8172
1628381020895000,1,0.00009303,0.8172
1628381020895000,1,45.99990697,0.8165
1628381023830000,1,999.99999999,0.8164
1628381035610000,1,37.37557500,0.8170
1628381045620000,0,36.65678300,0.8182
1628381045620000,0,6253.34321700,0.8182
1628381055556000,0,2890.51778533,0.8199
1628381055605000,0,5384.92739004,0.8200
1628381055773000,0,4273.23561602,0.8200
1628381056949000,0,4786.20371841,0.8200
1628381057186000,0,14055.63327553,0.8200
1628381057186000,0,742.33751406,0.8200
1628381057192000,0,7.66248594,0.8200
1628381057192000,0,32.00000000,0.8200
1628381057192000,0,32.00000000,0.8200
1628381057192000,0,32.00000000,0.8200
1628381057192000,0,1000.00000000,0.8200
1628381057192000,0,500.00000000,0.8200
1628381057192000,0,5642.28464988,0.8200
1628381057197000,0,5357.71535012,0.8200
1628381057197000,0,9522.79157213,0.8200
1628381057272000,0,3216.51600000,0.8200
1628381057277000,0,303.00000000,0.8200
1628381057436000,0,422.30339772,0.8200
1628381058858000,1,535.20000000,0.8199
1628381060990000,0,4745.11532669,0.8200
1628381062500000,0,305.00000000,0.8200
1628381062525000,0,1199.21550914,0.8200
1628381062544000,0,6983.28066835,0.8200
1628381062598000,0,30464.71536287,0.8200
1628381062658000,0,30.52520000,0.8200
1628381062672000,0,79.31910000,0.8200
1628381062704000,0,73.55010000,0.8200
1628381062709000,0,68.87130000,0.8200
1628381062770000,0,33.75700000,0.8200
1628381062811000,0,90.27620000,0.8200
1628381062837000,0,339.39170000,0.8200
1628381062848000,0,2087.12390915,0.8200
1628381062891000,0,60.20240000,0.8200
1628381062892000,0,319.79160000,0.8200
1628381062945000,0,4224.59664819,0.8200
1628381063006000,0,93.09040000,0.8200
1628381063140000,0,3091.60590115,0.8200
1628381063156000,0,47.33730000,0.8200
1628381063189000,0,2198.62340461,0.8200
1628381063189000,0,1000.00000000,0.8200
1628381063189000,0,1345.49841858,0.8200
1628381063189000,0,5000.00000000,0.8200
1628381063189000,0,36.72901983,0.8201
1628381064157000,0,99.00000000,0.8201
1628381065417000,0,0.48404248,0.8201
1628381065938000,1,5000.00000000,0.8213
1628381066531000,1,304.00000000,0.8218
1628381066822000,1,400.00000000,0.8214
1628381067065000,1,400.00000000,0.8210
1628381067230000,1,1000.00000000,0.8210
1628381069207000,1,3000.00000000,0.8204
1628381069207000,1,8900.00000000,0.8204
1628381069207000,1,400.00000000,0.8203
1628381069207000,1,4396.00000000,0.8203
1628381069207000,1,406.67918337,0.8202
1628381069207000,1,11670.88254886,0.8201
1628381069207000,1,2226.43826777,0.8200
1628381074022000,0,27.49200000,0.8219
1628381074386000,0,0.00058700,0.8219
1628381074386000,0,4368.78954920,0.8220
1628381074411000,0,1642.78191236,0.8220
1628381074413000,0,3618.57633965,0.8220
1628381074422000,0,369.85219879,0.8220
1628381075136000,0,222.15494450,0.8225
1628381075183000,0,527.84505550,0.8225
1628381076126000,0,3000.00000000,0.8234
1628381076683000,1,400.00000000,0.8226
1628381076725000,1,406.25100000,0.8225
1628381076756000,1,27.49200000,0.8225
1628381076835000,1,372.50800000,0.8225
1628381076942000,0,2049.97977306,0.8232
1628381077437000,0,3000.00000000,0.8230
1628381077437000,0,1080.10250410,0.8230
1628381078824000,1,400.00000000,0.8228
1628381078824000,1,405.18630400,0.8228
1628381079465000,1,400.00000000,0.8228
1628381079465000,1,393.13647893,0.8228
1628381079465000,1,1094.03422107,0.8228
1628381079538000,1,400.00000000,0.8228
1628381079538000,1,1205.96430000,0.8228
1628381079543000,1,400.00000000,0.8228
1628381081921000,0,1125.00000000,0.8238
1628381084031000,0,305.00000000,0.8246
1628381084262000,1,400.00000000,0.8243
1628381084820000,0,100.00000000,0.8243
1628381087459000,0,600.00000000,0.8247
1628381087459000,0,1000.00000000,0.8250
1628381087459000,0,500.00000000,0.8250
1628381087459000,0,1400.00000000,0.8250
1628381087459000,0,3000.00000000,0.8250
1628381087459000,0,36.50643590,0.8251
1628381088169000,1,16633.61090000,0.8245
1628381088169000,1,7611.45982984,0.8242
1628381088177000,1,3196.27737714,0.8242
1628381088177000,1,6027.24353588,0.8242
1628381088309000,1,400.00000000,0.8243
1628381093238000,1,773.29675942,0.8250
1628381093244000,1,4064.83351235,0.8250
1628381093664000,1,725.00000000,0.8250
1628381096079000,1,400.00000000,0.8252
1628381096079000,1,100.00000000,0.8251
1628381099744000,1,40.00000000,0.8245
1628381099853000,0,303.00000000,0.8253
1628381100847000,1,400.00000000,0.8250
1628381100847000,1,840.00000000,0.8250
1628381102759000,0,10614.08094196,0.8258
1628381102768000,0,567.99990000,0.8258
1628381102776000,0,535.20000000,0.8258
1628381102802000,0,24057.48047598,0.8258
1628381102802000,0,98.38689009,0.8260
1628381104778000,0,47.12290702,0.8269
1628381104778000,0,699.00000000,0.8270
1628381104778000,0,227.46156655,0.8270
1628381104939000,0,302.00000000,0.8270
1628381105034000,0,570.53843345,0.8270
1628381105034000,0,329.78541087,0.8270
1628381105034000,0,2271.58124038,0.8270
1628381105074000,0,302.00000000,0.8270
1628381105478000,0,2426.41875962,0.8270
1628381105478000,0,304.00000000,0.8270
1628381105478000,0,82.70775249,0.8271
1628381105478000,0,2138.65444119,0.8273
1628381105478000,0,9142.21904670,0.8276
1628381106934000,1,400.00000000,0.8276
1628381107598000,1,1000.00000000,0.8272
1628381116114000,1,400.00000000,0.8280
1628381116114000,1,200.00000000,0.8280
1628381116125000,0,415.23437500,0.8285
1628381116125000,0,8899.76562500,0.8285
1628381116788000,1,400.00000000,0.8280
1628381116788000,1,1000.00000000,0.8280
1628381116788000,1,199.99999999,0.8280
1628381116795000,1,0.00000001,0.8280
1628381122276000,1,224.55740000,0.8281
1628381122279000,1,76.83220000,0.8281
1628381122298000,1,44.68240000,0.8281
1628381122339000,1,104.99260000,0.8281
1628381122350000,1,144.85650000,0.8281
1628381122368000,1,46.17060000,0.8281
1628381122433000,1,357.90830000,0.8281
1628381122622000,1,400.00000000,0.8277
1628381122622000,1,4396.00000000,0.8275
1628381122622000,1,4553.69893500,0.8273
1628381123722000,1,1000.00000000,0.8276
1628381128167000,1,297.98847996,0.8268
1628381129169000,1,702.01152003,0.8268
1628381131184000,1,400.00000000,0.8259
1628381131184000,1,4291.86907899,0.8258
1628381132133000,0,1108.00000000,0.8267
1628381135074000,1,1000.00000000,0.8263
1628381135160000,1,2138.65444117,0.8262
1628381135174000,1,0.00000001,0.8262
1628381136130000,0,2138.00000000,0.8260
1628381136151000,0,0.65444119,0.8260
1628381137311000,1,31.21310000,0.8274
1628381137410000,1,0.00005000,0.8274
1628381138279000,0,31.21315000,0.8266
1628381140732000,0,2138.65440000,0.8266
1628381140769000,0,0.00004119,0.8266
1628381143943000,1,1000.00000000,0.8266
1628381144029000,0,240.00000000,0.8266
1628381153477000,0,1440.00000000,0.8273
1628381155877000,0,6278.51816743,0.8276
1628381156148000,0,2138.00000000,0.8278
1628381158393000,1,999.99999999,0.8271
1628381158396000,1,0.00000001,0.8271
1628381160114000,1,358.53970248,0.8264
1628381173632000,1,999.99999999,0.8255
1628381173687000,1,0.00000001,0.8255
1628381182534000,1,4995.99900000,0.8252
1628381183934000,1,1507.32740335,0.8252
1628381185540000,1,999.99999999,0.8252
1628381189534000,1,1000.00000000,0.8244
1628381190310000,1,2138.65444117,0.8242
1628381190315000,1,0.00000001,0.8242
1628381196015000,0,2138.65444000,0.8235
1628381198104000,0,143.25306893,0.8239
1628381203392000,0,385.84610000,0.8241
1628381204890000,1,400.00000000,0.8240
1628381204890000,1,2138.65444117,0.8240
1628381204891000,1,0.00000001,0.8240
1628381206290000,1,239.19775335,0.8237
1628381206803000,0,1249.00000000,0.8247
1628381207503000,0,6500.00000000,0.8247
1628381208145000,0,8899.00000000,0.8249
1628381220861000,1,2254.93867525,0.8245
1628381220875000,1,745.06132475,0.8245
1628381220875000,1,243.51389655,0.8245
1628381220875000,1,707.51922338,0.8245
1628381220875000,1,380.36161954,0.8245
1628381229652000,1,400.00000000,0.8234
1628381229729000,0,30600.00000000,0.8233
1628381239805000,0,3000.00000000,0.8223
1628381246698000,1,371.43557796,0.8214
1628381248253000,0,3000.00000000,0.8219
1628381248253000,0,381.95530500,0.8219
1628381250468000,0,86.71681100,0.8218
1628381257970000,0,3046.69921000,0.8212
1628381264652000,0,2138.65444000,0.8217
1628381279775000,1,47.49032000,0.8206
1628381285680000,0,10015.11208000,0.8213
1628381288767000,1,31.21315000,0.8214
1628381291043000,1,31.21315000,0.8217
1628381291436000,0,2500.00000000,0.8226
1628381322641000,0,8888.46994604,0.8235
1628381322641000,0,1553.76685896,0.8235
1628381340454000,0,1560.29205000,0.8218
1628381348195000,0,2031.18211060,0.8245
1628381354989000,1,8900.00000000,0.8244
1628381354989000,1,2138.65444118,0.8244
1628381356146000,1,400.00000000,0.8244
1628381356146000,1,554.62697905,0.8244
1628381404361000,1,1119.20709496,0.8246
1628381428074000,0,8465.44085708,0.8252
1628381428074000,0,8900.00000000,0.8252
1628381428074000,0,3000.00000000,0.8252
1628381428074000,0,11414.35892274,0.8253
1628381428074000,0,7164.16072018,0.8253
1628381428467000,0,1861.87154979,0.8253
1628381430743000,0,1907.72545491,0.8254
1628381430743000,0,2138.65444109,0.8254
1628381438780000,1,541.97370426,0.8245
1628381446282000,1,366.59518510,0.8259
1628381483638000,1,7202.21173405,0.8254
1628381524236000,1,3000.00000000,0.8282
1628381529969000,1,2500.00000000,0.8276
1628381530273000,1,5000.00000000,0.8276
1628381536241000,1,1131.50067001,0.8263
1628381553880000,0,2495.51791083,0.8291
1628381557875000,0,2347.53251954,0.8290
1628381565795000,0,0.00000001,0.8291
1628381566016000,0,700.00000000,0.8300
1628381566016000,0,100.00000000,0.8300
1628381566016000,0,30.35040308,0.8300
1628381566016000,0,1000.00000000,0.8300
1628381566016000,0,1000.00000000,0.8300
1628381566016000,0,32.00000000,0.8300
1628381566016000,0,32.00000000,0.8300
1628381566016000,0,694.22550692,0.8300
1628381566087000,0,1613.42409000,0.8300
1628381566169000,0,4692.35040308,0.8300
1628381566169000,0,202.00000000,0.8300
1628381566169000,0,3229.06621275,0.8300
1628381566178000,0,1770.93378725,0.8300
1628381566900000,1,201.84270182,0.8294
1628381593407000,0,1504.48998898,0.8300
1628381593648000,0,3495.51001000,0.8300
1628381600344000,0,0.00000102,0.8300
1628381600344000,0,36.28649898,0.8301
1628381601932000,0,0.00003452,0.8301
1628381602290000,0,1450.95634000,0.8309
1628381608121000,0,351.36297000,0.8309
1628381630030000,1,2113.13013630,0.8309
1628381630030000,1,8900.00000000,0.8308
1628381630030000,1,400.00000000,0.8306
1628381630030000,1,8530.72847811,0.8306
1628381630030000,1,10127.72636641,0.8306
1628381630030000,1,11242.95807247,0.8305
1628381630030000,1,3007.79495219,0.8305
1628381630030000,1,42338.04610000,0.8305
1628381630030000,1,19223.58000000,0.8304
1628381630030000,1,400.00000000,0.8303
1628381630030000,1,8414.18761072,0.8303
1628381630030000,1,1000.00000000,0.8303
1628381630030000,1,15886.22940000,0.8302
1628381630030000,1,6016.23944723,0.8301
1628381630030000,1,364.08622181,0.8299
1628381630030000,1,10100.00000000,0.8299
1628381630030000,1,1935.29321476,0.8298
1628381638606000,0,5588.74659000,0.8317
1628381638649000,0,3648.44749047,0.8317
1628381640121000,1,100.00000000,0.8316
1628381643415000,1,135.85400000,0.8317
1628381643446000,1,16899.13651486,0.8317
1628381643448000,1,4513.30268424,0.8317
1628381643647000,1,6500.00000000,0.8317
1628381643734000,1,15135.51790000,0.8317
1628381643775000,1,6000.00000000,0.8317
1628381643832000,1,5500.00000000,0.8317
1628381643874000,1,3422.50087862,0.8317
1628381643891000,1,4000.00000000,0.8317
1628381643922000,1,301.13140000,0.8317
1628381643946000,1,8136.95063454,0.8317
1628381647325000,1,36.07000000,0.8305
1628381650056000,1,1000.00000000,0.8299
1628381650056000,1,2113.13013630,0.8297
1628381651179000,1,2111.36218762,0.8300
1628381659007000,0,3000.00000000,0.8305
1628381662122000,1,3296.98567163,0.8306
1628381663188000,1,1908.87684202,0.8304
1628381667535000,0,3009.61839928,0.8312
1628381667535000,0,3000.00000000,0.8314
1628381667535000,0,8900.00000000,0.8314
1628381667535000,0,2113.13013631,0.8315
1628381667535000,0,8747.33812029,0.8315
1628381667535000,0,9132.76249265,0.8315
1628381667535000,0,6019.23679855,0.8315
1628381667535000,0,10687.87674114,0.8316
1628381667535000,0,1000.00000000,0.8316
1628381667535000,0,6029.66720071,0.8316
1628381682685000,0,2113.13013631,0.8311
1628381682685000,0,3009.85419612,0.8311
1628381682685000,0,8900.00000000,0.8312
1628381682685000,0,969.60352457,0.8312
1628381697074000,1,1065.03113818,0.8299
1628381706132000,1,418.41894253,0.8293
1628381706142000,1,0.00000001,0.8293
1628381706321000,1,7950.81584396,0.8292
1628381707809000,1,75.00000000,0.8284
1628381709316000,1,416.90190000,0.8280
1628381716305000,1,411.20110141,0.8275
1628381716307000,1,0.00000001,0.8275
1628381716307000,1,413.11483620,0.8273
1628381720304000,0,86.55754600,0.8275
1628381720911000,1,259.56038000,0.8266
1628381722335000,0,8899.99999999,0.8268
1628381722335000,0,0.00000001,0.8268
1628381722337000,0,400.00000000,0.8269
1628381724013000,0,886.95784990,0.8266
1628381729876000,0,400.00000000,0.8264
1628381740391000,1,1847.11651986,0.8258
1628381742139000,1,1633.74540000,0.8258
1628381742139000,1,3862.30931384,0.8258
1628381768432000,0,3000.00000000,0.8261
1628381775475000,0,3000.00000000,0.8261
1628381777051000,0,250.00000000,0.8258
1628381781311000,0,10153.00000000,0.8263
1628381782010000,0,3026.68500000,0.8266
1628381791224000,0,233.27353000,0.8273
1628381792241000,1,28.33046510,0.8270
1628381792726000,0,0.00000800,0.8273
1628381818238000,0,95.57000000,0.8285
1628381842747000,0,286.62470064,0.8268
1628381854820000,1,3000.00000000,0.8265
1628381854820000,1,2113.13013630,0.8265
1628381854820000,1,8900.00000000,0.8264
1628381854820000,1,15413.29330000,0.8262
1628381854820000,1,10774.61786173,0.8262
1628381854820000,1,8591.02654911,0.8262
1628381854820000,1,373.91571744,0.8262
1628381854820000,1,8931.75758873,0.8261
1628381854820000,1,4451.30000000,0.8261
1628381854820000,1,11451.74700000,0.8261
1628381854820000,1,8406.28539792,0.8261
1628381854820000,1,400.00000000,0.8261
1628381854820000,1,10373.68959004,0.8260
1628381854820000,1,6819.23685873,0.8260
1628381885876000,0,5500.00000000,0.8278
1628381901957000,1,927.71689757,0.8281
1628381901957000,1,1122.26287549,0.8280
1628381923068000,1,268.89441584,0.8268
1628381933362000,0,120.99136629,0.8282
1628381944350000,0,69.97811000,0.8286
1628381945447000,0,52.49630000,0.8286
1628381952222000,0,0.00004500,0.8286
1628381952222000,0,0.00000400,0.8286
1628381952222000,0,11128.99995100,0.8289
1628381957959000,0,8417.83257092,0.8292
1628382008220000,0,179.09000000,0.8307
1628382016496000,0,6676.29803000,0.8297
1628382018183000,0,0.00000007,0.8297
1628382018183000,0,3013.22798993,0.8303
1628382018907000,0,8550.00000000,0.8306
1628382030113000,0,152.00000000,0.8308
1628382031916000,0,8748.00000000,0.8308
1628382031916000,0,3011.06389627,0.8308
1628382031916000,0,1805.84136610,0.8310
1628382031916000,0,8510.80269800,0.8310
1628382031916000,0,8926.90015112,0.8311
1628382031916000,0,11460.00057686,0.8311
1628382031916000,0,4584.27403575,0.8311
1628382031916000,0,400.00000000,0.8311
1628382031916000,0,9729.95509704,0.8311
1628382031916000,0,8607.62435928,0.8311
1628382031916000,0,1000.00000000,0.8311
1628382031916000,0,6021.99529393,0.8311
1628382031916000,0,325.97106642,0.8312
1628382032438000,0,2643.95025000,0.8308
1628382033623000,0,3010.66299000,0.8310
1628382034213000,0,3000.00000000,0.8314
1628382039217000,0,3000.00000000,0.8329
1628382044011000,1,726.19000000,0.8316
1628382057003000,0,3006.77770000,0.8320
1628382057199000,0,6666.93272000,0.8323
1628382094561000,1,3000.00000000,0.8322
1628382094561000,1,3523.60881179,0.8322
1628382094997000,0,66.88954262,0.8329
1628382097547000,0,2904.00000000,0.8334
1628382098246000,0,3000.00000000,0.8338
1628382098246000,0,31.00000000,0.8338
1628382101352000,0,115.76000000,0.8339
1628382111012000,0,240.00000000,0.8350
1628382111012000,0,260.00000000,0.8350
1628382111037000,0,1783.96534039,0.8350
1628382111037000,0,500.00000000,0.8350
1628382111037000,0,36.06926448,0.8351
1628382117876000,0,8900.00000000,0.8360
1628382117876000,0,1032.66692297,0.8360
1628382117891000,1,1000.00000000,0.8360
1628382117929000,1,42000.00000000,0.8360
1628382117943000,1,67.33307703,0.8360
1628382122650000,1,3000.00000000,0.8339
1628382122650000,1,1206.68572700,0.8339
1628382125144000,0,400.00000000,0.8356
1628382125981000,0,41.02400000,0.8364
1628382125981000,0,98.38689009,0.8366
1628382125981000,0,260.58910991,0.8366
1628382126182000,0,41.02400000,0.8370
1628382130454000,0,3000.00000000,0.8364
1628382134627000,1,39.59750024,0.8368
1628382140239000,1,322.49231094,0.8372
1628382141210000,0,12670.16044258,0.8380
1628382141580000,0,11661.88975790,0.8380
1628382141713000,0,1091.44757000,0.8383
1628382150934000,1,2999.99999999,0.8375
1628382150981000,1,0.00000001,0.8375
1628382156783000,1,1067.86157297,0.8357
1628382157931000,0,399.99999999,0.8370
1628382157941000,0,0.00000001,0.8370
1628382158172000,0,1410.81433000,0.8374
1628382158294000,0,560.00000000,0.8369
1628382162940000,1,999.50000000,0.8365
1628382167078000,1,2347.53251954,0.8375
1628382183830000,0,3681.99068000,0.8384
1628382184252000,0,0.00000199,0.8384
1628382187747000,0,2495.51791083,0.8397
1628382187792000,0,0.00000001,0.8397
1628382187792000,0,399.99999999,0.8399
1628382187925000,0,3000.00000000,0.8400
1628382187925000,0,7807.73720000,0.8400
1628382188109000,1,1407.71981477,0.8400
1628382188162000,0,1000.00000000,0.8400
1628382188162000,0,3500.00000000,0.8400
1628382188162000,0,1000.00000000,0.8400
1628382188162000,0,500.00000000,0.8400
1628382188162000,0,12500.00000000,0.8400
1628382188162000,0,2184.27299000,0.8400
1628382188294000,0,1200.00000000,0.8398
1628382188536000,0,2815.72701000,0.8400
1628382188536000,0,3658.06243691,0.8400
1628382188642000,0,1341.93756309,0.8400
1628382188642000,0,19342.33542691,0.8400
1628382188660000,0,1107.66457309,0.8400
1628382188660000,0,234.27299569,0.8400
1628382188689000,0,35.85450000,0.8401
1628382190742000,1,251.79155004,0.8400
1628382192908000,1,3000.00000000,0.8393
1628382192908000,1,14458.63220000,0.8392
1628382192908000,1,366.11085965,0.8390
1628382192908000,1,11035.30323437,0.8390
1628382192908000,1,15520.00000000,0.8389
1628382192908000,1,8425.87993579,0.8389
1628382192908000,1,1000.00000000,0.8389
1628382192908000,1,400.00000000,0.8388
1628382192908000,1,915.19621792,0.8387
1628382192908000,1,8824.14748236,0.8385
1628382192908000,1,398.60125863,0.8385
1628382192908000,1,3814.10000000,0.8385
1628382192908000,1,31842.02881128,0.8384
1628382193158000,0,0.00008182,0.8401
1628382193158000,0,3000.00000000,0.8404
1628382193158000,0,2097.45775235,0.8404
1628382193158000,0,10572.63949579,0.8405
1628382194616000,1,209.85859700,0.8397
1628382195815000,1,3000.00000000,0.8398
1628382195880000,1,365.79190000,0.8397
1628382221245000,0,2974.43111000,0.8411
1628382221315000,0,0.00000680,0.8411
1628382225770000,1,312.96666190,0.8411
1628382227942000,1,0.00000001,0.8411
1628382228616000,1,11451.74700000,0.8404
1628382238935000,0,600.00000000,0.8399
1628382242432000,0,2097.45775000,0.8400
1628382256922000,1,616.37000000,0.8401
1628382261708000,1,791.83752560,0.8405
1628382264839000,1,2097.45775234,0.8397
1628382267720000,0,818.58568213,0.8409
1628382275141000,1,361.35987605,0.8399
1628382275358000,1,0.00000001,0.8399
1628382277236000,0,2097.45775000,0.8399
1628382277314000,0,0.00000235,0.8399
1628382283120000,0,2097.45775000,0.8398
1628382283178000,0,0.00000235,0.8398
1628382293234000,1,379.47000000,0.8381
1628382302188000,1,7277.06457799,0.8372
1628382304844000,1,349.22757808,0.8374
1628382304844000,1,76.54925318,0.8370
1628382317724000,0,2989.37310000,0.8370
1628382317785000,0,906.90160000,0.8372
1628382317945000,0,0.00000399,0.8372
1628382324133000,1,2097.45775000,0.8373
1628382339875000,1,8321.46087069,0.8352
1628382339875000,1,10330.75205707,0.8352
1628382339875000,1,3651.60000000,0.8352
1628382339949000,0,1037.11380000,0.8350
1628382339950000,0,535.20000000,0.8350
1628382339964000,0,2097.45775234,0.8350
1628382340019000,0,73500.00000000,0.8350
1628382340084000,0,6298.77141000,0.8350
1628382340088000,0,13572.38590000,0.8350
1628382340090000,0,5526.35450000,0.8350
1628382340187000,0,31500.00000000,0.8350
1628382340253000,0,14143.23928305,0.8350
1628382340264000,0,4485.66442685,0.8350
1628382343149000,1,1908.01870000,0.8350
1628382343156000,1,37.01900000,0.8350
1628382343181000,1,9506.70930000,0.8350
1628382346852000,0,400.00000000,0.8354
1628382346852000,0,3000.00000000,0.8354
1628382362000000,0,400.00000000,0.8386
1628382362662000,0,400.00000000,0.8390
1628382362662000,0,2675.60762800,0.8392
1628382366285000,1,3000.00000000,0.8381
1628382366285000,1,454.04649145,0.8381
1628382366285000,1,1135.11887678,0.8381
1628382371651000,1,346.90059408,0.8370
1628382372674000,0,400.00000000,0.8380
1628382372674000,0,2097.45775235,0.8381
1628382372690000,0,1000.00000000,0.8380
1628382373391000,1,535.20000000,0.8383
1628382374393000,0,701.00000000,0.8381
1628382417781000,1,1012.98985566,0.8356
1628382417781000,1,405.19594225,0.8356
1628382417798000,1,0.00000001,0.8356
1628382460508000,1,7541.93138000,0.8318
1628382460538000,1,0.00000769,0.8318
1628382466066000,0,390.00000000,0.8309
1628382466531000,0,10.00000000,0.8309
1628382466531000,0,380.00000000,0.8310
1628382505415000,0,1000.00000000,0.8327
1628382572845000,1,2097.45775233,0.8297
1628382572846000,1,0.00000001,0.8297
1628382581475000,0,300.00000000,0.8295
1628382583119000,0,3310.38731600,0.8296
1628382599735000,1,281.67335038,0.8283
1628382646207000,0,2994.77177100,0.8262
1628382646335000,1,50.90258080,0.8253
1628382650313000,1,409.56771141,0.8257
1628382652049000,1,329.01247791,0.8257
1628382656215000,1,2111.37862327,0.8245
1628382659539000,0,3320.40820300,0.8250
1628382660446000,1,7807.73720000,0.8240
1628382660446000,1,884.29362800,0.8240
1628382660701000,1,3177.49679295,0.8241
1628382660706000,1,5722.50320705,0.8241
1628382660706000,1,884.29362000,0.8240
1628382660706000,1,3000.00000000,0.8240
1628382660706000,1,11419.92074304,0.8240
1628382661969000,0,85.13860100,0.8250
1628382667918000,1,1348.85121714,0.8236
1628382670930000,1,3000.00000000,0.8230
1628382671261000,1,480.00000000,0.8232
1628382673136000,0,235.20000000,0.8237
1628382678347000,0,3000.00000000,0.8238
1628382683176000,1,265.30799626,0.8220
1628382685822000,0,2764.80000000,0.8229
1628382709612000,1,815.07351100,0.8209
1628382711094000,1,2495.51791084,0.8208
1628382711376000,1,1200.00000000,0.8209
1628382711539000,1,0.00000026,0.8206
1628382711714000,0,134.00000000,0.8204
1628382711733000,0,35.99999974,0.8204
1628382711733000,0,98.00000026,0.8204
1628382711768000,0,35.99999974,0.8204
1628382718050000,1,112.92682927,0.8200
1628382734949000,1,3082.29687100,0.8212
1628382735994000,1,2299.79963058,0.8214
1628382763335000,1,143.95055011,0.8225
1628382766198000,1,298.47142595,0.8229
1628382794157000,1,360.94179695,0.8238
1628382795315000,0,112.92682926,0.8245
1628382822846000,1,3358.07752000,0.8246
1628382840727000,0,166.00000000,0.8262
1628382858071000,1,6776.78220000,0.8238
1628382863497000,1,285.34330000,0.8242
1628382863499000,1,0.00007600,0.8242
1628382905464000,1,3000.00000000,0.8277
1628382905520000,1,2158.66907000,0.8277
1628382905535000,1,0.00000403,0.8277
1628382966031000,1,35.00000000,0.8249
1628382997988000,1,99.99999999,0.8239
1628383034668000,1,0.00000001,0.8239
1628383097981000,1,100.00000000,0.8219
1628383109316000,1,3812.98627000,0.8209
1628383112004000,0,583.59415200,0.8213
1628383112514000,1,0.00000364,0.8209
1628383155244000,0,6525.61043690,0.8208
1628383162651000,1,3000.00000000,0.8203
1628383162651000,1,6784.11134300,0.8203
1628383229713000,1,253.66992000,0.8210
1628383242013000,0,3043.54826000,0.8218
1628383248017000,0,50.00000000,0.8214
1628383251908000,1,5499.08064463,0.8206
1628383251909000,1,8383.92645537,0.8206
1628383251909000,1,1129.21047472,0.8206
1628383251965000,1,4000.00000000,0.8206
1628383252249000,1,298.50510000,0.8202
1628383261699000,1,100.00000000,0.8195
1628383262785000,1,149.99999999,0.8189
1628383262785000,1,0.00000001,0.8189
1628383263077000,1,30.46790000,0.8187
1628383263438000,0,584.31266700,0.8193
1628383263552000,1,0.00001982,0.8187
1628383263552000,1,25.69520584,0.8183
1628383265213000,1,3000.00000000,0.8182
1628383265213000,1,7000.00000000,0.8182
1628383266019000,0,223.01603600,0.8193
1628383267157000,0,3000.00000000,0.8192
1628383271645000,0,2636.67910000,0.8200
1628383295280000,1,168.82540000,0.8189
1628383295853000,1,162.95350000,0.8189
1628383296667000,0,300.00000000,0.8190
1628383341952000,1,8900.00000000,0.8204
1628383341952000,1,2123.49378582,0.8204
1628383341952000,1,3046.12467709,0.8203
1628383341952000,1,13880.80980000,0.8203
1628383341952000,1,8900.00000000,0.8203
1628383341952000,1,793.75710000,0.8202
1628383341952000,1,9078.59773419,0.8202
1628383341952000,1,8272.48443397,0.8202
1628383341952000,1,6091.64982113,0.8202
1628383341952000,1,1840.50089619,0.8201
1628383341952000,1,4238.20000000,0.8201
1628383341952000,1,400.00000000,0.8200
1628383341952000,1,8539.08061672,0.8199
1628383341952000,1,336.66926996,0.8199
1628383341952000,1,9713.53733760,0.8199
1628383341952000,1,11147.19243232,0.8199
1628383341952000,1,37038.06650000,0.8199
1628383341952000,1,15659.83559501,0.8199
1628383378892000,1,254.79878978,0.8204
1628383381713000,1,367.32815481,0.8203
1628383391239000,1,2500.00000000,0.8200
1628383393666000,0,10399.94353000,0.8210
1628383499834000,1,124.00000000,0.8222
1628383507282000,1,5846.80110000,0.8216
1628383509623000,1,0.00008311,0.8216
1628383527376000,1,2922.85402468,0.8209
1628383527376000,1,0.00000001,0.8209
1628383532010000,0,1900.41580000,0.8209
1628383542930000,0,9153.00000000,0.8210
1628383547343000,0,4500.00000000,0.8211
1628383547419000,0,4378.38818000,0.8211
1628383548245000,0,2123.00000000,0.8212
1628383555442000,1,55.00000000,0.8213
1628383566323000,0,8586.14446000,0.8219
1628383578249000,1,1093.93736600,0.8218
1628383587409000,1,641.10086101,0.8223
1628383599565000,1,729.98758000,0.8229
1628383613511000,0,118.00000000,0.8236
1628383614088000,0,118.52929000,0.8236
1628383614646000,0,88.89697000,0.8236
1628383615370000,0,66.67273100,0.8236
1628383615370000,0,0.00000500,0.8236
1628383615370000,0,0.00000900,0.8236
1628383616699000,0,0.52929900,0.8236
1628383619240000,0,77.78485000,0.8240
1628383619280000,0,0.00000300,0.8240
1628383619280000,0,30.46790000,0.8240
1628383619636000,1,58.33863900,0.8240
1628383621835000,0,43.75398000,0.8246
1628383624295000,0,66.32547699,0.8246
1628383624413000,0,0.00000001,0.8246
1628383625341000,0,33.16270000,0.8246
1628383625416000,0,0.00003800,0.8246
1628383626052000,1,400.00000000,0.8246
1628383626052000,1,1713.89378600,0.8246
1628383628272000,1,54.20245800,0.8246
1628383632504000,0,129.17019988,0.8254
1628383638233000,1,14910.08080000,0.8243
1628383645359000,0,479.25817215,0.8241
1628383664177000,0,52.39191800,0.8248
1628383701196000,0,176.75028784,0.8251
1628383857161000,1,8536.72920000,0.8242
1628383874003000,1,76.17318125,0.8240
1628383905067000,1,263.79351734,0.8248
1628383935887000,1,1176.08418214,0.8246
1628383951525000,0,77.00000000,0.8246
1628384080001000,0,426.09687689,0.8256
1628384080199000,0,33.07696966,0.8256
1628384091342000,0,500.00000000,0.8274
1628384092549000,0,5501.68912000,0.8277
1628384096399000,0,74.19869277,0.8285
1628384101033000,0,10460.32672000,0.8287
1628384104415000,0,129.17019987,0.8300
1628384104416000,0,0.00000001,0.8300
1628384109054000,0,353.09233884,0.8298
1628384113636000,0,3000.00000000,0.8300
1628384122995000,1,435.38690000,0.8290
1628384132422000,1,432.89191000,0.8300
1628384143804000,0,47.49030000,0.8318
1628384145271000,1,3864.13249700,0.8315
1628384145691000,0,0.00002026,0.8318
1628384146051000,0,36197.00000000,0.8324
1628384146904000,1,142.61845400,0.8323
1628384147945000,0,0.72000000,0.8324
1628384150485000,1,1360.48660000,0.8334
1628384150485000,1,3303.90012647,0.8334
1628384153400000,1,2115.73070000,0.8332
1628384153566000,1,1000.00000000,0.8328
1628384156361000,1,3000.00000000,0.8325
1628384168535000,0,2999.99990000,0.8338
1628384191297000,0,8500.00000000,0.8327
1628384200675000,0,2115.73079360,0.8323
1628384200853000,1,1275.98613000,0.8323
1628384201167000,1,0.00000680,0.8323
1628384203346000,0,243.00000000,0.8316
1628384210627000,1,427.57125679,0.8299
1628384210628000,1,0.00000001,0.8299
1628384210694000,1,1069.02614054,0.8298
1628384218533000,0,4005.55142000,0.8315
1628384249599000,0,3012.38290000,0.8304
1628384268211000,0,3000.00000000,0.8318
1628384268211000,0,7.93654000,0.8318
1628384269005000,1,200.79635464,0.8313
1628384271199000,1,535.20000000,0.8321
1628384271205000,1,3970.00585649,0.8321
1628384352029000,1,108.81220000,0.8295
1628384359985000,1,0.00008100,0.8295
1628384373064000,1,2961.15391000,0.8294
1628384388331000,1,2115.73079000,0.8301
1628384411178000,0,3112.11644800,0.8302
1628384439196000,0,4425.52976000,0.8280
1628384441566000,0,113.47495400,0.8281
1628384464471000,1,118.93530000,0.8273
1628384465139000,1,0.00000100,0.8273
1628384465139000,1,47.75728900,0.8273
1628384465853000,1,0.00000865,0.8273
1628384473905000,0,114.32999500,0.8271
1628384476509000,1,4000.00000000,0.8261
1628384477303000,0,500.00000000,0.8266
1628384480645000,1,353.61291346,0.8252
1628384482840000,1,190.54999300,0.8253
1628384488071000,0,3029.06766000,0.8259
1628384534885000,0,2664.19604000,0.8256
1628384535375000,0,2500.00000000,0.8259
1628384556578000,1,24.43843720,0.8249
1628384558388000,0,3701.88953900,0.8251
1628384575635000,0,3032.44827000,0.8249
1628384693150000,1,1245.53365098,0.8253
1628384764214000,0,235.76993704,0.8248
1628384773179000,0,3034.84082000,0.8242
1628384791165000,0,582.79994200,0.8233
1628384796043000,0,3338.75705000,0.8232
1628384798259000,0,85.60903900,0.8231
1628384808024000,0,583.19067900,0.8229
1628384822003000,0,4316.70000000,0.8227
1628384860306000,0,758.49744000,0.8232
1628384860987000,0,2108.36821000,0.8234
1628384879795000,0,479.63384985,0.8235
1628384904660000,0,3040.86192605,0.8226
1628384906399000,0,0.00000001,0.8226
1628384906399000,0,3040.27464999,0.8227
1628384917536000,0,1440.87880777,0.8223
1628384918174000,0,583.36569600,0.8221
1628384930933000,0,3044.59912000,0.8215
1628385002594000,1,8919.25330000,0.8203
1628385014115000,0,535.20000000,0.8215
1628385068850000,1,299.97930800,0.8227
1628385126551000,1,365.06424701,0.8218
1628385132882000,1,563.75000000,0.8212
1628385143845000,0,91.25975300,0.8211
1628385151737000,0,5537.33623000,0.8212
1628385158610000,0,3045.84485000,0.8212
1628385172693000,1,839.60495002,0.8206
1628385172693000,1,8900.00000000,0.8206
1628385172693000,1,9009.82272122,0.8205
1628385172693000,1,8788.46336700,0.8205
1628385172693000,1,16623.77700000,0.8205
1628385172693000,1,8655.68564746,0.8204
1628385172693000,1,3046.06611217,0.8204
1628385172693000,1,44136.58020213,0.8204
1628385209198000,1,2826.74501813,0.8203
1628385214151000,1,0.00000001,0.8203
1628385215893000,1,99.99999999,0.8200
1628385222957000,1,0.00000001,0.8200
1628385222957000,1,99.99999998,0.8199
1628385222960000,1,0.00000002,0.8199
1628385232070000,0,584.04422100,0.8200
1628385256107000,0,264.66319431,0.8208
1628385364041000,1,30.45824735,0.8190
1628385364041000,1,99.99999999,0.8189
1628385364074000,1,0.00000001,0.8189
1628385375565000,1,337.99999999,0.8184
1628385380357000,1,1000.00000000,0.8184
1628385398528000,1,0.00000001,0.8184
1628385400313000,1,99.99999999,0.8180
1628385400314000,1,0.00000001,0.8180
1628385400314000,1,100.00000000,0.8179
1628385400317000,1,90.61573685,0.8179
1628385401274000,0,650.00000000,0.8182
1628385401410000,0,430.23438875,0.8180
1628385401722000,0,400.00000000,0.8179
1628385401722000,0,184.79951300,0.8180
1628385423625000,1,5696.91749943,0.8183
1628385432096000,1,1000.00000000,0.8181
1628385438423000,0,500.00000000,0.8184
1628385444410000,0,500.00000000,0.8178
1628385451576000,0,500.00000000,0.8179
1628385453638000,1,30.51861458,0.8174
1628385453708000,1,1000.00000000,0.8170
1628385453727000,1,399.99999999,0.8171
1628385453904000,1,451.86075098,0.8168
1628385453904000,1,1129.58218668,0.8166
1628385453904000,1,400.00000000,0.8165
1628385453904000,1,1129.98045490,0.8164
1628385453904000,1,11280.00000000,0.8164
1628385453904000,1,30.55637218,0.8164
1628385453904000,1,1835.92889149,0.8163
1628385453904000,1,5623.28392175,0.8161
1628385460049000,1,30.56797990,0.8161
1628385460049000,1,149.99999999,0.8159
1628385460056000,1,0.00000001,0.8159
1628385463879000,1,1281.32322251,0.8156
1628385464046000,1,100.00000000,0.8153
1628385494634000,0,500.00000000,0.8165
1628385500372000,1,30.60840000,0.8150
1628385501249000,1,0.00008865,0.8150
1628385501400000,1,30.63060000,0.8144
1628385501514000,1,227.69910000,0.8144
1628385501556000,1,169.54261086,0.8144
1628385501556000,1,30.63066381,0.8144
1628385501556000,1,427.90270176,0.8143
1628385502263000,1,600.00000000,0.8142
1628385507014000,1,600.00000000,0.8140
1628385507259000,1,279.99999999,0.8140
1628385507376000,1,0.00000001,0.8140
1628385513039000,0,500.00000000,0.8155
1628385530510000,0,500.00000000,0.8156
1628385538228000,0,20500.34371000,0.8160
1628385538304000,0,6500.00000000,0.8160
1628385538371000,0,3643.81629000,0.8160
1628385554399000,1,3000.00000000,0.8164
1628385554399000,1,2696.91749944,0.8164
1628385580012000,0,1250.00000000,0.8162
1628385601992000,1,2123.17080000,0.8152
1628385602008000,1,0.00000527,0.8152
1628385636124000,1,75.48530000,0.8137
1628385638298000,0,3000.04238800,0.8141
1628385640656000,0,180.40143200,0.8141
1628385661091000,1,0.00001100,0.8137
1628385661091000,1,2143.50164457,0.8131
1628385661091000,1,30.67926059,0.8131
1628385661091000,1,5085.47702785,0.8129
1628385699513000,0,3867.18272041,0.8141
1628385699738000,1,2874.48875000,0.8137
1628385702761000,1,0.00000071,0.8137
1628385724300000,0,8939.43269000,0.8136
1628385737790000,1,30.68900000,0.8128
1628385742417000,0,565.10396500,0.8130
1628385746251000,1,0.00082911,0.8128
1628385746251000,1,1127.92148082,0.8128
1628385772046000,1,870.96182698,0.8116
1628385782404000,0,91.48584036,0.8134
1628385829635000,0,1000.00000000,0.8146
1628385857139000,1,8876.18503000,0.8155
1628385921954000,0,8578.36345000,0.8144
1628385948723000,1,6308.39220458,0.8135
1628385967534000,0,2143.50164000,0.8148
1628385989690000,1,2143.50164000,0.8156
1628385998732000,1,4220.31522202,0.8156
1628386004014000,1,620.37900000,0.8166
1628386019013000,1,24.75242384,0.8164
1628386123177000,1,1175.82300001,0.8149
1628386216180000,1,3706.80000000,0.8137
1628386216237000,1,6377.10940000,0.8136
1628386233565000,0,949.85336301,0.8142
1628386269109000,0,490.62319500,0.8126
1628386285042000,0,607.12155980,0.8132
1628386345280000,1,62.85941499,0.8119
1628386345282000,1,0.00000001,0.8119
1628386347868000,0,282.78189600,0.8123
1628386367193000,1,2495.51791083,0.8105
1628386367195000,1,0.00000001,0.8105
1628386372506000,1,30.79135447,0.8101
1628386372506000,1,1574.45976449,0.8100
1628386373003000,1,1771.59689681,0.8100
1628386373006000,1,1607.14536619,0.8100
1628386373672000,1,1867.04340000,0.8100
1628386374174000,1,5849.91501509,0.8100
1628386374174000,1,822.03639333,0.8100
1628386374184000,1,5867.62001997,0.8100
1628386374185000,1,1761.45085720,0.8100
1628386374197000,1,3210.78248740,0.8100
1628386374366000,1,30.79900000,0.8099
1628386419998000,0,1951.48084300,0.8102
1628386420740000,0,1951.48084300,0.8101
1628386423220000,1,0.00033820,0.8099
1628386427547000,0,2084.96038308,0.8102
1628386478307000,1,3089.37485216,0.8089
1628386478309000,1,0.00000001,0.8089
1628386478408000,1,3000.00000000,0.8087
1628386478408000,1,1880.37940244,0.8086
1628386478777000,1,386.44250474,0.8084
1628386478777000,1,214.45720641,0.8083
1628386490975000,1,91.76920552,0.8076
1628386490975000,1,0.00000001,0.8076
1628386514422000,0,40.87723852,0.8094
1628386545528000,1,100.00000000,0.8076
1628386597447000,1,30.89508428,0.8074
1628386714843000,1,308.54126495,0.8092
1628386763251000,1,697.37040291,0.8073
1628386841731000,0,61.48800000,0.8067
1628386842053000,1,454.45478723,0.8061
1628386850878000,0,123.35000000,0.8070
1628386874542000,1,649.58354902,0.8080
1628386899473000,0,96.29928118,0.8083
1628386975689000,0,4000.00000000,0.8078
1628387005416000,1,1642.19897878,0.8094
1628387078117000,0,5004.81461000,0.8098
1628387162674000,0,3989.52104100,0.8111
1628387175532000,0,60.72000000,0.8118
1628387192283000,1,227.57899397,0.8122
1628387200015000,1,6789.33497000,0.8120
1628387210132000,1,0.00000536,0.8120
1628387233171000,0,8900.00000000,0.8113
1628387233171000,0,2523.23932308,0.8113
1628387477797000,1,344.59342700,0.8097
1628388035139000,1,728.36850000,0.8089
1628388038382000,1,0.00000498,0.8089
1628388121630000,0,184.40000000,0.8065
1628388140131000,1,30.95374001,0.8059
1628388140131000,1,30.95681309,0.8058
1628388140294000,1,0.00000001,0.8058
1628388177145000,0,8379.25000000,0.8081
1628388178139000,0,0.00000052,0.8081
1628388186587000,1,8873.46397000,0.8084
1628388345034000,0,2158.93702000,0.8077
1628388429654000,1,663.74925999,0.8082
1628388455174000,1,2158.93702000,0.8075
1628388727205000,1,1147.92747366,0.8073
1628388745509000,0,270.79018382,0.8078
1628388902990000,1,41.16300000,0.8054
1628388904469000,1,0.00064300,0.8054
1628388904883000,1,30.99100000,0.8049
1628388905182000,1,0.00081254,0.8049
1628388905182000,1,31.00298284,0.8046
1628388906643000,0,400.00000000,0.8050
1628388960146000,1,500.00000000,0.8033
1628388960485000,1,500.00000000,0.8033
1628388960824000,1,500.00000000,0.8033
1628388961112000,1,500.00000000,0.8034
1628388985499000,1,4302.30691316,0.8035
1628389000755000,1,400.00000000,0.8027
1628389000755000,1,1560.44517398,0.8027
1628389000759000,1,7339.55482602,0.8027
1628389000797000,1,1731.80567007,0.8029
1628389000808000,1,399.99999999,0.8029
1628389000816000,1,27.06457194,0.8029
1628389001595000,1,31.09263598,0.8023
1628389001595000,1,4983.23331825,0.8020
1628389002652000,1,7950.45988800,0.8020
1628389035476000,1,917.84764701,0.8042
1628389040784000,1,5000.00000000,0.8044
1628389141068000,0,107.07152899,0.8064
1628389141087000,0,0.00000001,0.8064
1628389376469000,0,121.53153600,0.8037
1628389382974000,0,25.43163079,0.8038
1628389385914000,0,42.84084960,0.8041
1628389452634000,1,1000.00000000,0.8021
1628389455197000,1,31.11550000,0.8017
1628389463304000,1,0.00001846,0.8017
1628389463364000,0,72.15400000,0.8017
1628389463371000,0,10927.84598154,0.8017
1628389464178000,0,909.82281084,0.8023
1628389473728000,1,8992.01710000,0.8011
1628389473787000,1,11547.24141000,0.8011
1628389482664000,1,0.00000954,0.8011
1628389482664000,1,16379.65870000,0.8008
1628389482664000,1,3120.48790299,0.8008
1628389482664000,1,400.00000000,0.8007
1628389482664000,1,31.15437934,0.8007
1628389482664000,1,8430.25784740,0.8007
1628389482664000,1,11497.79009387,0.8007
1628389482664000,1,8737.19607045,0.8007
1628389482664000,1,9305.16958140,0.8006
1628389482664000,1,1000.00000000,0.8005
1628389482664000,1,6240.83910825,0.8005
1628389482664000,1,1898.72706149,0.8005
1628389482664000,1,10090.65261022,0.8005
1628389482664000,1,31.16372040,0.8004
1628389482664000,1,431.13587503,0.8003
1628389482664000,1,12478.37877505,0.8003
1628389482664000,1,1077.83275786,0.8002
1628389482664000,1,2495.51791084,0.8002
1628389482664000,1,1900.90438953,0.8002
1628389482664000,1,9116.73424734,0.8002
1628389486635000,1,2166.09282000,0.8001
1628389488184000,1,949.09244030,0.8005
1628389488184000,1,149.95133880,0.8000
1628389488184000,1,737.13749999,0.8000
1628389488184000,1,22814.84595864,0.8000
1628389488559000,1,2363.37716119,0.8000
1628389496256000,1,2902.75048000,0.8000
1628389496412000,1,3051.28890017,0.8000
1628389496412000,1,250.00000000,0.8000
1628389512339000,1,8900.00000000,0.7996
1628389512339000,1,400.00000000,0.7996
1628389512339000,1,2123.23932308,0.7996
1628389513540000,1,100.00000000,0.7992
1628389530029000,0,2164.19327200,0.7996
1628389530565000,1,31.21870000,0.7990
1628389531270000,1,0.00001245,0.7990
1628389531270000,1,31.21908755,0.7990
1628389536708000,1,0.00001561,0.7990
1628389536708000,1,95.56058439,0.7988
1628389536859000,1,0.00010031,0.7988
1628389558262000,0,92.93043758,0.8007
1628389575431000,0,8708.27396000,0.8007
1628389581386000,0,5000.00000000,0.8012
1628389666390000,1,1000.00000000,0.8016
1628389666390000,1,4588.92470000,0.8016
1628389667346000,1,895.95350000,0.8016
1628389700241000,1,3119.12608990,0.8012
1628389701024000,1,999.99999999,0.8009
1628389701271000,1,0.00000001,0.8009
1628389730937000,0,7014.89862000,0.8018
1628389731002000,0,2556.66330000,0.8018
1628389736984000,0,0.00000080,0.8018
1628389797403000,0,589.01425687,0.8024
1628389797707000,0,24.92522432,0.8024
1628389805543000,1,999.99999999,0.8014
1628389805546000,1,0.00000001,0.8014
1628389867108000,0,10420.53595000,0.8023
1628389920191000,0,3109.85187000,0.8043
1628389920196000,0,0.00000908,0.8043
1628389931581000,1,1164.24095117,0.8041
1628389938511000,0,217.52560000,0.8046
1628389939262000,0,0.00000300,0.8046
1628389940249000,0,2176.02005000,0.8049
1628389941228000,0,742.66055000,0.8049
1628389943130000,0,0.00000100,0.8049
1628389943130000,0,9049.55829900,0.8051
1628389946505000,0,1470.54616873,0.8057
1628389948642000,1,268.90668700,0.8052
1628389952309000,0,448.17781000,0.8057
1628389958326000,1,591.04941500,0.8053
1628389968316000,0,0.00000200,0.8057
1628389968316000,0,31.21870000,0.8059
1628389968316000,0,0.00001245,0.8059
1628389975710000,0,402.81189000,0.8065
1628389981754000,0,0.00000500,0.8065
1628389981754000,0,30.59472100,0.8067
1628389987836000,0,0.62436655,0.8067
1628389987836000,0,0.00001561,0.8067
1628389992174000,1,1813.53439700,0.8068
1628389994157000,0,380.12893600,0.8072
1628389995606000,0,190.06446000,0.8073
1628389995739000,0,0.00000800,0.8073
1628389995739000,0,31.16369200,0.8073
1628389995811000,0,0.00002840,0.8073
1628390002507000,1,2443.62166400,0.8069
1628390005051000,0,71.27417599,0.8076
1628390005808000,1,110.47497200,0.8073
1628390021774000,1,1940.18589156,0.8065
1628390081978000,1,1594.52101141,0.8068
1628390092823000,0,0.00000001,0.8076
1628390172387000,1,2742.92072879,0.8065
1628390202683000,1,399.57777243,0.8058
1628390279853000,0,8510.00000000,0.8056
1628390282565000,0,8376.08195685,0.8058
1628390282565000,0,8995.79650284,0.8059
1628390282565000,0,2176.02005145,0.8060
1628390282565000,0,9277.38725065,0.8061
1628390282565000,0,11545.38943184,0.8062
1628390282565000,0,8061.63572737,0.8062
1628390292979000,1,1376.20540380,0.8054
1628390322976000,1,671.10557305,0.8051
1628390382882000,1,1389.23943722,0.8062
1628390412985000,1,527.92822097,0.8058
1628390436836000,1,5000.00000000,0.8058
1628390437177000,1,3535.46210000,0.8058
1628390529355000,0,119.84000000,0.8063
1628390562670000,1,3857.23742500,0.8054
1628390564571000,1,8505.09110926,0.8053
1628390728435000,0,590.41843800,0.8022
1628390768665000,1,2812.65317000,0.8010
1628390790997000,0,590.65469000,0.8018
1628390807667000,0,3118.50703669,0.8022
1628390807699000,0,400.00000000,0.8023
1628390807713000,0,400.00000000,0.8023
1628390860697000,0,2164.99091000,0.8042
1628390865612000,1,1002.69904314,0.8040
1628390938452000,1,237.31424480,0.8047
1628391012140000,1,2256.02877192,0.8039
1628391013191000,1,2485.99639999,0.8040
1628391068078000,1,2487.21675130,0.8036
1628391068121000,1,981.44060000,0.8036
1628391119276000,1,2217.79678404,0.8049
1628391167053000,1,3904.70405471,0.8067
1628391181231000,0,144.75586000,0.8081
1628391181303000,0,0.00000300,0.8081
1628391182142000,0,216.49890000,0.8083
1628391182147000,0,0.00000100,0.8083
1628391182147000,0,31.15437934,0.8084
1628391182683000,1,400.00000000,0.8081
1628391182683000,1,2716.14713100,0.8078
1628391185070000,1,79.90110400,0.8080
1628391186689000,0,222.60677000,0.8085
1628391186804000,0,0.00000800,0.8085
1628391186804000,0,31.11550000,0.8085
1628391209405000,1,3769.00000000,0.8068
1628391209405000,1,471.20606514,0.8065
1628391209405000,1,6194.78325092,0.8065
1628391209405000,1,1840.19640664,0.8065
1628391227178000,1,1234.40424221,0.8061
1628391244912000,0,3103.06912000,0.8061
1628391253572000,0,0.00000465,0.8061
1628391253575000,0,3102.49588000,0.8062
1628391257027000,0,0.00000260,0.8062
1628391257114000,0,3102.57501000,0.8062
1628391396042000,1,3500.00000000,0.8034
1628391404260000,0,120.13000000,0.8040
1628391442701000,0,141.00000000,0.8034
1628391442702000,0,0.47630933,0.8034
1628391462818000,0,92.42401723,0.8039
1628391556694000,0,123.98000000,0.8027
1628391580280000,1,252.39173400,0.8024
1628391603556000,1,254.76664428,0.8022
1628391609548000,0,520.61703100,0.8022
1628391824025000,0,844.59608603,0.8068
1628391828403000,1,208.12418437,0.8059
1628391837987000,1,51.54490000,0.8061
1628391855897000,0,69.99860003,0.8069
1628391882567000,1,301.08218430,0.8062
1628391901141000,0,179.10041000,0.8078
1628391909960000,0,0.00000300,0.8078
1628391909960000,0,3095.98268090,0.8080
1628391909960000,0,570.12143717,0.8080
1628391950283000,1,575.09650379,0.8074
1628391979778000,1,1544.32970017,0.8056
1628392002461000,0,3100.89598000,0.8066
1628392040575000,1,585.56842076,0.8077
1628392070833000,0,8710.13419000,0.8076
1628392108446000,0,3096.47546000,0.8079
1628392220682000,1,983.78229397,0.8075
1628392243953000,0,1043.75669939,0.8078
1628392247907000,1,3915.27555197,0.8072
1628392280785000,1,769.97379267,0.8078
1628392311177000,1,818.40773528,0.8076
1628392362593000,1,3258.02775400,0.8083
1628392407484000,0,119.44000000,0.8088
1628392425854000,0,1500.00000000,0.8088
1628392477137000,0,1624.37510000,0.8084
1628392477427000,0,1624.37510000,0.8085
1628392478787000,0,399.99999999,0.8087
1628392478795000,0,0.00000001,0.8087
1628392553964000,0,8970.56260000,0.8098
1628392556112000,1,567.18958700,0.8099
1628392566793000,0,31.09263000,0.8100
1628392566802000,0,0.00000598,0.8100
1628392577006000,0,121.75670809,0.8110
1628392648666000,0,1470.02830000,0.8092
1628392670669000,0,3090.79493000,0.8093
1628392716535000,0,0.00000267,0.8093
1628392716535000,0,3089.28257993,0.8098
1628392746116000,0,3089.82974000,0.8096
1628392746157000,0,0.00000202,0.8096
1628392792680000,1,1658.36284661,0.8098
1628392837517000,1,518.34359800,0.8102
1628392884865000,0,201.68942820,0.8113
1628392920636000,1,589.01152000,0.8109
1628392930375000,0,30.38292318,0.8115
1628392942886000,1,673.10133135,0.8114
1628392978298000,0,0.62005966,0.8115
1628392978313000,0,30.97883847,0.8118
1628392983967000,1,89.55000000,0.8113
1628392986112000,0,0.01216153,0.8118
1628393002644000,0,7790.77683000,0.8117
1628393002924000,0,400.00000000,0.8117
1628393072299000,1,513.50799988,0.8115
1628393095026000,1,405.00000000,0.8121
1628393111183000,0,30.95681309,0.8127
1628393111183000,0,30.95374000,0.8127
1628393111184000,0,0.00000001,0.8127
1628393132038000,0,400.00000000,0.8126
1628393132038000,0,400.00000000,0.8128
1628393132038000,0,1058.89523868,0.8128
1628393194272000,1,7326.53871869,0.8115
1628393194280000,1,3609.87599711,0.8115
1628393194366000,1,488.05800000,0.8112
1628393194433000,1,333.16700000,0.8112
1628393194434000,1,1330.84210000,0.8112
1628393194675000,1,1000.00000000,0.8109
1628393195149000,0,308.00000000,0.8105
1628393196577000,0,399.99999999,0.8108
1628393196594000,0,0.00000001,0.8108
1628393203981000,0,400.00000000,0.8108
1628393204976000,0,400.00000000,0.8110
1628393205043000,0,3084.32883000,0.8110
1628393214786000,1,631.90986323,0.8103
1628393217135000,0,3085.06892000,0.8107
1628393217175000,0,0.00000839,0.8107
1628393222445000,0,3083.90914207,0.8110
1628393222450000,0,0.00000001,0.8110
1628393231914000,0,3426.43711135,0.8114
1628393231917000,0,624.96288865,0.8114
1628393231930000,0,4051.39999999,0.8113
1628393231931000,0,3810.43263412,0.8113
1628393232099000,0,4051.40000000,0.8115
1628393290125000,0,30.89508000,0.8135
1628393304883000,1,3045.83144956,0.8130
1628393348156000,0,3078.03629000,0.8126
1628393351121000,1,500.00000000,0.8128
1628393351455000,1,500.00000000,0.8128
1628393351733000,1,2500.00000000,0.8128
1628393386101000,0,0.00000428,0.8135
1628393394980000,1,965.59893137,0.8139
1628393408891000,1,937.20832967,0.8135
1628393412125000,1,149.49242017,0.8134
1628393425480000,1,806.43473041,0.8130
1628393480126000,1,5125.91653324,0.8117
1628393480739000,0,59.43000000,0.8119
1628393483466000,0,243.21567564,0.8120
1628393509311000,0,3082.67249000,0.8113
1628393509387000,0,0.00000752,0.8113
1628393542744000,0,182.27907062,0.8126
1628393545390000,1,1729.23955780,0.8120
1628393562641000,0,3964.27594400,0.8128
1628393588085000,1,1121.83917486,0.8117
1628393608046000,1,10565.92410000,0.8118
1628393608082000,1,0.00008796,0.8118
1628393682979000,1,400.00000000,0.8113
1628393682979000,1,400.00000000,0.8113
1628393966790000,1,3068.03452455,0.8102
1628393996983000,1,2440.26395314,0.8103
1628394026978000,1,1380.89522868,0.8102
1628394039365000,0,3479.58209000,0.8112
1628394057078000,1,552.78671497,0.8111
1628394082611000,0,3873.32377400,0.8129
1628394166927000,1,1631.87110000,0.8122
1628394166989000,1,6368.12890000,0.8122
1628394195184000,0,3077.55760779,0.8128
1628394195195000,0,6073.27489612,0.8130
1628394385108000,1,1270.54889374,0.8122
1628394385109000,1,113.69477852,0.8122
1628394385110000,1,1847.73202801,0.8122
1628394414134000,0,117.91936907,0.8129
1628394414134000,0,912.27765806,0.8129
1628394414139000,0,2047.29869319,0.8129
1628394448582000,1,1640.11048310,0.8135
1628394478278000,1,641.66549909,0.8141
1628394478820000,0,3071.07878591,0.8145
1628394478820000,0,930.53884434,0.8147
1628394598575000,1,1101.49353008,0.8147
1628394602513000,0,3068.64029502,0.8152
1628394602569000,0,0.00000001,0.8152
1628394718877000,1,2270.82925182,0.8158
1628394742271000,1,33.73620000,0.8152
1628394742325000,1,0.00002512,0.8152
1628394749395000,1,2655.98487000,0.8147
1628394762124000,0,1038.04865143,0.8148
1628394779189000,1,2160.15013933,0.8144
1628394793720000,0,882.45744795,0.8150
1628394793732000,0,882.45744795,0.8150
1628394796970000,0,1303.57922000,0.8150
1628394806106000,0,0.00000802,0.8150
1628394806106000,0,193.80223197,0.8152
1628394839578000,1,1387.54419916,0.8155
1628394867377000,0,3063.28013000,0.8164
1628394869381000,1,400.00000000,0.8171
1628394869381000,1,640.30157500,0.8171
1628394874256000,0,30.18302000,0.8177
1628394875707000,0,0.61598000,0.8177
1628394875707000,0,30.16320778,0.8179
1628394879485000,0,0.62814669,0.8179
1628394879604000,0,2495.51791000,0.8186
1628394879750000,0,0.00000084,0.8186
1628394879750000,0,3000.00000000,0.8187
1628394879750000,0,7195.54632916,0.8187
1628394882099000,0,2527.86170000,0.8196
1628394884051000,1,447.14200000,0.8191
1628394915359000,0,9032.39136000,0.8184
1628394929597000,1,890.05432456,0.8190
1628394959882000,1,602.93330334,0.8189
1628394974179000,0,30.06567538,0.8200
1628395018755000,1,4743.43560000,0.8188
1628395018755000,1,4308.10000000,0.8188
1628395018822000,1,1624.37510000,0.8188
1628395018926000,1,500.00000000,0.8187
1628395019305000,1,452.01420527,0.8186
1628395019375000,1,0.00000001,0.8186
1628395019732000,1,124.60517968,0.8182
1628395019778000,1,3361.52748172,0.8182
1628395020114000,1,1064.60531760,0.8182
1628395020114000,1,380.91530317,0.8182
1628395020217000,1,2300.76105546,0.8182
1628395020229000,1,1817.41524340,0.8182
1628395020268000,1,70.17041897,0.8182
1628395020268000,1,2042.97639762,0.8180
1628395020415000,1,894.71426597,0.8180
1628395020513000,1,67.16000000,0.8179
1628395031269000,1,442.37235000,0.8176
1628395032963000,1,0.00000448,0.8176
1628395041005000,1,448.45879000,0.8169
1628395048292000,0,3060.13119000,0.8174
1628395048294000,0,0.00000771,0.8174
1628395110285000,1,591.37624377,0.8184
1628395140477000,1,999.86721610,0.8182
1628395161387000,0,1058.44651333,0.8196
1628395200628000,1,1758.43375253,0.8182
1628395210187000,0,1517.90657979,0.8196
1628395291174000,1,1583.11515206,0.8188
1628395324545000,0,400.00000000,0.8195
1628395324545000,0,999.99999999,0.8195
1628395324582000,0,0.00000001,0.8195
1628395333774000,0,129.64769944,0.8199
1628395350633000,1,3417.62769991,0.8188
1628395351589000,1,4491.32379697,0.8190
1628395361808000,0,262.26984298,0.8199
1628395374925000,0,0.61358521,0.8200
1628395374925000,0,30.60840000,0.8202
1628395374925000,0,30.63066380,0.8205
1628395374968000,0,0.00000001,0.8205
1628395380391000,1,1410.49111014,0.8201
1628395380999000,0,30.07522000,0.8206
1628395383595000,0,0.61378000,0.8206
1628395383595000,0,400.00000000,0.8209
1628395383595000,0,3047.54350176,0.8209
1628395383601000,0,0.00000001,0.8209
1628395411390000,1,1053.20862472,0.8207
1628395418153000,1,1190.53836000,0.8214
1628395424388000,1,92.93043758,0.8210
1628395441792000,1,2699.56533491,0.8209
1628395444752000,0,4250.74112755,0.8212
1628395489421000,1,488.28593295,0.8197
1628395548228000,1,486.97590219,0.8170
1628395567874000,1,1448.20101428,0.8175
1628395631533000,1,1524.36004197,0.8162
1628395638438000,1,2064.34478776,0.8163
1628395684976000,1,1229.97808897,0.8178
1628395715378000,1,1942.32117825,0.8175
1628395731198000,0,728.46087073,0.8179
1628395745377000,1,2032.61053794,0.8173
1628395835283000,1,1021.22834986,0.8196
1628395882642000,0,3156.21489200,0.8204
1628395884256000,0,1145.92455727,0.8205
1628395921061000,1,324.05704068,0.8209
1628395925391000,1,595.68453561,0.8214
1628395935009000,0,30.56797990,0.8222
1628395951980000,0,8900.00000000,0.8223
1628395951980000,0,6787.87235853,0.8224
1628395955681000,1,1527.48796153,0.8216
1628395985253000,0,30.55600000,0.8225
1628395985371000,0,0.00037218,0.8225
1628395986000000,1,1676.44754070,0.8225
1628396014216000,1,500.00000000,0.8230
1628396015877000,1,886.17858225,0.8230
1628396019284000,1,30.55600000,0.8231
1628396024493000,0,111.15484581,0.8239
1628396024498000,0,0.00000001,0.8239
1628396047472000,1,5859.33950750,0.8225
1628396047796000,1,226.29752882,0.8225
1628396061610000,1,533.02526000,0.8225
1628396134324000,0,400.00000000,0.8225
1628396134325000,0,7717.43030642,0.8225
1628396134325000,0,400.00000000,0.8225
1628396134325000,0,1000.00000000,0.8225
1628396134326000,0,1833.31510046,0.8227
1628396134326000,0,1481.08456049,0.8227
1628396134378000,0,400.00000000,0.8225
1628396165307000,0,30.45824735,0.8243
1628396165307000,0,30.51861457,0.8243
1628396165441000,0,0.00000001,0.8243
1628396177898000,0,91.76920000,0.8260
1628396178034000,0,0.00000553,0.8260
1628396180758000,0,6205.25226000,0.8271
1628396185499000,1,1438.00641480,0.8254
1628396185549000,1,1561.99358520,0.8254
1628396191007000,1,92.42401723,0.8240
1628396245527000,0,3035.70065000,0.8240
1628396250697000,1,690.44711667,0.8230
1628396266638000,0,3038.55144000,0.8232
1628396302488000,1,0.00000945,0.8225
1628396303471000,1,8831.00232000,0.8219
1628396303677000,1,0.00000391,0.8219
1628396304369000,1,4000.00000000,0.8216
1628396304484000,1,3778.25142000,0.8216
1628396304543000,1,4000.00000000,0.8216
1628396317373000,1,0.00000398,0.8216
1628396332916000,0,3000.00000000,0.8216
1628396349201000,0,397.93023255,0.8217
1628396381725000,1,5000.00000000,0.8205
1628396422342000,1,3000.00000000,0.8225
1628396422342000,1,8900.00000000,0.8225
1628396422342000,1,8486.09151162,0.8225
1628396422342000,1,8900.00000000,0.8224
1628396422342000,1,9090.30669853,0.8224
1628396422342000,1,45934.03260000,0.8224
1628396422342000,1,400.00000000,0.8224
1628396422342000,1,4308.10000000,0.8223
1628396422342000,1,10216.72364949,0.8223
1628396422342000,1,2128.37627389,0.8223
1628396422342000,1,17227.45080000,0.8222
1628396422342000,1,430.49665735,0.8222
1628396422391000,0,8900.00000000,0.8220
1628396422406000,0,535.20000000,0.8220
1628396422417000,0,8627.17565095,0.8220
1628396422417000,0,85035.00165000,0.8220
1628396422462000,0,9800.00000000,0.8220
1628396422464000,0,6299.49180000,0.8220
1628396422496000,0,7000.00000000,0.8220
1628396422567000,0,13500.00000000,0.8220
1628396422596000,0,79.09370000,0.8220
1628396422607000,0,30386.65698267,0.8220
1628396422623000,0,95.28350000,0.8220
1628396422631000,0,4500.00000000,0.8220
1628396422652000,0,143.96140000,0.8220
1628396422653000,0,74828.80974050,0.8220
1628396481649000,0,10076.00000000,0.8227
1628396497642000,1,4315.77740299,0.8231
1628396508055000,1,52.32990000,0.8234
1628396527722000,1,517.77970927,0.8238
1628396530784000,1,400.00000000,0.8239
1628396590994000,0,8804.07956986,0.8236
1628396590994000,0,7784.92043014,0.8236
1628396602677000,0,8639.75100764,0.8237
1628396602677000,0,400.00000000,0.8238
1628396602677000,0,1563.78959836,0.8238
1628396665432000,1,59.85990000,0.8237
1628396717194000,1,400.00000000,0.8244
1628396717240000,1,13457.68947673,0.8244
1628396717260000,1,3540.67722327,0.8244
1628396732317000,0,2077.74941487,0.8256
1628396733202000,0,2120.15246000,0.8255
1628396749186000,1,275.07953434,0.8255
1628396777488000,1,52.17480000,0.8271
1628396780679000,1,135.20000000,0.8271
1628396800154000,1,5120.15246000,0.8252
1628396842609000,0,8900.00000000,0.8252
1628396842609000,0,8569.97077884,0.8253
1628396842609000,0,8900.00000000,0.8253
1628396842609000,0,3031.70170863,0.8253
1628396842609000,0,400.00000000,0.8253
1628396842609000,0,1000.00000000,0.8254
1628396842609000,0,2120.15246415,0.8254
1628396842609000,0,3045.57096794,0.8254
1628396842609000,0,10675.91070017,0.8254
1628396842609000,0,2418.84760927,0.8254
1628396858304000,1,8635.47862000,0.8245
1628397020606000,1,80.67284000,0.8250
1628397020608000,1,0.00000400,0.8250
1628397021230000,1,2406.57970344,0.8245
1628397026996000,1,124.99999999,0.8245
1628397027003000,1,0.00000001,0.8245
1628397039022000,0,138.97373708,0.8232
1628397084147000,0,72.10690859,0.8217
1628397152532000,1,8839.92560000,0.8220
1628397152536000,1,0.00007178,0.8220
1628397152536000,1,8629.71542822,0.8220
1628397244166000,1,3046.21424681,0.8204
1628397244186000,1,0.00000001,0.8204
1628397244816000,1,2120.62910000,0.8202
1628397244910000,1,0.00005188,0.8202
1628397294992000,1,1000.09879347,0.8205
1628397295756000,1,1120.53035000,0.8205
1628397295761000,1,0.00000841,0.8205
1628397429655000,0,999.00000000,0.8223
1628397430999000,0,1548.40000000,0.8223
1628397530610000,1,2413.66900000,0.8213
1628397530769000,1,2196.59984319,0.8208
1628397530771000,1,803.40015681,0.8208
1628397530896000,0,2120.62912483,0.8208
1628397531018000,0,400.00000000,0.8208
1628397531072000,1,400.00000000,0.8208
1628397531149000,1,421.13194405,0.8208
1628397531205000,0,400.00000000,0.8211
1628397531205000,0,1949.12100000,0.8211
1628397531311000,1,5558.23890000,0.8208
1628397531938000,1,0.00000244,0.8208
1628397532023000,1,305.00000000,0.8199
1628397540744000,0,3000.00000000,0.8202
1628397540924000,0,4836.68181000,0.8202
1628397540991000,0,3874.15829000,0.8202
1628397559916000,1,368.01207143,0.8182
1628397560495000,0,400.00000000,0.8185
1628397562609000,0,3000.00000000,0.8188
1628397562609000,0,178.09593500,0.8188
1628397589078000,1,1246.29686051,0.8182
1628397590138000,1,237.69748686,0.8184
1628397601267000,1,244.14297156,0.8180
1628397641702000,1,1735.56697016,0.8188
1628397649004000,0,1220.82750582,0.8178
1628397650774000,1,10753.72113509,0.8178
1628397650774000,1,5846.23886491,0.8177
1628397685734000,1,30.56161329,0.8162
1628397685734000,1,3696.20000000,0.8162
1628397685734000,1,2131.50922131,0.8160
1628397685734000,1,400.00000000,0.8159
1628397685734000,1,1489.96022983,0.8158
1628397710615000,0,3060.04220000,0.8173
1628397731796000,1,4006.05168229,0.8183
1628397735767000,1,3435.60458362,0.8182
1628397744533000,1,2557.47620000,0.8183
1628397744722000,1,1000.00000000,0.8183
1628397744782000,1,2834.20049000,0.8183
1628397767830000,1,60.00000000,0.8178
1628397788142000,1,60.00000000,0.8170
1628397788577000,1,395.25019007,0.8170
1628397788598000,1,2944.74980993,0.8170
1628397796595000,0,5500.00000000,0.8168
1628397851102000,0,3059.52534000,0.8174
1628397851985000,1,554.37149845,0.8169
1628397856231000,0,0.00000107,0.8174
1628397856231000,0,3058.57708893,0.8177
1628397881885000,1,580.96788649,0.8178
1628397912075000,1,3198.56519508,0.8163
1628397954389000,0,106.24196808,0.8164
1628398002186000,1,2221.82060151,0.8167
1628398032995000,1,522.47002536,0.8160
1628398062556000,1,1685.54233139,0.8162
1628398122687000,0,2131.50922132,0.8166
1628398122687000,0,2844.12288668,0.8166
1628398150663000,1,1059.59150000,0.8153
1628398152229000,1,30.59722545,0.8153
1628398152229000,1,7497.94950684,0.8148
1628398165766000,0,3341.14290100,0.8150
1628398168036000,0,85.67041100,0.8150
1628398252589000,1,306.26370530,0.8160
1628398282674000,1,8900.00000000,0.8173
1628398282674000,1,3057.94799933,0.8172
1628398282674000,1,400.00000000,0.8172
1628398282674000,1,7254.04073267,0.8172
1628398311663000,0,3063.99250000,0.8164
1628398355001000,0,585.99701800,0.8147
1628398362565000,0,3069.60859000,0.8147
1628398364374000,1,400.00000000,0.8146
1628398364374000,1,1176.56659686,0.8146
1628398372747000,1,306.15118970,0.8148
1628398382056000,1,2500.00000000,0.8152
1628398438226000,0,7500.00000000,0.8164
1628398492837000,1,306.56415161,0.8166
1628398544889000,1,1503.79365372,0.8174
1628398590832000,0,2003.53391436,0.8181
1628398598794000,1,8044.58445153,0.8174
1628398602398000,1,208.00615006,0.8172
1628398693734000,1,3056.64116549,0.8176
1628398694228000,1,457.59750000,0.8172
1628398694241000,1,0.00005916,0.8172
1628398785185000,1,312.84635388,0.8169
1628398805561000,0,8430.00000000,0.8177
1628398815595000,1,740.50304138,0.8175
1628398831972000,0,896.96305132,0.8174
1628398868971000,1,388.88100000,0.8149
1628398870263000,1,0.00009900,0.8149
1628398870604000,0,179.68298100,0.8149
1628398872242000,1,112.62800100,0.8141
1628398875797000,1,661.79001425,0.8140
1628398877254000,1,7813.66550000,0.8140
1628398877431000,0,2994.99647800,0.8143
1628398877643000,0,229.11371400,0.8143
1628398877981000,1,341.89088032,0.8140
1628398877984000,1,3678.11683835,0.8140
1628398882569000,0,3357.15849500,0.8138
1628398905664000,1,268.64115902,0.8130
1628398906134000,1,236.35884098,0.8130
1628398906134000,1,30.68718629,0.8129
1628398906137000,1,0.00000001,0.8129
1628398916993000,0,400.00000000,0.8138
1628398917194000,0,1000.00000000,0.8138
1628398939534000,0,2375.20590083,0.8135
1628398955026000,0,1379.19972007,0.8145
1628398962559000,1,3572.04692300,0.8137
1628398964173000,1,91.00000000,0.8137
1628398965790000,1,3032.30569750,0.8137
1628398989839000,1,706.96061748,0.8124
1628398995964000,1,400.00000000,0.8131
1628398995964000,1,41.61642652,0.8131
1628399056122000,1,6437.92464387,0.8127
1628399058563000,1,30.72233511,0.8119
1628399086435000,1,3457.01545155,0.8117
1628399101119000,0,118.92000000,0.8123
1628399109000000,1,716.37797147,0.8111
1628399185122000,1,327.02952800,0.8113
1628399275219000,1,635.58987176,0.8136
1628399387385000,1,1377.78457206,0.8140
1628399417875000,1,598.03466546,0.8143
1628399435965000,0,4194.19999999,0.8143
1628399447877000,1,3717.46907430,0.8136
1628399450743000,0,3072.34190000,0.8142
1628399451212000,0,0.00006994,0.8142
1628399472849000,1,2346.57358567,0.8140
1628399526592000,0,3068.46749878,0.8152
1628399526592000,0,2624.16200432,0.8153
1628399538390000,1,1738.25502264,0.8149
1628399598876000,1,2143.65964612,0.8144
1628399598876000,1,5097.28228143,0.8142
1628399658587000,1,1847.89317488,0.8144
1628399688781000,1,1416.98118841,0.8143
1628399702447000,0,3068.54777000,0.8152
1628399704714000,0,4194.20000000,0.8156
1628399718900000,1,1339.40931962,0.8146
1628399723302000,0,242.21633489,0.8153
1628399749323000,1,615.86543529,0.8147
1628399761890000,0,9238.99186000,0.8154
1628399781369000,0,121.14272920,0.8151
1628399792554000,1,702.17000000,0.8145
1628399792730000,1,260.99974768,0.8145
1628399824226000,0,3072.13260000,0.8141
1628399853250000,0,0.00000038,0.8141
1628399853250000,0,2143.65964613,0.8145
1628399853250000,0,926.80330349,0.8146
1628399922637000,1,4114.86537400,0.8145
1628399963384000,0,899.07502789,0.8154
1628399997878000,0,8867.65169467,0.8169
1628399997878000,0,543.96400533,0.8169
1628400000933000,0,3060.66025792,0.8174
1628400000933000,0,2143.65964613,0.8175
1628400003444000,0,400.00000000,0.8176
1628400003444000,0,1743.65964600,0.8176
1628400009264000,0,30.72233511,0.8180
1628400009264000,0,2143.65964613,0.8181
1628400009264000,0,4119.60000000,0.8182
1628400050278000,1,1263.12467133,0.8176
1628400070488000,0,3057.16496000,0.8183
1628400080477000,1,400.00000000,0.8182
1628400080477000,1,427.09437751,0.8182
1628400140389000,1,832.16557949,0.8177
1628400166067000,0,2299.08978165,0.8184
1628400181121000,0,3056.77825000,0.8183
1628400200893000,1,847.02896577,0.8180
1628400291191000,1,2371.16274690,0.8187
1628400321189000,1,1192.63850671,0.8187
1628400347575000,0,3053.00570018,0.8193
1628400347579000,0,0.00000001,0.8193
1628400352081000,1,1228.00742291,0.8191
1628400362656000,0,3051.68404951,0.8195
1628400362656000,0,160.44911949,0.8196
1628400373553000,0,66.01029900,0.8198
1628400373553000,0,30.68718628,0.8198
1628400373877000,0,0.00000001,0.8198
1628400381528000,1,2052.81519782,0.8193
1628400383830000,0,894.41336863,0.8197
1628400413934000,0,3056.02453000,0.8185
1628400416408000,0,3055.30690000,0.8185
1628400421077000,0,1158.85833591,0.8189
1628400443769000,0,3050.55874000,0.8199
1628400443776000,0,0.00000845,0.8199
1628400444083000,0,585.84735000,0.8195
1628400444104000,0,0.00000200,0.8195
1628400446808000,0,3050.14978000,0.8201
1628400472080000,1,1255.68205165,0.8201
1628400474834000,1,2587.78316579,0.8201
1628400474834000,1,462.31050859,0.8200
1628400476520000,0,400.00000000,0.8204
1628400476520000,0,9150.41087117,0.8204
1628400476520000,0,8900.00000000,0.8204
1628400476520000,0,1462.80669904,0.8205
1628400476520000,0,400.00000000,0.8206
1628400476520000,0,1000.00000000,0.8206
1628400476520000,0,1801.33798010,0.8206
1628400476520000,0,2133.03352394,0.8207
1628400476520000,0,3869.20000000,0.8207
1628400476520000,0,8303.58056818,0.8207
1628400476520000,0,8558.80127522,0.8207
1628400476520000,0,11511.02988760,0.8208
1628400476520000,0,10585.13954553,0.8209
1628400476520000,0,10100.00000000,0.8209
1628400476520000,0,1841.18492882,0.8209
1628400476567000,1,9059.85729073,0.8210
1628400476571000,1,400.00000000,0.8210
1628400476571000,1,59207.86927000,0.8210
1628400476580000,1,8700.00000000,0.8210
1628400476584000,1,10100.00000000,0.8210
1628400476596000,1,8668.04946009,0.8210
1628400476596000,1,30496.54481191,0.8210
1628400476617000,1,13737.56920000,0.8210
1628400476618000,1,25862.33970000,0.8210
1628400476639000,1,9150.41087117,0.8210
1628400476639000,1,3049.57699619,0.8210
1628400476639000,1,6099.63475752,0.8210
1628400476647000,1,8700.00000000,0.8210
1628400476681000,1,4000.00000000,0.8210
1628400476782000,1,8700.00000000,0.8210
1628400476931000,1,400.00000000,0.8210
1628400476986000,1,3216.05200000,0.8210
1628400477180000,1,30498.06165485,0.8210
1628400477196000,1,2035.76438154,0.8210
1628400477253000,1,22719.74783286,0.8210
1628400477254000,1,685.61572254,0.8210
1628400477299000,1,8700.00000000,0.8210
1628400477691000,1,30488.94433636,0.8210
1628400477724000,1,157.81877966,0.8210
1628400477764000,1,420.58371861,0.8210
1628400477790000,1,951.92483852,0.8210
1628400477971000,1,291.17072310,0.8210
1628400478023000,1,91000.00000000,0.8210
1628400478189000,1,30488.05305340,0.8210
1628400478523000,1,653.75602649,0.8210
1628400478732000,1,6097.99551253,0.8210
1628400478733000,1,3048.99775627,0.8210
1628400478839000,1,1816.64597979,0.8210
1628400479023000,1,1511.77435368,0.8210
1628400479030000,1,304.79136272,0.8210
1628400479105000,1,1503.19372559,0.8210
1628400479198000,1,2502.63419179,0.8210
1628400479223000,1,174.35707022,0.8210
1628400479223000,1,267.64292978,0.8201
1628400485775000,0,48.09654399,0.8212
1628400495702000,1,4320.97643344,0.8206
1628400502180000,1,2285.96028721,0.8204
1628400518206000,0,30.59720000,0.8214
1628400520557000,1,585.38972600,0.8210
1628400524547000,0,0.00002545,0.8214
1628400524547000,0,30.56157455,0.8215
1628400528416000,1,1516.90238265,0.8211
1628400566754000,0,400.00000000,0.8211
1628400594223000,0,108.29000000,0.8207
1628400617235000,0,0.00003874,0.8215
1628400617235000,0,1833.98457126,0.8215
1628400620434000,0,399.99999999,0.8218
1628400638988000,0,400.00000000,0.8221
1628400653081000,1,847.43414163,0.8215
1628400663920000,0,399.99999999,0.8220
1628400663920000,0,0.00000001,0.8220
1628400681347000,1,608.86517148,0.8219
1628400683084000,1,564.37645363,0.8219
1628400687781000,1,1631.75840234,0.8219
1628400691505000,1,585.05046300,0.8219
1628400694787000,0,4500.00000000,0.8223
1628400694859000,0,4254.35419000,0.8223
1628400694865000,0,0.00000419,0.8223
1628400713275000,1,559.10629147,0.8219
1628400774485000,1,736.69759380,0.8218
1628400781699000,0,5511.66120000,0.8223
1628400781722000,0,5567.49140000,0.8223
1628400781776000,0,11341.41472428,0.8223
1628400781776000,0,21158.58527572,0.8223
1628400781845000,0,16988.33880000,0.8223
1628400782083000,0,5773.92332000,0.8223
1628400782088000,0,0.00000428,0.8223
1628400795600000,1,584.87931500,0.8223
1628400801647000,1,403.77458196,0.8223
1628400802041000,1,4272.15189874,0.8223
1628400808627000,0,10737.73788000,0.8227
1628400808687000,0,29262.26212000,0.8227
1628400826440000,1,918.22475796,0.8228
1628400830167000,0,484.68000000,0.8232
1628400834890000,1,702.92369276,0.8228
1628400841252000,1,4284.84479610,0.8223
1628400841770000,0,400.00000000,0.8228
1628400841770000,0,1843.37173690,0.8228
1628400841770000,0,9016.95362114,0.8230
1628400841770000,0,8900.00000000,0.8230
1628400841770000,0,564.82246109,0.8230
1628400841770000,0,2122.29279503,0.8230
1628400841770000,0,8275.69390855,0.8231
1628400841770000,0,6082.35189473,0.8231
1628400841770000,0,1823.38362854,0.8231
1628400841770000,0,1332.30353884,0.8232
1628400841770000,0,400.00000000,0.8232
1628400841770000,0,7305.31551750,0.8233
1628400841770000,0,10584.06126277,0.8233
1628400841770000,0,7642.27246742,0.8233
1628400841770000,0,9122.78283133,0.8234
1628400841770000,0,32635.66000000,0.8234
1628400841799000,1,3040.52856613,0.8235
1628400841895000,1,1000.00000000,0.8235
1628400841898000,1,52762.26212000,0.8235
1628400841953000,1,31000.00000000,0.8235
1628400842015000,1,30401.08041938,0.8235
1628400842016000,1,12500.00000000,0.8235
1628400842064000,1,4000.00000000,0.8235
1628400842072000,1,15500.00000000,0.8235
1628400842128000,1,400.00000000,0.8235
1628400842132000,1,85.30000000,0.8235
1628400842229000,1,32544.58000000,0.8235
1628400842302000,1,364.59198489,0.8235
1628400842314000,1,1822.79967637,0.8235
1628400842457000,1,1811.51501643,0.8235
1628400842536000,1,502.06440987,0.8235
1628400842622000,1,203.67088883,0.8235
1628400842698000,1,1827.83705761,0.8235
1628400842923000,1,879.53209302,0.8235
1628400843008000,1,1447.28774940,0.8235
1628400843127000,1,3039.52927889,0.8235
1628400844367000,1,1835.62662804,0.8235
1628400844515000,1,1834.11569437,0.8235
1628400845014000,0,6079.34580000,0.8235
1628400845229000,1,1834.00802014,0.8235
1628400845509000,1,3328.26847625,0.8235
1628400845509000,1,1313.73152375,0.8235
1628400845567000,1,108.93490639,0.8235
1628400845583000,1,2444.56457864,0.8235
1628400846295000,1,547.64180998,0.8235
1628400847733000,0,1809.33001000,0.8236
1628400847935000,0,1821.90366000,0.8239
1628400851312000,1,4278.07486631,0.8236
1628400854808000,1,4291.27157792,0.8236
1628400854838000,1,3068.85819911,0.8236
1628400854919000,1,2394.32168988,0.8236
1628400854954000,1,419.62844304,0.8236
1628400854954000,1,261.06537844,0.8235
1628400855835000,1,685.98000000,0.8235
1628400855875000,1,1799.53229587,0.8235
1628400855879000,1,4281.48704281,0.8235
1628400856103000,1,22737.00000000,0.8235
1628400858366000,0,400.00000000,0.8238
1628400858451000,0,1794.63212000,0.8238
1628400863699000,0,1797.59737894,0.8241
1628400863800000,0,399.99999999,0.8242
1628400863810000,0,0.00000001,0.8242
1628400876275000,0,400.00000000,0.8248
1628400878124000,0,1825.13998981,0.8251
1628400879817000,1,1817.84541376,0.8249
1628400880311000,1,4215.59405240,0.8246
1628400888653000,1,78.94760000,0.8253
1628400898522000,0,400.00000000,0.8263
1628400903635000,0,4194.78841000,0.8261
1628400903701000,0,4000.00000000,0.8261
1628400903873000,0,883.54309000,0.8261
1628400904330000,0,400.00000000,0.8263
1628400904417000,0,1000.00000000,0.8263
1628400904484000,0,3028.60208000,0.8264
1628400904845000,0,0.00000432,0.8264
1628400904845000,0,399.99999568,0.8264
1628400904880000,0,0.00000432,0.8264
1628400908594000,1,308.69161471,0.8259
1628400914716000,0,3028.48032984,0.8263
1628400914717000,0,0.00000001,0.8263
1628400924368000,1,185.21496883,0.8259
1628400924515000,1,4180.29807342,0.8259
1628400924623000,1,4241.39602520,0.8259
1628400924651000,1,189.93057588,0.8259
1628400924651000,1,4098.89908247,0.8259
1628400924939000,1,2422.74472750,0.8259
1628400925138000,1,308.69000000,0.8259
1628400926644000,1,4279.30658263,0.8259
1628400927964000,1,2424.15427317,0.8255
1628400928179000,1,4231.84188190,0.8255
1628400928759000,1,308.69000000,0.8255
1628400929275000,1,308.00000000,0.8253
1628400930889000,0,399.99999999,0.8260
1628400935088000,0,3028.33064774,0.8263
1628400935088000,0,400.00000000,0.8264
1628400935088000,0,24210.49450000,0.8264
1628400935088000,0,1000.00000000,0.8264
1628400935517000,1,400.00000000,0.8265
1628400936182000,1,15040.00000000,0.8265
1628400936263000,1,11712.14517000,0.8265
1628400936312000,1,14500.00000000,0.8265
1628400936340000,1,3028.36979114,0.8265
1628400936463000,1,30286.06130644,0.8265
1628400936980000,1,30286.36726291,0.8265
1628400936980000,1,240.92904191,0.8265
1628400937113000,1,191.19316362,0.8265
1628400937427000,1,3028.36979114,0.8265
1628400937705000,1,31.04000000,0.8265
1628400938798000,1,15040.00000000,0.8265
1628400938978000,1,8509.60226585,0.8265
1628400940147000,1,3028.36906032,0.8265
1628400942194000,0,3028.00068000,0.8265
1628400942257000,0,0.00000863,0.8265
1628400942257000,0,10999.99999137,0.8265
1628400942655000,0,6000.00000000,0.8265
1628400942718000,0,4500.00000000,0.8265
1628400942749000,1,11202.00000000,0.8265
1628400942902000,0,1840.45294000,0.8266
1628400942969000,0,0.00000522,0.8266
1628400951519000,1,12698.92674431,0.8265
1628400952081000,1,790.66400000,0.8265
1628400954473000,0,400.00000000,0.8267
1628400954609000,0,1000.00000000,0.8267
1628400955078000,1,3549.04326409,0.8265
1628400956613000,0,399.99999999,0.8267
1628400956617000,0,0.00000001,0.8267
1628400956652000,0,1000.00000000,0.8268
1628400956775000,0,1812.16211000,0.8268
1628400957128000,0,0.00000312,0.8268
1628400957128000,0,1833.37363652,0.8270
1628400957130000,0,0.00000313,0.8270
1628400957157000,0,3698.07635789,0.8273
1628400957337000,1,400.00000000,0.8273
1628400957570000,0,1000.00000000,0.8276
1628400960375000,1,4253.14357061,0.8271
1628400960846000,0,1810.28857000,0.8275
1628400960926000,0,400.00000000,0.8275
1628400960994000,0,1000.00000000,0.8276
1628400964346000,0,400.00000000,0.8278
1628400967011000,1,151.90000000,0.8271
1628400973352000,0,400.00000000,0.8272
1628400978239000,1,2122.29279502,0.8266
1628400978239000,1,262.52186735,0.8266
1628400978360000,1,4334.67401100,0.8265
1628400978403000,1,3546.17635789,0.8265
1628400978403000,1,4652.89726862,0.8265
1628400978403000,1,95.91305307,0.8265
1628400978553000,1,4287.27140607,0.8265
1628400979102000,1,242.27740765,0.8265
1628400979285000,1,1211.38703815,0.8265
1628400979326000,1,7074.50030284,0.8265
1628400983822000,1,4228.25296827,0.8265
1628400990315000,0,400.00000000,0.8269
1628401002583000,0,400.00000000,0.8270
1628401010401000,1,4190.55519998,0.8268
1628401013495000,1,113.92000000,0.8265
1628401014358000,1,13000.00000000,0.8265
1628401014372000,1,4167.67627817,0.8265
1628401014413000,1,6500.00000000,0.8265
1628401014444000,1,4241.39602520,0.8265
1628401014469000,1,7500.00000000,0.8265
1628401014471000,1,2398.19771807,0.8265
1628401014524000,1,5000.00000000,0.8265
1628401014564000,1,309.19315883,0.8265
1628401014575000,1,4000.00000000,0.8265
1628401014633000,1,4500.00000000,0.8265
1628401014701000,1,1434.09791205,0.8265
1628401014789000,1,1759.94657621,0.8265
1628401014790000,1,1222.17856553,0.8265
1628401014985000,1,1497.15614473,0.8265
1628401015197000,1,3635.68716126,0.8265
1628401015199000,1,1818.03267021,0.8265
1628401015346000,1,498.28715357,0.8265
1628401015465000,1,2398.57539160,0.8265
1628401016172000,1,113.00000000,0.8265
1628401016338000,1,766.15751677,0.8265
1628401016440000,1,2398.92411888,0.8265
1628401016788000,1,303.00000000,0.8265
1628401016952000,1,3054.64262251,0.8265
1628401016955000,1,1752.92337021,0.8265
1628401017096000,1,560.42088280,0.8265
1628401017127000,1,3076.76426036,0.8265
1628401017128000,1,1818.59697197,0.8265
1628401017129000,1,535.43153929,0.8265
1628401017132000,1,3637.31176966,0.8265
1628401017133000,1,1818.84886273,0.8265
1628401017133000,1,1818.14581779,0.8265
1628401017283000,1,1826.20000000,0.8265
1628401017284000,1,3028.17768281,0.8265
1628401017290000,1,1780.74258535,0.8265
1628401017301000,1,8500.00000000,0.8265
1628401017315000,1,448.48484848,0.8265
1628401017476000,1,1841.14885509,0.8265
1628401017506000,1,8500.00000000,0.8265
1628401017517000,1,2211.31470920,0.8265
1628401017517000,1,1697.60993277,0.8265
1628401017518000,1,3392.83066933,0.8265
1628401017519000,1,1819.08629292,0.8265
1628401017522000,1,278.50725816,0.8265
1628401017594000,1,8500.00000000,0.8265
1628401017597000,1,799.45141646,0.8265
1628401017697000,1,751.08835382,0.8265
1628401017722000,1,1575.14090365,0.8265
1628401017779000,1,1793.09100185,0.8265
1628401017820000,1,375.52798264,0.8265
1628401017905000,1,2658.59277344,0.8265
1628401017997000,1,85.44000000,0.8265
1628401018104000,1,944.48363773,0.8265
1628401018105000,1,2064.15455671,0.8265
1628401018105000,1,1691.13767599,0.8265
1628401018106000,1,1819.17468877,0.8265
1628401018254000,1,8620.49551949,0.8265
1628401018289000,1,4261.00000000,0.8259
1628401018289000,1,154.76873351,0.8259
1628401018522000,1,1528.41907717,0.8259
1628401019103000,1,169.00000000,0.8256
1628401019525000,1,134.00000000,0.8256
1628401020089000,1,363.39705355,0.8256
1628401021022000,1,29.13385459,0.8254
1628401021036000,1,29.13385459,0.8254
1628401022906000,0,399.99999999,0.8256
1628401022973000,0,400.00000000,0.8256
1628401023568000,0,399.99999999,0.8258
1628401025343000,0,400.00000000,0.8260
1628401025343000,0,400.00000000,0.8260
1628401026174000,0,399.99999999,0.8264
1628401026175000,0,0.00000001,0.8264
1628401030975000,0,400.00000000,0.8263
1628401033872000,1,4280.34436765,0.8255
1628401035005000,1,408.55405983,0.8255
1628401035226000,1,289.07076894,0.8255
1628401035272000,1,593.55705138,0.8255
1628401038146000,1,1104.23492295,0.8251
1628401038376000,1,4502.46400908,0.8248
1628401038389000,1,449.08362665,0.8248
1628401038608000,1,3118.55357359,0.8248
1628401041008000,1,472.91869229,0.8247
1628401042392000,0,400.00000000,0.8252
1628401044978000,1,1784.25559461,0.8248
1628401045988000,1,1350.92173552,0.8248
1628401052494000,0,400.00000000,0.8252
1628401053894000,1,1847.54000001,0.8248
1628401057893000,0,3032.86516000,0.8250
1628401057912000,0,0.00000330,0.8250
1628401071642000,0,3032.96020000,0.8250
1628401074111000,0,0.00000611,0.8250
1628401074111000,0,3032.13105219,0.8252
1628401075339000,1,2277.81442290,0.8249
1628401082818000,0,399.99999999,0.8253
1628401083060000,0,1807.77851819,0.8254
1628401087922000,0,3031.87664421,0.8253
1628401087923000,0,0.00000001,0.8253
1628401089929000,1,8353.77785455,0.8249
1628401103902000,0,1796.80116321,0.8253
1628401103902000,0,2644.73157965,0.8253
1628401105382000,1,1330.28157948,0.8249
1628401106382000,1,330.81467687,0.8249
1628401114679000,0,86.93766145,0.8250
1628401114682000,0,0.00000001,0.8250
1628401126159000,1,351.93320564,0.8247
1628401126202000,1,485.42511104,0.8247
1628401127445000,1,1119.43139021,0.8244
1628401127500000,1,4224.83914046,0.8244
1628401127525000,1,485.42511104,0.8244
1628401127591000,1,2451.72409607,0.8244
1628401127689000,1,415.03085916,0.8244
1628401127689000,1,297.75072416,0.8244
1628401127747000,1,1092.20649985,0.8244
1628401135213000,1,2657.00000000,0.8238
1628401135317000,1,6398.15298919,0.8238
1628401138033000,1,4291.79331306,0.8236
1628401143638000,1,2014.81937523,0.8236
1628401150300000,1,947.06893634,0.8237
1628401152599000,0,1801.33944000,0.8242
1628401165980000,1,3637.95341174,0.8237
1628401195679000,1,3182.26366728,0.8240
1628401202263000,0,1823.43454429,0.8247
1628401206556000,0,1799.54179594,0.8250
1628401218739000,0,6565.76564000,0.8250
1628401225630000,1,2170.09554660,0.8248
1628401231633000,0,0.00000565,0.8250
1628401231633000,0,1803.44550435,0.8254
1628401256591000,1,1465.25702077,0.8250
1628401260885000,1,1008.86848610,0.8248
1628401322494000,1,562.22309415,0.8259
1628401323880000,1,5620.38332327,0.8244
1628401323951000,1,303.00000000,0.8244
1628401323958000,1,1783.22594507,0.8244
1628401323963000,1,1845.46520493,0.8244
1628401323963000,1,7712.69257393,0.8244
1628401323965000,1,386.92410280,0.8244
1628401324052000,1,2961.81422070,0.8244
1628401335073000,1,456.53989837,0.8227
1628401345243000,0,400.00000000,0.8235
1628401345243000,0,390.05923281,0.8235
1628401351312000,0,400.00000000,0.8232
1628401353633000,1,436.76227927,0.8231
1628401372504000,1,486.26999908,0.8229
1628401405618000,0,890.18217619,0.8227
1628401407533000,0,2150.19147000,0.8227
1628401415273000,0,0.00000228,0.8227
1628401437444000,1,2761.50324171,0.8230
1628401450668000,0,3039.28568000,0.8230
1628401456506000,0,0.00000785,0.8230
1628401456506000,0,3039.21440215,0.8230
1628401457613000,0,0.00000931,0.8230
1628401457613000,0,3039.21440069,0.8230
1628401484977000,0,3038.93482369,0.8231
1628401493129000,1,506.55715095,0.8228
1628401495564000,1,499.75000000,0.8228
1628401497083000,1,1802.16049814,0.8228
1628401501249000,0,3037.59165000,0.8235
1628401501271000,0,0.00000040,0.8235
1628401502903000,1,4922.50441622,0.8237
1628401537749000,1,11827.32461841,0.8238
1628401537752000,1,2291.28886232,0.8238
1628401539967000,0,3038.26494000,0.8233
1628401557116000,0,0.00000002,0.8233
1628401557116000,0,3037.30712998,0.8234
1628401558873000,0,3036.71746000,0.8236
1628401573184000,0,3037.32525000,0.8234
1628401604587000,0,3038.16082000,0.8231
1628401610138000,0,3038.72826000,0.8230
1628401613181000,0,0.00000032,0.8230
1628401613181000,0,0.00000965,0.8231
1628401613181000,0,3038.26641003,0.8231
1628401628961000,0,3037.60009000,0.8233
1628401630606000,0,0.00000376,0.8234
1628401677951000,1,2042.64709949,0.8234
1628401687432000,1,202.45523136,0.8230
1628401692413000,1,650.00000000,0.8230
1628401692607000,1,2014.18455313,0.8229
1628401692795000,1,656.90232833,0.8229
1628401693242000,1,7584.13340000,0.8229
1628401724444000,0,3038.09160000,0.8232
1628401725826000,0,0.00000100,0.8236
1628401738087000,1,894.23115861,0.8235
1628401842683000,1,26665.19000000,0.8228
1628401842683000,1,3037.41549699,0.8228
1628401842683000,1,10498.05628547,0.8227
1628401842683000,1,11451.74700000,0.8226
1628401842683000,1,11885.79937011,0.8226
1628401842683000,1,8677.54802713,0.8226
1628401842683000,1,3346.23506630,0.8226
1628401882885000,1,5000.00000000,0.8219
1628401888567000,0,121.03000000,0.8220
1628401903128000,0,6272.15854000,0.8213
1628401903203000,0,2407.19787000,0.8213
1628401909660000,1,400.00000000,0.8214
1628401909660000,1,572.58394730,0.8213
1628401962663000,0,8900.00000000,0.8234
1628401962663000,0,300.04368900,0.8234
1628401979489000,1,951.79807346,0.8227
1628402009111000,1,400.00000000,0.8226
1628402009111000,1,345.61094838,0.8226
1628402017755000,0,2369.00000000,0.8228
1628402039186000,1,949.62612747,0.8224
1628402053500000,1,242.40972756,0.8222
1628402090735000,1,9019.70262376,0.8206
1628402090758000,1,3928.37030131,0.8206
1628402090765000,1,7844.61826066,0.8206
1628402090766000,1,3557.26306814,0.8206
1628402090771000,1,626.40262131,0.8206
1628402090772000,1,1473.99873107,0.8206
1628402090773000,1,1329.69172232,0.8206
1628402114929000,0,3000.00000000,0.8212
1628402117706000,0,588.02700000,0.8219
1628402117957000,0,2119.97215000,0.8219
1628402125370000,0,2119.97215169,0.8236
1628402126206000,1,2119.97215169,0.8244
1628402126418000,1,399.99999999,0.8244
1628402126419000,1,0.00000001,0.8244
1628402126553000,0,303.00000000,0.8249
1628402127719000,1,472.90733521,0.8233
1628402128932000,0,535.20000000,0.8229
1628402128933000,0,1584.77215169,0.8229
1628402130912000,0,2119.97215000,0.8232
1628402130971000,0,0.00000169,0.8232
1628402135476000,1,430.83576101,0.8225
1628402136439000,0,278.35462000,0.8234
1628402152977000,1,1000.00000000,0.8240
1628402159487000,1,1343.66953289,0.8238
1628402169008000,0,7500.00000000,0.8242
1628402169074000,0,7452.10950000,0.8242
1628402170622000,1,2119.97215168,0.8240
1628402170622000,1,2736.02259500,0.8238
1628402193114000,1,200.00000000,0.8253
1628402208197000,0,4037.62156000,0.8266
1628402209575000,1,1919.97210000,0.8260
1628402209586000,1,1105.05044799,0.8260
1628402210396000,1,500.00000000,0.8251
1628402210403000,1,1634.96720729,0.8251
1628402210406000,1,1865.03279271,0.8251
1628402234976000,0,3030.46695000,0.8252
1628402235070000,0,0.00000536,0.8252
1628402241198000,0,3030.15368000,0.8253
1628402243041000,1,400.00000000,0.8251
1628402243041000,1,100.00000000,0.8251
1628402268085000,1,400.00000000,0.8250
1628402268403000,1,326.31638513,0.8250
1628402268630000,1,273.68300000,0.8250
1628402310175000,1,1202.81645417,0.8229
1628402325479000,0,3036.98680000,0.8235
1628402331711000,1,261.51700000,0.8232
1628402331767000,1,2738.48300000,0.8232
1628402340233000,1,885.21983087,0.8225
1628402364282000,0,958.43774949,0.8242
1628402420267000,0,0.00000703,0.8253
1628402420267000,0,92.07746117,0.8255
1628402433933000,1,219.44850248,0.8255
1628402471461000,0,114.64114971,0.8246
1628402551401000,1,3011.25174117,0.8256
1628402581677000,1,1043.82349418,0.8244
1628402612279000,1,881.56552529,0.8243
1628402641483000,1,532.74241948,0.8245
1628402650126000,0,1000.00000000,0.8252
1628402671984000,1,929.50678080,0.8242
1628402734979000,1,1528.60320359,0.8240
1628402740975000,1,610.57897496,0.8242
1628402758412000,1,1348.79719578,0.8246
1628402775701000,0,8960.15147000,0.8237
1628402789590000,0,3000.00000000,0.8234
1628402824990000,1,457.61214238,0.8218
1628402853647000,0,585.62000000,0.8248
1628402922643000,0,1793.23625428,0.8244
1628402922643000,0,1299.71556872,0.8244
1628402983355000,0,574.35510997,0.8229
1628402983394000,1,1000.00000000,0.8223
1628402992061000,1,2114.24392042,0.8218
1628403005474000,1,1420.54816395,0.8215
1628403039420000,0,270.98264800,0.8232
1628403054400000,0,1250.25569030,0.8226
1628403110224000,0,6000.00000000,0.8250
1628403110300000,0,535.20000000,0.8250
1628403110326000,0,5298.47321867,0.8250
1628403112341000,1,444.55500000,0.8249
1628403122650000,1,50.00000000,0.8248
1628403122686000,0,3332.61948500,0.8254
1628403135515000,1,4000.00000000,0.8258
1628403153291000,1,1000.00000000,0.8247
1628403198282000,1,1000.00000000,0.8240
1628403216209000,1,1931.92084102,0.8231
1628403218541000,0,830.17698330,0.8237
1628403276072000,1,921.02622550,0.8229
1628403288692000,0,49.56039380,0.8238
1628403332023000,0,400.00000000,0.8233
1628403332023000,0,8900.00000000,0.8234
1628403332023000,0,2580.57229932,0.8236
1628403336483000,1,1139.85719555,0.8227
1628403338240000,1,7760.14280445,0.8227
1628403338240000,1,11589.62598414,0.8226
1628403338240000,1,8332.98182935,0.8226
1628403338240000,1,8688.72185073,0.8226
1628403338240000,1,5746.17753571,0.8226
1628403366391000,1,4408.02806472,0.8229
1628403392386000,0,4326.80743358,0.8234
1628403392390000,0,1271.89535508,0.8234
1628403395411000,1,460.82051282,0.8228
1628403396577000,1,1508.25668740,0.8228
1628403426853000,1,1725.28449076,0.8230
1628403442663000,0,3149.15062700,0.8236
1628403442812000,0,6020.05516089,0.8236
1628403456986000,1,1057.68841123,0.8231
1628403486784000,1,1171.92416339,0.8230
1628403540045000,1,570.00000000,0.8231
1628403602596000,0,3035.74673293,0.8239
1628403602596000,0,153.99171507,0.8240
1628403607979000,1,1415.49629688,0.8233
1628403623434000,1,4000.00000000,0.8236
1628403637986000,1,909.18958282,0.8240
1628403661351000,1,626.47290003,0.8249
1628403685128000,0,1423.70429189,0.8255
1628403701085000,0,936.46000000,0.8253
1628403722066000,0,3030.47327000,0.8252
1628403735176000,0,373.57841292,0.8252
1628403757787000,1,552.68909645,0.8247
1628403800665000,1,986.32893300,0.8232
1628403805919000,1,100.00000000,0.8232
1628403844378000,0,3032.44833000,0.8247
1628403849382000,1,1824.12023726,0.8244
1628403849382000,1,389.96228036,0.8244
1628403851567000,0,175.66000000,0.8251
1628403878600000,1,878.98398745,0.8240
1628403908582000,1,806.13177710,0.8253
1628403909714000,0,887.75262463,0.8258
1628403918332000,0,100.00000000,0.8268
1628403927404000,0,5500.00000000,0.8284
1628403931514000,0,2495.51791000,0.8291
1628403932058000,1,535.20000000,0.8290
1628403932060000,1,464.80000000,0.8290
1628403933591000,0,263.60780375,0.8285
1628403943929000,0,2115.34605698,0.8285
1628403943929000,0,3019.33353936,0.8286
1628403943929000,0,3000.00000000,0.8286
1628403943929000,0,6152.79761298,0.8286
1628403943930000,0,2747.20238702,0.8286
1628403943952000,0,3019.33353000,0.8285
1628403951182000,0,0.00000084,0.8291
1628403951182000,0,2999.99999916,0.8293
1628403957239000,0,603.97517000,0.8300
1628403960072000,1,400.00000000,0.8299
1628403960221000,1,1000.00000000,0.8296
1628403960486000,1,449.66780000,0.8295
1628403960869000,1,449.66780000,0.8293
1628403968891000,1,1947.96960097,0.8285
1628403986742000,0,0.00000904,0.8300
1628403986742000,0,10106.31756096,0.8302
1628403990101000,1,1000.00000000,0.8293
1628404002636000,0,4733.27259400,0.8301
1628404014470000,1,149.78620000,0.8291
1628404014548000,1,850.21380000,0.8291
1628404029076000,1,1366.63906854,0.8286
1628404032741000,1,1000.00000000,0.8286
1628404044277000,1,35.00000000,0.8296
1628404045970000,1,603.21353041,0.8294
1628404052686000,1,35.00000000,0.8298
1628404060169000,1,35.00000000,0.8302
1628404067707000,1,35.00000000,0.8312
1628404068975000,1,604.79964768,0.8311
1628404070078000,1,346.99857181,0.8311
1628404071614000,1,395.20035232,0.8311
1628404071614000,1,261.30797617,0.8311
1628404072786000,1,400.00000000,0.8309
1628404072786000,1,202.04918401,0.8309
1628404073946000,1,722.12770545,0.8308
1628404074950000,1,347.58893609,0.8308
1628404076527000,1,673.62822990,0.8305
1628404093562000,1,2115.34600000,0.8303
1628404093563000,1,400.00000000,0.8303
1628404093959000,1,472.48762564,0.8299
1628404093961000,1,1807.45825511,0.8299
1628404093971000,1,4248.99999999,0.8299
1628404094132000,1,449.24637631,0.8295
1628404094157000,1,0.00000001,0.8295
1628404113756000,1,2493.74920000,0.8288
1628404113756000,1,2506.25080000,0.8288
1628404134376000,1,4087.50975000,0.8306
1628404149688000,1,2852.54805219,0.8289
1628404173183000,1,1000.00000000,0.8297
1628404175545000,1,2087.15353216,0.8291
1628404177666000,1,603.39894103,0.8275
1628404179783000,1,3906.41382795,0.8273
1628404197231000,1,858.22577285,0.8282
1628404202638000,0,780.00000000,0.8287
1628404217127000,1,2623.52997880,0.8276
1628404245068000,0,635.37493494,0.8275
1628404245078000,0,1440.93565458,0.8275
1628404245474000,0,3000.00000000,0.8277
1628404282750000,0,4457.37613800,0.8277
1628404286990000,0,1163.00000000,0.8277
1628404293207000,1,100.00000000,0.8269
1628404310076000,1,815.62854206,0.8272
1628404312290000,1,2109.55349607,0.8273
1628404312298000,1,0.00000001,0.8273
1628404312416000,1,2109.55340000,0.8270
1628404312428000,1,0.00009608,0.8270
1628404312702000,1,514.99840516,0.8268
1628404312702000,1,89.80750048,0.8266
1628404316504000,1,532.20725995,0.8264
1628404363477000,1,63.54240700,0.8248
1628404363477000,1,61.45759300,0.8246
1628404369594000,1,27.32675002,0.8247
1628404374678000,1,3548.22500008,0.8248
1628404394211000,0,239.61776393,0.8254
1628404403101000,0,1450.75989286,0.8251
1628404442684000,0,7382.58135700,0.8252
1628404472753000,0,3031.63453328,0.8250
1628404472753000,0,8900.00000000,0.8252
1628404472753000,0,9089.81040000,0.8252
1628404472753000,0,9216.63664351,0.8252
1628404472807000,1,59000.00000000,0.8252
1628404472859000,1,10761.91842321,0.8252
1628404481946000,0,120.65000000,0.8245
1628404483180000,1,3039.23673051,0.8240
1628404629790000,0,2004.09480000,0.8251
1628404633122000,1,3031.29549982,0.8250
1628404638423000,1,3172.32155000,0.8250
1628404638608000,1,0.00000756,0.8250
1628404643630000,0,3031.34025000,0.8250
1628404643635000,0,0.00000481,0.8250
1628404652921000,1,34.00000000,0.8248
1628404678874000,0,171.83460177,0.8252
1628404680753000,0,500.00000000,0.8252
1628404693161000,0,26.14636864,0.8255
1628404734928000,1,303.04132271,0.8255
1628404739962000,0,3027.63750000,0.8260
1628404750761000,0,3027.20425000,0.8262
1628404755202000,1,1711.82631522,0.8262
1628404769029000,1,603.07897007,0.8266
1628404770516000,1,568.12023209,0.8266
1628404781243000,1,1790.00000000,0.8270
1628404797765000,1,989.12168681,0.8273
1628404798844000,1,589.92364685,0.8273
1628404801238000,0,3021.85959000,0.8277
1628404823183000,1,8900.00000000,0.8282
1628404823183000,1,4209.06990251,0.8281
1628404823183000,1,4456.87641795,0.8281
1628404824321000,1,8900.00000000,0.8282
1628404824321000,1,4582.34653145,0.8282
1628404833206000,0,3016.69022255,0.8291
1628404842717000,0,3017.30586551,0.8289
1628404842717000,0,3314.89088049,0.8292
1628404844977000,1,2542.59148752,0.8284
1628404855041000,1,302.47667904,0.8285
1628404857239000,1,469.97763729,0.8286
1628404857345000,0,46.59000000,0.8293
1628404893294000,1,727.54972547,0.8285
1628404895518000,0,1710.00000000,0.8292
1628404896792000,1,604.02871435,0.8284
1628404897986000,1,604.02871441,0.8282
1628404899056000,1,1798.20109850,0.8282
1628404899990000,1,604.24014811,0.8281
1628404901872000,1,644.53685641,0.8281
1628404902895000,1,604.24014811,0.8281
1628404903987000,1,604.24014823,0.8280
1628404913814000,1,604.50646799,0.8277
1628404914988000,1,400.00000000,0.8278
1628404914988000,1,204.50646805,0.8278
1628404917349000,1,604.50646811,0.8280
1628404926882000,1,9093.46479350,0.8280
1628404926882000,1,8992.63120639,0.8278
1628404942158000,0,8931.58770000,0.8286
1628404944608000,1,8900.00000000,0.8282
1628404944608000,1,8706.67904645,0.8282
1628404945786000,1,478.41795361,0.8283
1628404946811000,1,239.87226371,0.8285
1628404957776000,1,3000.00000000,0.8283
1628404957776000,1,400.00000000,0.8283
1628404957776000,1,14684.69700001,0.8283
1628404958298000,0,3000.00000000,0.8298
1628404958450000,0,127.25359088,0.8300
1628404959339000,1,400.00000000,0.8299
1628404959339000,1,10100.00000000,0.8299
1628404959339000,1,3135.55515709,0.8299
1628404959341000,1,5764.44484291,0.8299
1628404959341000,1,7871.11031418,0.8298
1628404960621000,1,8900.00000000,0.8295
1628404960621000,1,2105.53151697,0.8295
1628404961482000,0,1352.85316990,0.8304
1628404961641000,1,8900.00000000,0.8293
1628404961641000,1,516.05563360,0.8293
1628404962831000,1,1000.00000000,0.8293
1628404962831000,1,2105.53151697,0.8292
1628404963790000,1,2105.53151697,0.8291
1628404963790000,1,8900.00000000,0.8291
1628404963790000,1,125.85584059,0.8290
1628404964966000,1,3000.00000000,0.8291
1628404964966000,1,8900.00000000,0.8291
1628404964966000,1,2204.35483235,0.8290
1628404966004000,1,1708.46971423,0.8290
1628404966004000,1,11109.51589192,0.8290
1628404967091000,1,7198.28003323,0.8290
1628404972158000,1,280.49957214,0.8294
1628404972671000,0,2105.53151000,0.8304
1628404973636000,0,2105.53151000,0.8299
1628404973946000,1,243.83667682,0.8296
1628404975398000,1,156.16332318,0.8296
1628404975398000,1,430.83573894,0.8296
1628404977478000,1,400.00000000,0.8295
1628404977478000,1,324.94872725,0.8295
1628404978533000,1,603.09725957,0.8296
1628404979595000,1,483.60598557,0.8294
1628404979595000,1,119.60391688,0.8294
1628404980787000,1,1000.00000000,0.8294
1628404980787000,1,153.39284044,0.8292
1628404981915000,1,664.46142780,0.8292
1628404984645000,1,650.83845996,0.8292
1628404985777000,1,603.20990245,0.8288
1628404986788000,1,1206.41980499,0.8287
1628404987824000,1,1809.62970751,0.8285
1628404995707000,1,1238.23826086,0.8285
1628405005480000,0,4000.00000000,0.8292
1628405014453000,0,2409.00000000,0.8292
1628405044439000,0,4744.68152000,0.8292
1628405044516000,0,3016.52202951,0.8291
1628405044516000,0,863.17364049,0.8292
1628405049890000,0,473.24484749,0.8292
1628405066788000,0,3000.00000000,0.8300
1628405066936000,0,3500.00000000,0.8300
1628405067697000,0,9120.30433000,0.8300
1628405067788000,0,3000.00000000,0.8300
1628405067853000,0,9000.00000000,0.8300
1628405070778000,0,3000.00000000,0.8300
1628405070900000,0,3000.00000000,0.8300
1628405070960000,0,3000.00000000,0.8300
1628405071034000,0,5000.00000000,0.8300
1628405071094000,0,6000.00000000,0.8300
1628405071165000,0,8879.69567000,0.8300
1628405072167000,1,603.26805400,0.8297
1628405101882000,0,8120.30433000,0.8302
1628405110023000,0,1759.55049538,0.8307
1628405123716000,1,14356.33987049,0.8294
1628405123831000,1,1902.54162950,0.8294
1628405131968000,0,2105.53151000,0.8294
1628405143771000,1,1002.04318665,0.8291
