timestamp ms,type,amount,price
1624233637262000,1,891.50375975,0.7782
1624233637262000,1,962.88172858,0.7782
1624233637267000,1,6833.89785026,0.7776
1624233637450000,1,152.00000000,0.7774
1624233678741000,1,370.93320400,0.7755
1624233679474000,1,50.61366499,0.7751
1624233679476000,1,0.00000001,0.7751
1624233679644000,1,144.93167200,0.7744
1624233717098000,0,308.03905868,0.7781
1624233728908000,0,100.00000000,0.7789
1624233739348000,0,100.00000000,0.7790
1624233755121000,0,100.00000000,0.7799
1624233759442000,1,477.75156326,0.7796
1624233760930000,0,1855.98454916,0.7795
1624233760930000,0,5340.87501384,0.7797
1624233773486000,1,904.15364603,0.7793
1624233773489000,1,8074.31443786,0.7793
1624233773504000,1,904.15364603,0.7793
1624233802043000,0,368.77694518,0.7793
1624233804497000,1,459.85533106,0.7783
1624233804497000,1,459.80575122,0.7783
1624233804498000,1,2989.41269283,0.7782
1624233804712000,1,2989.41269282,0.7782
1624233804718000,1,0.00000001,0.7782
1624233822527000,1,252.50401100,0.7766
1624233848587000,1,217.25754702,0.7756
1624233901007000,0,100.00000000,0.7730
1624233938219000,1,100.00000000,0.7724
1624233973357000,1,10602.60251000,0.7720
1624233974587000,1,78.00000000,0.7717
1624233984498000,1,70.40164147,0.7713
1624234098662000,0,5668.75681797,0.7726
1624234127564000,1,4011.10000000,0.7709
1624234343993000,0,12252.11093256,0.7700
1624234344020000,0,2951.46486744,0.7700
1624234344037000,0,6497.36224024,0.7697
1624234344038000,0,1663.66137665,0.7698
1624234344044000,0,10263.39776504,0.7698
1624234344045000,0,1068.63569567,0.7698
1624234344312000,0,1542.76615708,0.7702
1624234344312000,0,3856.75634292,0.7702
1624234344356000,0,0.00011684,0.7702
1624234354998000,0,1206.79900080,0.7708
1624234355002000,0,5104.09686467,0.7708
1624234355348000,0,671.03477358,0.7709
1624234355406000,0,870.02934833,0.7709
1624234355406000,0,2982.44015167,0.7710
1624234355410000,0,242.05844158,0.7710
1624234355431000,0,173.00000000,0.7710
1624234355489000,0,454.97093229,0.7710
1624234366660000,1,533.87360000,0.7703
1624234430800000,1,6485.59894000,0.7705
1624234430820000,1,0.00000262,0.7705
1624234446362000,0,223.01493011,0.7701
1624234487173000,1,300.00000000,0.7664
1624234487278000,1,43.40434914,0.7664
1624234487278000,1,56.59565086,0.7664
1624234487337000,1,802.58464800,0.7664
1624234517396000,0,1546.71560000,0.7682
1624234561886000,0,686.33955987,0.7684
1624234562026000,0,859.87926467,0.7684
1624234673650000,0,268.07928764,0.7687
1624234677989000,1,6847.73554671,0.7677
1624234708360000,0,15087.00020000,0.7660
1624234729010000,1,70.69042198,0.7645
1624234729079000,1,0.00000001,0.7645
1624234729169000,1,46.36383044,0.7643
1624234729169000,1,347.39532912,0.7641
1624234729169000,1,868.48832279,0.7641
1624234729170000,1,0.00000001,0.7641
1624234729170000,1,2000.00000000,0.7640
1624234729198000,1,5466.15748137,0.7638
1624234729348000,1,1741.65965943,0.7637
1624234729391000,1,516.64849692,0.7637
1624234730050000,1,52.76529000,0.7635
1624234730838000,1,0.00000104,0.7635
1624234735461000,0,3888.60000000,0.7625
1624234735688000,0,7111.40000000,0.7625
1624234737259000,0,11000.00000000,0.7628
1624234738658000,0,11000.00000000,0.7630
1624234746084000,1,1870.63461950,0.7630
1624234747692000,1,1870.63461950,0.7628
1624234748294000,1,265.78076000,0.7624
1624234748304000,1,0.00000709,0.7624
1624234748304000,1,664.82649634,0.7624
1624234843825000,1,11000.00000000,0.7643
1624234853417000,0,947.56000000,0.7646
1624234961863000,1,1988.07702000,0.7649
1624235197016000,1,100.00000000,0.7654
1624235266610000,1,3386.76885000,0.7656
1624235304562000,0,6534.00339045,0.7655
1624235304562000,0,1550.05063761,0.7656
1624235304562000,0,13068.42699925,0.7656
1624235304562000,0,14208.71360000,0.7657
1624235304562000,0,12573.95737486,0.7658
1624235304562000,0,12094.69914847,0.7658
1624235304562000,0,11323.07416570,0.7658
1624235304562000,0,13071.70107096,0.7658
1624235304562000,0,3874.22119287,0.7659
1624235304562000,0,5466.15748137,0.7659
1624235304562000,0,19598.52610939,0.7659
1624235304562000,0,3776.80000000,0.7659
1624235304562000,0,26135.29920000,0.7659
1624235304562000,0,4531.30506608,0.7659
1624235304562000,0,400.00000000,0.7660
1624235304562000,0,46.19503552,0.7661
1624235304562000,0,8223.55279978,0.7661
1624235306173000,1,11000.00000000,0.7651
1624235306173000,1,13364.63487600,0.7651
1624235332830000,1,20000.00000000,0.7650
1624235344481000,1,20000.00000000,0.7639
1624235364010000,1,400.00000000,0.7635
1624235366477000,1,19600.00000000,0.7635
1624235383005000,0,6550.83860000,0.7635
1624235383068000,0,0.00000379,0.7635
1624235405976000,1,8577.60845328,0.7636
1624235405984000,1,7551.75692719,0.7636
1624235419708000,1,8552.17453000,0.7636
1624235419865000,1,2895.65094000,0.7636
1624235420910000,1,4819.55837828,0.7636
1624235420967000,1,3732.61615172,0.7636
1624235480943000,1,7252.20858200,0.7646
1624235629286000,1,3888.60000000,0.7650
1624235629537000,1,6036.65115999,0.7650
1624235629628000,1,2296.41133233,0.7650
1624235629711000,1,1679.09790000,0.7650
1624235630403000,1,1962.35161993,0.7650
1624235630406000,1,4136.88798775,0.7650
1624235663127000,1,13308.52553315,0.7650
1624235663127000,1,8620.47446685,0.7649
1624235679028000,1,4370.91022271,0.7649
1624235680355000,1,11721.19140559,0.7649
1624235680358000,1,3907.89837170,0.7649
1624235747378000,0,3888.60000000,0.7663
1624235775868000,1,2053.10000000,0.7663
1624235839016000,0,62.97000000,0.7672
1624235894502000,1,8310.55167236,0.7670
1624235904499000,0,11000.00000000,0.7671
1624235904499000,0,1888.87664550,0.7671
1624235993879000,1,848.81204798,0.7660
1624236014723000,0,6527.32069000,0.7664
1624236014727000,0,0.00000680,0.7664
1624236061992000,1,7952.57185000,0.7670
1624236062215000,1,7500.00000000,0.7671
1624236063847000,1,6519.00000000,0.7670
1624236065974000,1,770.66223755,0.7670
1624236065995000,1,3297.77214085,0.7670
1624236066026000,1,1459.99377160,0.7670
1624236068836000,1,6523.01961907,0.7670
1624236070781000,1,3002.00636711,0.7670
1624236070843000,1,3164.43953092,0.7670
1624236070849000,1,261.28399796,0.7670
1624236072072000,0,1549.13600000,0.7672
1624236084231000,1,819.81872957,0.7670
1624236089285000,0,1482.00000000,0.7678
1624236125970000,1,1000.00000000,0.7675
1624236127075000,1,6518.79541265,0.7675
1624236127284000,1,2861.61668001,0.7675
1624236127286000,1,9953.93040466,0.7675
1624236127328000,1,665.65750268,0.7675
1624236151738000,0,536.71487915,0.7679
1624236176487000,1,6519.46868575,0.7674
1624236192508000,1,2593.44211020,0.7675
1624236192508000,1,1555.55788980,0.7675
1624236235701000,1,6519.52481859,0.7675
1624236235981000,1,2867.27966088,0.7675
1624236235990000,1,451.95331807,0.7675
1624236235992000,1,3630.24220246,0.7675
1624236282751000,0,20263.17860000,0.7673
1624236363566000,1,13327.98126507,0.7649
1624236363566000,1,5931.99859921,0.7649
1624236430497000,1,11429.00000000,0.7659
1624236465515000,0,193.77934433,0.7670
1624236465536000,0,1355.30504899,0.7670
1624236465536000,0,1144.04348521,0.7670
1624236465586000,0,2728.42909179,0.7670
1624236467359000,0,11000.00000000,0.7674
1624236586313000,0,6522.71670000,0.7670
1624236712682000,0,403.43498950,0.7670
1624236893401000,1,13034.66560000,0.7669
1624237059520000,0,1459.99300000,0.7671
1624237059588000,0,4477.28330000,0.7671
1624237158070000,0,13876.67900000,0.7678
1624237290232000,0,367.53611000,0.7689
1624237296985000,0,235.22311100,0.7695
1624237298504000,0,1876.52542373,0.7692
1624237299098000,0,6505.13641044,0.7691
1624237316498000,0,212.38143338,0.7692
1624237324957000,1,6502.99466000,0.7688
1624237537238000,1,3888.60000000,0.7673
1624237594910000,0,6522.94768078,0.7669
1624237740165000,1,64.15258999,0.7652
1624237740167000,1,0.00000001,0.7652
1624237770551000,0,3888.60000000,0.7645
1624237815967000,1,6540.71419654,0.7642
1624237815967000,1,10999.99999346,0.7642
1624237927792000,0,53.10233830,0.7634
1624238106058000,1,3888.60000000,0.7614
1624238128705000,1,11500.00000000,0.7614
1624238135696000,1,854.75884755,0.7614
1624238135698000,1,2478.44809791,0.7614
1624238135707000,1,6567.99078358,0.7614
1624238135707000,1,1970.46643536,0.7614
1624238135708000,1,256.76157570,0.7614
1624238135708000,1,6500.00000000,0.7614
1624238135712000,1,66.28444717,0.7614
1624238135725000,1,2309.25669009,0.7614
1624238135745000,1,7111.39990000,0.7614
1624238135746000,1,41636.82545870,0.7614
1624238136801000,1,1000.00000000,0.7606
1624238168528000,1,500.00000000,0.7600
1624238345670000,1,500.00000000,0.7600
1624238345670000,1,500.00000000,0.7600
1624238364438000,1,386.77000189,0.7591
1624238364438000,1,0.00000001,0.7591
1624238371805000,0,3888.60000000,0.7577
1624238453368000,1,3542.32041718,0.7583
1624238469932000,0,11000.00000000,0.7585
1624238493827000,1,2089.86510150,0.7586
1624238550510000,0,128.29560049,0.7594
1624238553920000,1,1137.07929337,0.7591
1624238591230000,0,381.49000000,0.7598
1624238632691000,0,419.18358716,0.7590
1624238704859000,1,4000.00000000,0.7566
1624238732939000,0,6605.65918320,0.7575
1624238847636000,1,1908.95545343,0.7593
1624238847740000,1,20000.00000000,0.7592
1624238847740000,1,1901.57958066,0.7591
1624238847740000,1,2002.95152384,0.7589
1624238861293000,1,1100.41273155,0.7582
1624238861432000,1,18899.58726845,0.7582
1624238919530000,1,20000.00000000,0.7585
1624238948539000,1,6331.68132000,0.7579
1624238948734000,1,6600.25097013,0.7579
1624238949861000,1,349.97315491,0.7579
1624238959197000,1,5505.24645165,0.7579
1624238959329000,1,1212.84800000,0.7579
1624238959362000,1,0.00010331,0.7579
1624238984811000,1,6606.87397062,0.7571
1624238987248000,1,6607.03197125,0.7571
1624238988406000,1,6608.26606341,0.7571
1624238997484000,1,4670.88640391,0.7571
1624238997639000,1,6607.61571968,0.7571
1624238998003000,1,2675.75200000,0.7571
1624238998567000,1,6045.74587641,0.7571
1624239071566000,1,6604.12496182,0.7576
1624239072306000,1,1010.34135759,0.7576
1624239072423000,1,3287.25462372,0.7576
1624239072444000,1,1059.27905687,0.7576
1624239132042000,0,3888.60000000,0.7581
1624239134407000,0,191.14000000,0.7581
1624239285435000,0,4154.54570000,0.7601
1624239295102000,1,1000.00000000,0.7601
1624239378427000,1,2621.00000000,0.7584
1624239386423000,1,13208.00000000,0.7584
1624239400940000,0,3300.08724600,0.7590
1624239435466000,1,254.00000000,0.7581
1624239472725000,0,625.13908350,0.7579
1624239487000000,0,11000.00000000,0.7575
1624239563547000,1,2888.60000000,0.7562
1624239583986000,1,53.39046890,0.7545
1624239598516000,1,11000.00000000,0.7536
1624239598516000,1,47.02091491,0.7536
1624239598516000,1,12635.85723495,0.7535
1624239598516000,1,50.00000000,0.7534
1624239598516000,1,18201.78925540,0.7534
1624239598516000,1,2640.65972190,0.7534
1624239600815000,1,11000.00000000,0.7534
1624239600815000,1,10723.90873005,0.7534
1624239600815000,1,11682.28887588,0.7534
1624239600815000,1,13257.32159960,0.7534
1624239600815000,1,400.00000000,0.7533
1624239600815000,1,1996.48167817,0.7532
1624239600815000,1,4341.90000000,0.7532
1624239600815000,1,37672.64833730,0.7531
1624239601527000,1,400.00000000,0.7532
1624239601527000,1,952.17624160,0.7532
1624239609011000,0,43.20929300,0.7546
1624239611726000,1,11000.00000000,0.7539
1624239611726000,1,400.00000000,0.7539
1624239611726000,1,13197.81741854,0.7539
1624239611726000,1,13088.68690613,0.7538
1624239611726000,1,462.22355741,0.7537
1624239611726000,1,250.00000000,0.7537
1624239611726000,1,250.00000000,0.7536
1624239611726000,1,13377.53554197,0.7536
1624239611726000,1,10700.00000000,0.7536
1624239611726000,1,10549.69899619,0.7535
1624239611726000,1,11451.74700000,0.7535
1624239611726000,1,6629.14540248,0.7535
1624239612122000,1,400.00000000,0.7536
1624239612122000,1,11000.00000000,0.7536
1624239612122000,1,6631.02639939,0.7536
1624239612122000,1,462.22355741,0.7535
1624239612122000,1,250.00000000,0.7535
1624239612122000,1,6627.38870636,0.7535
1624239612122000,1,26526.31420000,0.7535
1624239612122000,1,5102.98502774,0.7535
1624239613908000,1,56599.93789000,0.7536
1624239613908000,1,400.00000000,0.7535
1624239613908000,1,1981.06070660,0.7535
1624239613908000,1,1991.19802453,0.7532
1624239613908000,1,952.17624000,0.7532
1624239613908000,1,13841.32172220,0.7531
1624239613908000,1,1155.85694296,0.7530
1624239613908000,1,2476.52950248,0.7530
1624239613908000,1,1074.15257169,0.7530
1624239614202000,1,400.00000000,0.7533
1624239614202000,1,457.90869958,0.7532
1624239614202000,1,10377.59442831,0.7530
1624239614202000,1,13265.32583597,0.7529
1624239614202000,1,2509.94004164,0.7529
1624239614314000,1,398.56016100,0.7530
1624239614367000,1,1901.70496505,0.7529
1624239614367000,1,466.60082430,0.7529
1624239614367000,1,457.90869958,0.7528
1624239614367000,1,1144.78088991,0.7528
1624239614367000,1,13266.89561378,0.7528
1624239614367000,1,1482.00000000,0.7527
1624239614367000,1,8290.87801288,0.7526
1624239621186000,0,1901.70496505,0.7538
1624239621190000,0,0.00000001,0.7538
1624239621381000,0,7712.93222306,0.7540
1624239622153000,0,10848.29869000,0.7540
1624239622249000,0,0.00000796,0.7540
1624239622249000,0,14054.73966204,0.7541
1624239640616000,1,1482.00000000,0.7528
1624239667444000,0,3270.73578312,0.7538
1624239675474000,1,400.00000000,0.7537
1624239676376000,1,6631.39883336,0.7537
1624239676376000,1,399.99999664,0.7537
1624239695366000,0,175.00000000,0.7532
1624239713613000,0,6000.00000000,0.7532
1624239747957000,0,3330.79751423,0.7552
1624239752013000,1,491.02977000,0.7546
1624239752404000,1,0.00000602,0.7546
1624239752404000,1,1227.68911398,0.7545
1624239790616000,0,1992.15901672,0.7539
1624239854804000,0,7000.00000000,0.7532
1624239855037000,0,151.37890194,0.7533
1624239855113000,0,4369.99999999,0.7533
1624239863648000,0,2329.64577329,0.7537
1624239863650000,0,196.74151067,0.7537
1624239863917000,0,4574.00000001,0.7537
1624239864021000,0,131.65133398,0.7537
1624239864162000,0,131.00000000,0.7537
1624239876057000,1,1968.12040000,0.7535
1624239876075000,1,0.00000452,0.7535
1624239876075000,1,3734.35729223,0.7534
1624239876087000,1,2898.69636633,0.7534
1624239876229000,1,516.21951928,0.7533
1624239876229000,1,2021.14948022,0.7532
1624239876451000,1,1290.87244359,0.7531
1624239876640000,1,516.21950000,0.7529
1624239880957000,0,3938.74389300,0.7532
1624239907652000,1,1056.10433280,0.7524
1624239915173000,1,175.48738000,0.7524
1624239916599000,0,175.48738000,0.7524
1624239932686000,0,655.71380693,0.7530
1624239932715000,0,2678.98746250,0.7530
1624239947598000,0,1949.19788079,0.7533
1624239957906000,0,1960.00000000,0.7537
1624239959878000,1,6634.77097362,0.7533
1624239959878000,1,12931.49518834,0.7531
1624239959878000,1,13269.20358119,0.7531
1624239959878000,1,400.00000000,0.7531
1624239959944000,0,11000.00000000,0.7530
1624239960011000,0,10488.85703234,0.7530
1624239960011000,0,18597.55663766,0.7530
1624239960074000,0,7500.00000000,0.7530
1624239960085000,0,21399.90000000,0.7530
1624239960105000,0,33174.91383525,0.7530
1624239960134000,0,6160.11556482,0.7530
1624239960167000,0,8000.00000000,0.7530
1624239960603000,0,33175.93352218,0.7530
1624239960994000,0,21399.90000000,0.7530
1624239961135000,0,1655.13381938,0.7530
1624239961137000,0,317.07942040,0.7530
1624239961167000,0,3500.00000000,0.7530
1624239961183000,0,21085.68739292,0.7530
1624239961183000,0,21085.68739292,0.7530
1624239961204000,0,33175.80304701,0.7530
1624239961289000,0,252.06542698,0.7530
1624239961302000,0,16000.09078523,0.7530
1624239961305000,0,21082.93835243,0.7530
1624239961379000,0,3232.15908748,0.7530
1624239961413000,0,6634.98276706,0.7530
1624239961414000,0,13269.96553411,0.7530
1624239961441000,0,3279.02661115,0.7530
1624239961504000,0,1028.28673715,0.7530
1624239961548000,1,1991.11518000,0.7530
1624239961650000,0,2453.10685314,0.7530
1624239961780000,0,2642.40667028,0.7530
1624239961880000,1,0.00000387,0.7530
1624239961880000,1,495.44401613,0.7530
1624239961952000,0,1614.40677611,0.7530
1624239961980000,0,1706.17176188,0.7530
1624239978257000,0,278.80000000,0.7525
1624239978287000,0,2357.70000000,0.7525
1624239978295000,0,3000.00000000,0.7525
1624239978315000,0,1008.96897156,0.7525
1624239978315000,0,951.03102844,0.7526
1624239978421000,0,1980.01069869,0.7526
1624239978998000,0,2064.66597629,0.7529
1624239978999000,0,4680.65371795,0.7529
1624239979066000,0,2006.75418644,0.7529
1624239979260000,0,589.06830832,0.7529
1624239979377000,0,980.45019923,0.7529
1624239979457000,0,981.82915554,0.7529
1624239980748000,0,254.07285280,0.7530
1624239980931000,0,3098.27728818,0.7530
1624239988161000,1,400.00000000,0.7527
1624239988220000,1,498.26227000,0.7526
1624239988282000,1,0.00000927,0.7526
1624239988282000,1,1987.08493073,0.7526
1624240004114000,0,254.19319200,0.7530
1624240004836000,0,3022.07461600,0.7530
1624240007309000,0,163.40613024,0.7530
1624240009113000,0,4591.00000000,0.7530
1624240009418000,0,1987.89779685,0.7530
1624240010361000,0,3888.60000000,0.7530
1624240010404000,0,6635.79913754,0.7530
1624240010411000,0,1505.00000000,0.7530
1624240011407000,0,2871.90641000,0.7530
1624240011533000,0,1193.00000000,0.7530
1624240011597000,0,6635.52981541,0.7530
1624240012101000,0,2651.80326533,0.7530
1624240012840000,0,2810.89413021,0.7530
1624240012841000,0,740.94075797,0.7530
1624240013278000,0,6635.55777082,0.7530
1624240014155000,0,3233.59902949,0.7530
1624240015310000,0,1954.24885919,0.7530
1624240015408000,0,1326.28396136,0.7530
1624240015876000,0,1490.27674688,0.7530
1624240016388000,0,589.87198317,0.7530
1624240016396000,0,958.49691162,0.7530
1624240016920000,0,181.51966394,0.7530
1624240016936000,0,1509.16973207,0.7530
1624240016986000,1,400.00000000,0.7530
1624240017108000,0,2676.76752383,0.7530
1624240017197000,0,233.25623098,0.7530
1624240017369000,0,3318.41605216,0.7530
1624240017569000,0,2083.96782501,0.7530
1624240017787000,0,1927.98917766,0.7530
1624240018149000,0,1996.96818560,0.7530
1624240018357000,0,1951.82641000,0.7530
1624240018746000,1,2012.16839000,0.7528
1624240019147000,0,139.83964155,0.7530
1624240019158000,0,977.12466246,0.7530
1624240019177000,0,676.96811360,0.7530
1624240022408000,0,1272.22454731,0.7530
1624240024143000,0,1086.08600747,0.7530
1624240024283000,0,513.11796849,0.7530
1624240024301000,0,1409.20502338,0.7530
1624240024371000,0,2500.00000000,0.7530
1624240024372000,0,2000.00000000,0.7530
1624240024839000,0,2014.77894093,0.7530
1624240027826000,1,300.00000000,0.7529
1624240030321000,0,2739.64732559,0.7530
1624240030428000,0,791.91203263,0.7530
1624240030696000,0,1196.17431259,0.7530
1624240032086000,0,3984.77598032,0.7530
1624240032102000,0,7062.72521659,0.7530
1624240032102000,0,6636.65906623,0.7530
1624240032402000,0,1986.96204197,0.7530
1624240032580000,0,329.86817123,0.7530
1624240032776000,0,33173.75479999,0.7530
1624240033196000,0,268.83500707,0.7530
1624240033250000,0,346.94640243,0.7530
1624240033304000,0,6635.92786641,0.7530
1624240033501000,0,265.49847338,0.7530
1624240034534000,0,1968.25283426,0.7530
1624240034661000,0,1171.44313381,0.7530
1624240034705000,0,260200.24798677,0.7530
1624240034773000,0,1862.75159086,0.7530
1624240035097000,0,571.90231199,0.7530
1624240035232000,0,6635.99237825,0.7530
1624240035710000,0,1967.85963742,0.7530
1624240035742000,0,1990.41939548,0.7530
1624240035792000,0,2244.70828808,0.7530
1624240036003000,0,550.70105659,0.7530
1624240036060000,0,163.71492117,0.7530
1624240036074000,0,121.31840914,0.7530
1624240036238000,0,1986.70248779,0.7530
1624240036457000,0,2247.61517730,0.7530
1624240036459000,0,6635.87320655,0.7530
1624240036460000,0,3050.69076304,0.7530
1624240036515000,0,4589.37562488,0.7530
1624240045017000,1,6500.00000000,0.7531
1624240045137000,1,1974.47577000,0.7530
1624240045580000,1,0.00000056,0.7530
1624240045580000,1,254.52870944,0.7530
1624240046618000,1,1978.48176927,0.7529
1624240051283000,1,3500.00000000,0.7526
1624240051310000,1,3138.25994708,0.7526
1624240051310000,1,2013.97932335,0.7525
1624240072663000,0,215.94600583,0.7536
1624240082554000,1,1982.94752000,0.7530
1624240082596000,1,18017.05248000,0.7530
1624240110623000,0,227.37535458,0.7532
1624240122252000,0,4500.00000000,0.7533
1624240143128000,1,1352.17624161,0.7528
1624240150267000,0,166.80000000,0.7534
1624240150654000,0,143.10022051,0.7534
1624240150710000,0,1135.31063880,0.7534
1624240150765000,0,125.70000000,0.7534
1624240150897000,0,144.10000000,0.7534
1624240161836000,0,934.39660155,0.7536
1624240179956000,1,6000.00000000,0.7533
1624240267001000,0,146.93817589,0.7537
1624240347134000,0,92.96626000,0.7539
1624240356314000,1,6634.05842721,0.7534
1624240356402000,1,16000.00000000,0.7533
1624240356450000,1,11000.00000000,0.7533
1624240356450000,1,4000.00000000,0.7533
1624240356654000,1,467.87639473,0.7531
1624240356664000,1,0.00000001,0.7531
1624240369764000,0,6636.20514305,0.7537
1624240371846000,1,399.99999999,0.7537
1624240371855000,1,400.00000000,0.7537
1624240371929000,1,7500.00000000,0.7537
1624240371989000,1,2700.00000001,0.7537
1624240402596000,1,6500.00000000,0.7540
1624240402661000,1,13500.00000000,0.7540
1624240458923000,1,6775.87961000,0.7537
1624240472198000,1,7000.00000000,0.7537
1624240472262000,1,7500.00000000,0.7537
1624240472328000,1,5500.00000000,0.7537
1624240472730000,1,5500.00000000,0.7537
1624240488206000,1,20000.00000000,0.7533
1624240502893000,0,88.00000000,0.7538
1624240509657000,0,650.17479966,0.7537
1624240538276000,1,2094.22308188,0.7528
1624240538280000,1,17902.77691812,0.7528
1624240553498000,1,5828.99999999,0.7523
1624240553500000,1,0.00000001,0.7523
1624240559778000,1,477.81492875,0.7512
1624240559778000,1,469.80752497,0.7512
1624240574023000,0,43.99382823,0.7515
1624240592948000,1,13592.37845591,0.7502
1624240592948000,1,2024.65624409,0.7502
1624240598797000,0,13945.62980000,0.7513
1624240605730000,0,332.38001489,0.7518
1624240695947000,1,6667.53370000,0.7499
1624240695954000,1,0.00008964,0.7499
1624240695954000,1,19997.97261036,0.7499
1624240696396000,1,0.00016935,0.7499
1624240696396000,1,13528.93921982,0.7497
1624240696396000,1,11736.39258505,0.7497
1624240696396000,1,14734.66802578,0.7497
1624240696433000,1,11922.38677422,0.7497
1624240696433000,1,9997.73630000,0.7496
1624240696433000,1,457.94717529,0.7496
1624240696433000,1,400.00000000,0.7496
1624240696433000,1,1144.90928486,0.7496
1624240696433000,1,1983.41649544,0.7495
1624240696433000,1,13328.57372269,0.7494
1624240696433000,1,18201.78925540,0.7493
1624240696433000,1,26660.75280000,0.7493
1624240696433000,1,2976.69633118,0.7492
1624240696433000,1,10700.00000000,0.7492
1624240696433000,1,13271.44444467,0.7492
1624240696433000,1,2413.66900000,0.7492
1624240696433000,1,1482.00000000,0.7491
1624240696433000,1,4429.00000000,0.7491
1624240696433000,1,15790.19000000,0.7491
1624240696433000,1,28053.25000000,0.7490
1624240696433000,1,13500.00000000,0.7485
1624240696433000,1,14213.00000000,0.7485
1624240696433000,1,26750.00000000,0.7482
1624240696433000,1,167150.00000000,0.7460
1624240696433000,1,90973.44106109,0.7460
1624240696680000,1,13471.37370000,0.7497
1624240696682000,1,0.00001842,0.7497
1624240696682000,1,400.00000000,0.7495
1624240696682000,1,1913.59068158,0.7494
1624240696908000,1,1144.90928486,0.7495
1624240696908000,1,457.94717529,0.7495
1624240696908000,1,399.99983985,0.7494
1624240697187000,1,1878.79920000,0.7498
1624240698064000,1,457.94717529,0.7494
1624240698064000,1,1044.73330162,0.7494
1624240698103000,1,929.41969873,0.7494
1624240698154000,1,1144.90928486,0.7493
1624240698943000,1,458.29305000,0.7490
1624240699346000,0,10132.38388092,0.7493
1624240699485000,1,427.37467754,0.7484
1624240699485000,1,2777.99471643,0.7484
1624240699485000,1,457.94715603,0.7484
1624240715138000,1,399.10286097,0.7482
1624240715142000,1,0.00000001,0.7482
1624240716231000,1,399.10286098,0.7478
1624240716920000,1,399.10286000,0.7476
1624240719742000,0,11324.00530000,0.7479
1624240720942000,1,2798.20050000,0.7473
1624240720942000,1,400.00000000,0.7473
1624240720942000,1,3699.35247200,0.7473
1624240725852000,0,117.07672032,0.7472
1624240742094000,1,393.29308023,0.7478
1624240742094000,1,983.14805265,0.7478
1624240744269000,1,393.29308000,0.7470
1624240744440000,1,0.00000023,0.7470
1624240744440000,1,983.14804977,0.7468
1624240790028000,1,6680.04777979,0.7482
1624240790028000,1,11000.00000000,0.7482
1624240790028000,1,250.00000000,0.7482
1624240790028000,1,13356.68778531,0.7482
1624240790028000,1,2585.11544271,0.7481
1624240790028000,1,20030.94149322,0.7481
1624240790028000,1,10019.14240000,0.7481
1624240790028000,1,400.00000000,0.7481
1624240790028000,1,397.77523806,0.7480
1624240790028000,1,994.26834940,0.7480
1624240790028000,1,7189.44935551,0.7479
1624240803404000,0,1482.00000000,0.7486
1624240803404000,0,1521.00484166,0.7487
1624240803971000,0,367.04996304,0.7487
1624240805978000,0,11500.00000000,0.7488
1624240809704000,0,4429.00000000,0.7489
1624240809830000,0,1482.00000000,0.7490
1624240810347000,0,2001.88712000,0.7493
1624240810546000,0,910.80926688,0.7493
1624240810554000,0,2457.06685950,0.7493
1624240815451000,0,1482.00000000,0.7494
1624240821403000,0,1482.00000000,0.7498
1624240821741000,0,99.99999999,0.7500
1624240823279000,0,0.00000001,0.7500
1624240840412000,1,400.00000000,0.7505
1624240840412000,1,1064.36916843,0.7505
1624240843263000,0,16680.78441374,0.7515
1624240843263000,0,2255.95501054,0.7516
1624240843268000,0,21173.31672264,0.7516
1624240843268000,0,21173.31672264,0.7516
1624240843268000,0,16779.86278999,0.7516
1624240843364000,0,9699.65810000,0.7516
1624240843373000,0,2217.78880000,0.7516
1624240843377000,0,44000.00000000,0.7516
1624240843392000,0,494.05380000,0.7516
1624240843414000,0,3982.61908616,0.7516
1624240843419000,0,3468.54825321,0.7516
1624240843419000,0,7028.09080993,0.7516
1624240843451000,0,1651.44250000,0.7516
1624240843453000,0,21399.90000000,0.7516
1624240843453000,0,2193.12760000,0.7516
1624240843460000,0,56000.00000000,0.7516
1624240843467000,0,199.05080000,0.7516
1624240843501000,0,285.07990000,0.7516
1624240843582000,0,33235.74587775,0.7516
1624240843591000,0,2763.44322714,0.7516
1624240845629000,1,388.21766297,0.7520
1624240845629000,1,11.78233703,0.7520
1624240846911000,1,970.54415744,0.7512
1624240846911000,1,388.21684256,0.7512
1624240846926000,1,0.00082041,0.7512
1624240850389000,0,13701.73361934,0.7519
1624240850389000,0,7698.16638066,0.7519
1624240850698000,0,5122.89156265,0.7519
1624240850698000,0,14092.79330439,0.7519
1624240854643000,1,8855.00000000,0.7514
1624240869760000,1,349.74300000,0.7527
1624240874347000,0,538.24630587,0.7532
1624240881646000,0,3391.70577169,0.7532
1624240886469000,1,5000.00000000,0.7529
1624240886493000,1,1636.69897572,0.7529
1624240886655000,1,368.17592000,0.7528
1624240886863000,1,0.00000880,0.7528
1624240886863000,1,920.41537120,0.7528
1624240890629000,1,6638.59849747,0.7528
1624240890629000,1,11000.00000000,0.7528
1624240890629000,1,361.81369178,0.7526
1624240890629000,1,1216.58781075,0.7526
1624240891544000,0,6632.95570230,0.7532
1624240891547000,0,13265.60198739,0.7532
1624240892268000,0,10000.00000000,0.7532
1624240892365000,0,3500.00000000,0.7532
1624240892680000,0,2535.01601442,0.7532
1624240892687000,0,9365.11591000,0.7532
1624240892709000,0,6633.25471886,0.7532
1624240892712000,0,33165.22550479,0.7532
1624240892978000,0,5304.91624966,0.7532
1624240895076000,0,51.30000000,0.7536
1624240897381000,1,360.15936258,0.7527
1624240897381000,1,900.59204742,0.7527
1624240897484000,1,0.00000544,0.7527
1624240897484000,1,143.39799456,0.7527
1624240897523000,1,3856.60200544,0.7527
1624240903077000,1,6633.63702614,0.7532
1624240904512000,0,6632.59810711,0.7532
1624240905014000,0,33160.91419937,0.7532
1624240906115000,1,5000.00000000,0.7531
1624240906193000,1,1633.18411000,0.7531
1624240907916000,1,353.54924000,0.7530
1624240917416000,0,6633.43905257,0.7532
1624240919542000,1,351.79532000,0.7530
1624240919644000,1,351.77291000,0.7529
1624240919785000,1,0.00000693,0.7529
1624240919785000,1,351.79531307,0.7529
1624240920293000,1,351.77290000,0.7526
1624240920372000,1,0.00001693,0.7526
1624240931431000,0,6634.31515081,0.7532
1624240931566000,0,10159.45032000,0.7532
1624240931657000,0,3000.00000000,0.7532
1624240932571000,0,6632.99862744,0.7532
1624240932643000,0,33161.43738843,0.7532
1624240932723000,0,3888.60000000,0.7532
1624240933490000,0,33158.84674314,0.7532
1624240933755000,0,5786.35177018,0.7532
1624240943478000,1,342.87781133,0.7532
1624240943478000,1,857.19452832,0.7532
1624240943478000,1,11000.00000000,0.7532
1624240943810000,0,6632.04723398,0.7532
1624240945178000,0,6631.88691813,0.7532
1624240946575000,0,6631.58592774,0.7532
1624240947903000,1,400.00000000,0.7531
1624240947903000,1,336.95771000,0.7531
1624240947963000,1,0.00000029,0.7531
1624240947963000,1,857.19451971,0.7531
1624240948036000,1,0.00000861,0.7531
1624240948036000,1,7499.99999139,0.7531
1624240948101000,1,18500.00000000,0.7531
1624240948189000,1,522.34000000,0.7531
1624240949090000,1,2019.66747000,0.7530
1624240949197000,1,336.95771029,0.7529
1624240949197000,1,336.97558971,0.7529
1624240949356000,1,0.00000762,0.7529
1624240949381000,1,1987.10200000,0.7528
1624240949475000,1,0.00000177,0.7528
1624240949709000,1,336.95771029,0.7528
1624240949709000,1,336.97548971,0.7528
1624240951551000,1,331.16615000,0.7527
1624240952141000,0,5080.65007970,0.7529
1624240959831000,1,750.70754216,0.7522
1624240959831000,1,300.28300784,0.7522
1624240960106000,1,0.00000902,0.7522
1624240960106000,1,1951.87809098,0.7520
1624241046786000,0,6639.53888149,0.7524
1624241047867000,0,6639.39310010,0.7524
1624241049786000,1,6639.61206000,0.7523
1624241049947000,1,0.00000929,0.7523
1624241049947000,1,277.54599071,0.7522
1624241049951000,1,0.00015858,0.7522
1624241050292000,1,693.89303000,0.7521
1624241069077000,0,56.00000000,0.7524
1624241069199000,0,1234.64820514,0.7524
1624241071711000,1,6641.06709000,0.7522
1624241083291000,1,2862.41338000,0.7523
1624241085618000,0,6641.00130505,0.7524
1624241087285000,1,11000.00000000,0.7525
1624241087285000,1,6640.33596164,0.7525
1624241090125000,0,6640.65210518,0.7524
1624241093663000,0,17958.77351000,0.7524
1624241093731000,0,10000.00000000,0.7524
1624241093762000,0,600.97079694,0.7524
1624241093779000,0,1390.00000000,0.7524
1624241093798000,0,45.00000000,0.7524
1624241093799000,0,5000.00000000,0.7524
1624241093829000,0,4684.97590110,0.7524
1624241093882000,0,4000.00000000,0.7524
1624241093959000,0,5500.00000000,0.7524
1624241094036000,0,8000.00000000,0.7524
1624241094309000,0,594.00000000,0.7524
1624241094667000,0,139.80000000,0.7528
1624241095101000,1,6640.46711038,0.7525
1624241096187000,0,6640.03597835,0.7524
1624241096270000,0,799.88600000,0.7524
1624241096800000,0,2625.50000000,0.7524
1624241097246000,1,12500.00000000,0.7524
1624241097343000,0,6640.03597835,0.7524
1624241097899000,1,779.05425000,0.7524
1624241098134000,1,0.00000477,0.7524
1624241098176000,1,272.63500000,0.7524
1624241098230000,0,831.04098122,0.7524
1624241098231000,0,1136.45672175,0.7524
1624241098247000,0,629.48767082,0.7524
1624241098293000,1,0.00542795,0.7524
1624241098346000,0,1975.28794913,0.7524
1624241098368000,1,272.63530000,0.7524
1624241098448000,1,408.96576986,0.7524
1624241098839000,1,1772.18620000,0.7522
1624241112194000,0,4646.90000000,0.7524
1624241112245000,0,1407.49300486,0.7524
1624241112318000,0,397.35554649,0.7524
1624241112361000,0,195.97197042,0.7524
1624241116433000,0,2001.93870895,0.7524
1624241120579000,0,3296.63394153,0.7524
1624241123548000,0,434.32397629,0.7524
1624241124168000,0,414.54814511,0.7524
1624241125480000,0,1343.71429533,0.7524
1624241128029000,0,571.13898746,0.7524
1624241128031000,0,2816.52716886,0.7524
1624241128171000,0,1216.54403834,0.7524
1624241128189000,0,451.70718745,0.7524
1624241128202000,0,2000.03126294,0.7524
1624241128203000,0,178.21191367,0.7524
1624241128263000,0,4051.24587000,0.7524
1624241128267000,0,1965.62347072,0.7524
1624241128362000,0,301.60611534,0.7524
1624241128363000,0,801.27858205,0.7524
1624241128363000,0,9000.00000000,0.7524
1624241128376000,0,294.16774219,0.7524
1624241128377000,0,1182.42811360,0.7524
1624241128377000,0,272.63500000,0.7524
1624241128449000,0,2000.00000000,0.7524
1624241128462000,0,1199.36000000,0.7524
1624241128510000,0,33194.20272162,0.7524
1624241128513000,0,1356.57583695,0.7524
1624241128533000,0,1341.83605686,0.7524
1624241128536000,0,525.42136959,0.7524
1624241128611000,0,1646.67712972,0.7524
1624241128624000,0,1967.69092848,0.7524
1624241128627000,0,544.29857331,0.7524
1624241128673000,0,2682.67670442,0.7524
1624241128742000,0,677.00000000,0.7524
1624241128743000,0,1008.72695253,0.7524
1624241128772000,0,263.59200134,0.7524
1624241128825000,0,34414.20985583,0.7524
1624241128857000,0,1464.13515413,0.7527
1624241128897000,0,17.86484587,0.7527
1624241129517000,0,36.00000000,0.7532
1624241130007000,0,554.80000000,0.7532
1624241139848000,1,6636.02394361,0.7530
1624241139848000,1,400.00000000,0.7530
1624241139848000,1,13272.89616089,0.7528
1624241139848000,1,2017.81302302,0.7528
1624241139848000,1,238.27829945,0.7527
1624241139848000,1,595.69258554,0.7527
1624241139848000,1,13644.02698192,0.7527
1624241139848000,1,11000.00000000,0.7527
1624241139848000,1,11542.37570444,0.7526
1624241139937000,0,9953.41300000,0.7526
1624241139954000,0,9300.00000000,0.7526
1624241139986000,0,11000.00000000,0.7526
1624241140052000,0,1548.82862588,0.7526
1624241140096000,0,21399.90000000,0.7526
1624241140107000,0,33177.34685667,0.7526
1624241140291000,0,547.07022093,0.7526
1624241140403000,0,21399.90000000,0.7526
1624241140549000,0,7928.12035473,0.7526
1624241140606000,0,33175.98982987,0.7526
1624241140614000,0,298.10447590,0.7526
1624241140689000,0,12776.21993715,0.7526
1624241140776000,1,4000.00000000,0.7531
1624241140833000,1,2635.46937000,0.7531
1624241145509000,1,400.00000000,0.7530
1624241145509000,1,9951.91220000,0.7530
1624241145509000,1,226.36330512,0.7530
1624241145509000,1,565.90826279,0.7528
1624241145509000,1,2014.79749743,0.7528
1624241145509000,1,1471.40827062,0.7527
1624241145509000,1,11119.33256746,0.7527
1624241145509000,1,5375.82569658,0.7526
1624241148649000,1,565.82714471,0.7528
1624241148649000,1,226.33085788,0.7528
1624241148649000,1,400.00000000,0.7528
1624241148649000,1,6636.16050201,0.7528
1624241148649000,1,1026.68149540,0.7526
1624241148784000,1,212.01807488,0.7528
1624241148784000,1,6424.14242512,0.7528
1624241149379000,1,212.01807000,0.7526
1624241163338000,0,3045.08896507,0.7526
1624241168697000,1,208.24931743,0.7526
1624241175751000,1,207.26791000,0.7524
1624241175804000,1,0.00000142,0.7524
1624241175816000,1,518.15050000,0.7524
1624241176165000,1,0.00000661,0.7524
1624241176165000,1,1347.22167339,0.7523
1624241176468000,1,207.26791142,0.7522
1624241176468000,1,518.15050661,0.7522
1624241176838000,1,207.26700000,0.7522
1624241176886000,1,0.00091142,0.7522
1624241176886000,1,518.15050661,0.7522
1624241198707000,0,4599.00000001,0.7526
1624241201899000,0,6639.30321780,0.7526
1624241202425000,0,1317.04146561,0.7526
1624241206100000,0,340.62209075,0.7526
1624241206109000,0,329.50058074,0.7526
1624241206264000,0,1218.30151135,0.7526
1624241206355000,0,1171.22557982,0.7526
1624241206497000,0,551.13419451,0.7526
1624241207982000,0,207.26700000,0.7526
1624241208035000,0,6638.97483638,0.7526
1624241208150000,0,2658.70000000,0.7526
1624241208240000,0,7508.10716000,0.7526
1624241208323000,0,3310.96734619,0.7526
1624241208494000,0,2227.87843000,0.7526
1624241208769000,0,0.00000881,0.7526
1624241208769000,0,1824.30914599,0.7529
1624241208904000,0,4050.05826615,0.7529
1624241212257000,1,400.00000000,0.7527
1624241212257000,1,178.19104018,0.7527
1624241214659000,0,6638.14022475,0.7526
1624241215433000,0,211.51335787,0.7526
1624241216024000,1,6638.02820461,0.7527
1624241216156000,0,10534.42256138,0.7526
1624241220612000,1,177.29813244,0.7528
1624241220612000,1,443.24536945,0.7528
1624241220612000,1,6637.81723350,0.7528
1624241220612000,1,400.00000000,0.7527
1624241220612000,1,9953.47750000,0.7526
1624241220725000,0,11000.00000000,0.7526
1624241220732000,0,6637.81723350,0.7526
1624241221702000,0,3983.00394824,0.7526
1624241221827000,1,400.00000000,0.7526
1624241221898000,1,13275.52836160,0.7526
1624241221898000,1,177.29767696,0.7526
1624241221898000,1,443.24418144,0.7526
1624241222034000,1,0.00001097,0.7526
1624241230146000,1,6641.18781516,0.7523
1624241230146000,1,400.00000000,0.7523
1624241230146000,1,171.20752641,0.7523
1624241230146000,1,428.01881603,0.7523
1624241230146000,1,11637.58584240,0.7523
1624241235491000,0,987.60573596,0.7526
1624241235535000,0,145.55378563,0.7526
1624241252442000,0,583.99902273,0.7526
1624241252478000,0,212.50827501,0.7526
1624241257083000,1,162.27358300,0.7525
1624241257083000,1,4337.72641700,0.7525
1624241270306000,0,271.31344053,0.7526
1624241270436000,0,1190.00000000,0.7526
1624241274369000,0,126.70000000,0.7526
1624241274375000,0,6639.70259577,0.7526
1624241275044000,0,135.80000000,0.7526
1624241275845000,1,164.40477835,0.7525
1624241275845000,1,246.51983165,0.7525
1624241282562000,0,819.84393439,0.7526
1624241282578000,0,662.53259568,0.7526
1624241282700000,0,464.57598010,0.7526
1624241282830000,0,251.99318233,0.7526
1624241290663000,0,1088.96827723,0.7528
1624241290769000,0,129.90000000,0.7528
1624241290769000,0,438.09061936,0.7528
1624241290795000,0,265.52488047,0.7528
1624241290937000,0,9500.00000000,0.7528
1624241290939000,0,2655.76034419,0.7528
1624241290991000,0,2628.92346911,0.7528
1624241291013000,0,1970.00000000,0.7528
1624241291025000,0,1599.00000000,0.7528
1624241291030000,0,3500.00000000,0.7528
1624241291067000,0,843.77091579,0.7528
1624241291094000,0,2150.82315454,0.7528
1624241291108000,0,477.08195377,0.7531
1624241291137000,0,256.98568771,0.7531
1624241291190000,0,747.93235852,0.7531
1624241291190000,0,2357.06764148,0.7532
1624241294508000,1,11000.00000000,0.7529
1624241294508000,1,168.07217227,0.7529
1624241294508000,1,9948.44320000,0.7529
1624241294508000,1,162.22974605,0.7528
1624241294530000,0,400.00000000,0.7528
1624241294636000,0,11000.00000000,0.7528
1624241294714000,0,1092.47731263,0.7528
1624241294726000,0,93594.03962525,0.7528
1624241298289000,1,6634.68990000,0.7532
1624241298438000,1,400.00000000,0.7532
1624241298547000,1,160.95154202,0.7531
1624241298547000,1,1046.12393798,0.7531
1624241299029000,0,60.61180639,0.7535
1624241301746000,1,1261.04219857,0.7529
1624241313427000,1,382.40021000,0.7529
1624241323877000,1,6637.30605000,0.7530
1624241324119000,1,0.00000555,0.7530
1624241324119000,1,143.28838814,0.7527
1624241324119000,1,9955.90630000,0.7527
1624241324119000,1,13275.94544231,0.7527
1624241324119000,1,2011.41255247,0.7527
1624241324119000,1,931.46531348,0.7525
1624241324119000,1,400.00000000,0.7525
1624241324119000,1,4407.52989805,0.7525
1624241325894000,1,6638.11096000,0.7528
1624241347015000,1,4621.30100000,0.7533
1624241352996000,0,194.15848397,0.7538
1624241358675000,1,6630.28169409,0.7537
1624241358675000,1,400.00000000,0.7536
1624241358675000,1,1824.71830591,0.7536
1624241360454000,1,1000.00000000,0.7537
1624241364026000,1,6629.11956000,0.7539
1624241364663000,1,0.00000267,0.7539
1624241364663000,1,13257.88334733,0.7537
1624241374860000,1,3752.56382000,0.7531
1624241391477000,0,160.67929667,0.7536
1624241391549000,0,136.11586434,0.7536
1624241431065000,1,26536.67490000,0.7530
1624241431065000,1,2007.31720272,0.7530
1624241431065000,1,731.31659728,0.7529
1624241442499000,1,6639.02210139,0.7530
1624241445786000,0,6635.39308612,0.7534
1624241447730000,1,6635.21950000,0.7533
1624241449229000,1,0.00000544,0.7533
1624241449229000,1,13271.66203456,0.7532
1624241449345000,1,6636.53668112,0.7532
1624241451155000,1,83.54990000,0.7531
1624241455464000,1,3879.47812000,0.7533
1624241472675000,1,6636.28697608,0.7532
1624241472675000,1,12699.71302392,0.7531
1624241473944000,1,6636.28697000,0.7532
1624241474308000,1,0.00000608,0.7532
1624241474308000,1,571.91793392,0.7531
1624241481221000,1,6637.03207967,0.7531
1624241487863000,1,0.00000001,0.7530
1624241487863000,1,0.00000406,0.7528
1624241487863000,1,1973.72599593,0.7528
1624241490455000,1,1914.87400000,0.7525
1624241520154000,1,0.00000888,0.7522
1624241524006000,0,999.99999000,0.7522
1624241524665000,0,0.00000112,0.7522
1624241564605000,0,2033.94796073,0.7523
1624241564634000,0,2592.74032708,0.7523
1624241564646000,0,1023.63670202,0.7523
1624241568424000,1,6643.54784752,0.7521
1624241569688000,1,13290.27053507,0.7517
1624241569688000,1,19938.45306493,0.7517
1624241642862000,0,456.09462969,0.7505
1624241701363000,0,4611.90127542,0.7510
1624241743748000,1,101.15510000,0.7494
1624241743762000,1,0.00005931,0.7494
1624241743762000,1,101.15504069,0.7494
1624241773420000,1,1101.29701632,0.7476
1624241806531000,0,142.80136700,0.7472
1624241822733000,0,565.95506559,0.7475
1624241825091000,1,400.00000000,0.7470
1624241825091000,1,3400.00000000,0.7470
1624241840468000,0,1914.72143479,0.7464
1624241846955000,0,3888.60000000,0.7471
1624241847096000,0,7879.07895000,0.7471
1624241906843000,0,10840.33093000,0.7460
1624241978279000,1,3851.75489000,0.7476
1624241978316000,1,0.00000459,0.7476
1624241979414000,1,72.19563770,0.7470
1624241979414000,1,72.22015713,0.7470
1624241979425000,1,0.00000001,0.7470
1624241995937000,0,1482.00000000,0.7480
1624242009182000,1,2538.09707600,0.7482
1624242011911000,0,1482.00000000,0.7489
1624242012471000,0,4428.99999999,0.7492
1624242012478000,0,0.00000001,0.7492
1624242043188000,0,1914.72143479,0.7504
1624242043240000,1,3888.60000000,0.7505
1624242043296000,1,3216.05200000,0.7505
1624242043303000,1,14586.73127124,0.7505
1624242043322000,1,11000.00000000,0.7505
1624242043892000,1,22531.89520000,0.7505
1624242098335000,1,2887.75489000,0.7507
1624242128162000,1,2000.00000000,0.7499
1624242199736000,1,29.34853658,0.7497
1624242232755000,0,1971.12553449,0.7507
1624242311273000,0,3888.60000000,0.7492
1624242313580000,1,3781.70000000,0.7487
1624242313610000,1,159.82530000,0.7486
1624242313712000,1,2017.31051998,0.7481
1624242313712000,1,1825.52611328,0.7481
1624242313715000,1,166.00000000,0.7481
1624242313755000,1,159.79377039,0.7481
1624242313755000,1,4684.71895075,0.7481
1624242313766000,0,3781.70000000,0.7479
1624242313774000,0,399.48442598,0.7479
1624242313774000,0,1038.67007134,0.7479
1624242314036000,1,2413.66900000,0.7475
1624242314070000,1,175.40000000,0.7463
1624242314256000,0,4000.00000000,0.7466
1624242314329000,1,133.00000000,0.7460
1624242315310000,1,1921.41830000,0.7459
1624242315576000,0,400.00000000,0.7464
1624242318356000,1,334.00000000,0.7461
1624242321460000,0,591.95640000,0.7469
1624242322439000,0,400.00000000,0.7474
1624242347203000,0,19998.73000000,0.7463
1624242348770000,1,1921.41831000,0.7466
1624242378602000,1,6700.97663000,0.7458
1624242383011000,1,6706.24284000,0.7452
1624242392594000,1,600.00000000,0.7450
1624242392594000,1,450.00000000,0.7450
1624242459395000,1,3805.95793071,0.7465
1624242459432000,1,6697.37460000,0.7462
1624242459649000,1,246.31000000,0.7461
1624242459769000,1,246.28169580,0.7460
1624242459769000,1,1354.60340420,0.7458
1624242487720000,1,13290.77587000,0.7451
1624242503531000,1,1921.41831000,0.7433
1624242503542000,1,0.00000663,0.7433
1624242503632000,1,47.68662161,0.7431
1624242503632000,1,237.44236470,0.7430
1624242503691000,1,48.55614304,0.7429
1624242503744000,1,188.92774720,0.7429
1624242503744000,1,1540.27587183,0.7426
1624242503744000,1,635.09638097,0.7423
1624242503804000,1,237.44236470,0.7429
1624242504715000,1,1268.20519904,0.7418
1624242504718000,1,354.52155682,0.7418
1624242504767000,1,2377.27324414,0.7418
1624242509835000,1,142.78818123,0.7412
1624242509835000,1,2221.51181877,0.7411
1624242514566000,1,567.07751527,0.7409
1624242514566000,1,226.81937473,0.7409
1624242514787000,1,0.00000529,0.7409
1624242514787000,1,7855.85189471,0.7408
1624242524488000,0,1600.40700000,0.7417
1624242524529000,0,0.00000429,0.7417
1624242531448000,0,246.31000000,0.7417
1624242541856000,1,230.72878893,0.7414
1624242541856000,1,576.82974834,0.7414
1624242557787000,1,13498.06413019,0.7401
1624242557787000,1,197.44844844,0.7400
1624242557787000,1,197.42712715,0.7400
1624242558214000,1,836.64800000,0.7400
1624242558266000,1,4163.35200000,0.7400
1624242558266000,1,836.64864864,0.7400
1624242558385000,1,197.44844844,0.7400
1624242558385000,1,1085.96646156,0.7399
1624242558403000,1,197.44845329,0.7399
1624242558753000,1,197.42712715,0.7391
1624242558753000,1,197.44844844,0.7391
1624242558753000,1,1283.41491485,0.7391
1624242558753000,1,1019.49899104,0.7386
1624242559407000,1,3781.70000000,0.7385
1624242559407000,1,1283.41491485,0.7380
1624242559407000,1,237.22985000,0.7380
1624242559407000,1,1208.65523515,0.7380
1624242562006000,0,836.64800000,0.7393
1624242562067000,0,10163.35200000,0.7393
1624242567239000,0,123.00000000,0.7395
1624242567252000,0,1482.13188331,0.7395
1624242567252000,0,1605.22900952,0.7395
1624242567640000,0,123.00000000,0.7400
1624242585831000,1,196.25304717,0.7392
1624242585836000,1,0.00000001,0.7392
1624242585836000,1,490.87273851,0.7391
1624242585836000,1,1276.29806436,0.7391
1624242586239000,1,195.42795319,0.7388
1624242586239000,1,1270.31017549,0.7388
1624242590989000,0,11000.00000000,0.7381
1624242591825000,1,9305.29985000,0.7383
1624242592176000,1,0.00000790,0.7383
1624242600924000,0,4458.06942800,0.7383
1624242623118000,1,154.64760000,0.7387
1624242623261000,1,0.00000166,0.7387
1624242623261000,1,154.65135834,0.7387
1624242633904000,1,2826.43314000,0.7384
1624242638859000,1,0.00000779,0.7384
1624242638859000,1,153.28645221,0.7378
1624242639037000,1,383.26908955,0.7377
1624242639046000,1,0.00000001,0.7377
1624242639173000,1,151.17412493,0.7377
1624242639408000,1,996.48218000,0.7375
1624242639502000,1,0.00000353,0.7375
1624242639502000,1,151.17412493,0.7375
1624242639502000,1,377.93531232,0.7375
1624242639502000,1,34.00000000,0.7375
1624242639502000,1,34.00000000,0.7375
1624242639502000,1,34.00000000,0.7375
1624242639502000,1,34.00000000,0.7375
1624242639502000,1,34.00000000,0.7375
1624242639502000,1,34.00000000,0.7375
1624242639502000,1,34.00000000,0.7375
1624242639502000,1,34.00000000,0.7375
1624242639502000,1,34.00000000,0.7375
1624242639502000,1,34.00000000,0.7375
1624242639502000,1,34.00000000,0.7375
1624242639502000,1,34.00000000,0.7375
1624242639502000,1,34.00000000,0.7375
1624242639502000,1,34.00000000,0.7375
1624242641829000,1,2171.41831000,0.7373
1624242667069000,1,114.11875521,0.7378
1624242667069000,1,741.77189479,0.7378
1624242680933000,0,1955.97601254,0.7387
1624242680933000,0,1741.64055746,0.7388
1624242688790000,1,274.61640000,0.7376
1624242701851000,1,108.04391507,0.7368
1624242701851000,1,270.10131493,0.7368
1624242701929000,1,0.00000618,0.7368
1624242701929000,1,702.26342382,0.7367
1624242703587000,1,34.00000000,0.7366
1624242703587000,1,34.00000000,0.7366
1624242703587000,1,34.00000000,0.7366
1624242703587000,1,34.00000000,0.7366
1624242703587000,1,34.00000000,0.7366
1624242703587000,1,34.00000000,0.7366
1624242703587000,1,34.00000000,0.7366
1624242703587000,1,34.00000000,0.7366
1624242703587000,1,33.99999999,0.7366
1624242703597000,1,0.00000001,0.7366
1624242704413000,1,6303.46895000,0.7364
1624242706394000,1,34.00000000,0.7363
1624242706394000,1,33.99999999,0.7363
1624242706645000,1,0.00000001,0.7363
1624242706659000,1,255.49380973,0.7359
1624242706659000,1,102.19752389,0.7359
1624242706659000,1,2053.08856698,0.7359
1624242706739000,1,664.58882047,0.7359
1624242706740000,1,0.00000001,0.7359
1624242707269000,1,34.00000000,0.7358
1624242707269000,1,34.00000000,0.7358
1624242707269000,1,34.00000000,0.7358
1624242707269000,1,34.00000000,0.7358
1624242707269000,1,34.00000000,0.7358
1624242707269000,1,33.99999999,0.7358
1624242707685000,1,0.00000001,0.7358
1624242707685000,1,3999.99999999,0.7353
1624242708539000,0,2053.08850000,0.7359
1624242723100000,0,13459.19918000,0.7362
1624242727094000,1,11000.00000000,0.7366
1624242754999000,1,6793.62092092,0.7357
1624242754999000,1,10182.01940000,0.7357
1624242755000000,1,4712.65821409,0.7357
1624242755122000,1,6793.62092000,0.7357
1624242788886000,0,1482.00000000,0.7377
1624242790681000,1,9571.87376000,0.7368
1624242792678000,0,15712.65822286,0.7374
1624242792986000,0,1955.97600000,0.7375
1624242802091000,1,89.08677166,0.7372
1624242802154000,1,0.00000001,0.7372
1624242802226000,1,222.71692000,0.7372
1624242834822000,1,47.86247006,0.7360
1624242888641000,0,1482.00000000,0.7375
1624242888993000,0,4429.00000000,0.7379
1624242889187000,0,1224.50930000,0.7380
1624242905135000,1,11000.00000000,0.7382
1624242905135000,1,12980.64320075,0.7381
1624242905135000,1,7144.90489925,0.7381
1624242912790000,1,8855.00000000,0.7386
1624242938194000,1,11000.00000000,0.7393
1624242948809000,1,122.79053513,0.7390
1624242948809000,1,13488.09645245,0.7390
1624242948809000,1,307.11667158,0.7390
1624242948809000,1,6093.99634084,0.7390
1624242961359000,1,120.33880000,0.7388
1624242973057000,1,101.47050000,0.7394
1624242984468000,1,6756.99009341,0.7396
1624242984468000,1,11000.00000000,0.7396
1624242984468000,1,2051.76050623,0.7396
1624242984468000,1,4392.50000000,0.7396
1624242984468000,1,6702.48830036,0.7395
1624242990809000,1,6754.06735985,0.7399
1624242990809000,1,2048.63505455,0.7396
1624242990809000,1,65.29758560,0.7396
1624243040008000,0,392.36000000,0.7384
1624243054633000,1,118.31552548,0.7370
1624243054637000,1,0.00000001,0.7370
1624243085111000,1,4960.87113000,0.7368
1624243098447000,0,13062.91975000,0.7372
1624243098611000,0,3189.20549770,0.7373
1624243098615000,0,148.59000000,0.7373
1624243292306000,1,294.58549275,0.7383
1624243292306000,1,11004.15682436,0.7375
1624243292306000,1,15647.36063726,0.7375
1624243292306000,1,4179.44544563,0.7375
1624243292459000,1,117.88800000,0.7383
1624243292618000,1,0.00075381,0.7383
1624243294507000,0,2500.00000000,0.7383
1624243378473000,0,117.88800000,0.7378
1624243389064000,1,2003.95883000,0.7376
1624243389330000,1,110.41309746,0.7374
1624243389330000,1,276.03274365,0.7374
1624243419776000,1,6621.11861712,0.7365
1624243504123000,0,474.43712103,0.7372
1624243528776000,1,2025.90891798,0.7360
1624243542913000,0,7616.42345321,0.7362
1624243542923000,0,1910.54851323,0.7362
1624243542935000,0,1473.02803356,0.7362
1624243565399000,0,76.00000000,0.7374
1624243635489000,1,198.49688000,0.7366
1624243692091000,1,2778.69665000,0.7366
1624243736038000,1,2026.02482000,0.7362
1624243738446000,1,2959.63840348,0.7363
1624243764693000,0,2047.70309582,0.7382
1624243765582000,0,11164.95512000,0.7382
1624243765664000,0,0.00000704,0.7382
1624243765664000,0,58999.99999296,0.7382
1624243765698000,1,90.22262710,0.7380
1624243765734000,0,13500.00000000,0.7382
1624243765809000,0,6000.00000000,0.7382
1624243765882000,0,14962.89111000,0.7382
1624243766790000,1,7000.00000000,0.7380
1624243766859000,1,1956.18827830,0.7381
1624243769363000,0,32.72595700,0.7382
1624243770446000,0,9890.18281278,0.7382
1624243770470000,0,10590.85495410,0.7382
1624243770474000,0,3090.35117806,0.7382
1624243774324000,0,21399.90000000,0.7382
1624243790206000,1,5043.81173000,0.7379
1624243790274000,1,1729.36439000,0.7379
1624243796093000,1,6773.43427162,0.7380
1624243803770000,1,5770.63561000,0.7380
1624243805317000,0,54.30000000,0.7382
1624243805516000,0,2715.99338008,0.7382
1624243805522000,0,5500.00000000,0.7382
1624243805566000,0,5281.14374331,0.7382
1624243806075000,0,11000.00000000,0.7382
1624243806248000,0,6771.41968381,0.7382
1624243807150000,0,6000.00000000,0.7382
1624243807227000,0,7000.00000000,0.7382
1624243807367000,0,6771.55031462,0.7382
1624243807448000,0,7000.00000000,0.7382
1624243807889000,0,6773.43427162,0.7382
1624243807949000,0,5085.79648394,0.7382
1624243808005000,0,8500.00000000,0.7382
1624243808761000,1,346.82539838,0.7379
1624243808761000,1,0.00000131,0.7379
1624243808837000,1,346.82530000,0.7379
1624243808884000,1,346.82539837,0.7379
1624243809177000,1,247.52332297,0.7379
1624243809875000,1,345.53436000,0.7378
1624243823006000,0,346.82539969,0.7382
1624243823220000,0,4734.35675449,0.7382
1624243823310000,0,1500.00000000,0.7382
1624243823365000,0,2340.49317773,0.7382
1624243823368000,0,1301.00257580,0.7382
1624243823369000,0,8018.41927333,0.7382
1624243823376000,0,2029.14222217,0.7382
1624243823686000,0,1059.90800553,0.7382
1624243825207000,0,2004.95609856,0.7382
1624243825358000,0,5678.31286340,0.7382
1624243825517000,0,1141.68694919,0.7382
1624243827774000,0,2039.53207291,0.7382
1624243828836000,0,885.51201593,0.7382
1624243828837000,0,0.00000001,0.7382
1624243829499000,0,564.49287312,0.7388
1624243829744000,0,43.00000000,0.7388
1624243833754000,0,125.00000000,0.7391
1624243835644000,0,11749.10605760,0.7393
1624243841780000,1,11000.00000000,0.7388
1624243841780000,1,365.19257175,0.7388
1624243841780000,1,400.00000000,0.7387
1624243841780000,1,3666.30000000,0.7387
1624243841780000,1,15712.65822286,0.7387
1624243841780000,1,11520.93645823,0.7387
1624243841780000,1,12839.00014606,0.7387
1624243841780000,1,2036.53814912,0.7387
1624243841780000,1,6763.44353388,0.7387
1624243841780000,1,250.00000000,0.7387
1624243841780000,1,10692.68009580,0.7386
1624243841780000,1,11000.00000000,0.7386
1624243841780000,1,2373.64267773,0.7386
1624243841780000,1,27141.94000000,0.7386
1624243841791000,0,365.19948893,0.7386
1624243841896000,0,33820.71441582,0.7386
1624243841896000,0,21399.90000000,0.7386
1624243841920000,0,6764.14288317,0.7385
1624243842092000,0,8790.35810000,0.7386
1624243842196000,0,228.78990000,0.7386
1624243842208000,0,21399.90000000,0.7386
1624243842225000,0,33.72140000,0.7386
1624243842338000,0,48200.00000000,0.7386
1624243842389000,1,400.00000000,0.7385
1624243842389000,1,484.82200000,0.7385
1624243842409000,0,0.08483982,0.7386
1624243851396000,0,5366.67793173,0.7397
1624243851445000,0,3581.83740796,0.7397
1624243851445000,0,585.16259204,0.7397
1624243851459000,0,495.85272279,0.7397
1624243851614000,0,1662.97117517,0.7397
1624243851705000,0,2041.00000000,0.7397
1624243851705000,0,604.00000000,0.7397
1624243851901000,1,400.00000000,0.7391
1624243851901000,1,250.00000000,0.7391
1624243851901000,1,11000.00000000,0.7391
1624243851901000,1,250.00000000,0.7391
1624243851901000,1,250.00000000,0.7391
1624243851901000,1,250.00000000,0.7391
1624243851901000,1,250.00000000,0.7390
1624243851901000,1,11000.00000000,0.7390
1624243851901000,1,349.49846524,0.7390
1624243851901000,1,349.53627696,0.7390
1624243851901000,1,1951.00099439,0.7389
1624243851919000,0,10700.00000000,0.7389
1624243851995000,0,9500.00000000,0.7389
1624243852101000,0,21399.90000000,0.7389
1624243852112000,0,30500.00000000,0.7389
1624243852116000,0,33777.86371513,0.7389
1624243852192000,0,15425.70910000,0.7389
1624243852215000,0,296.10170000,0.7389
1624243852217000,0,605.20739846,0.7389
1624243852220000,0,463.41650327,0.7389
1624243852302000,0,145.14590000,0.7389
1624243852306000,0,3216.51600000,0.7389
1624243852350000,0,49.74090000,0.7389
1624243852364000,0,57.66330000,0.7389
1624243852375000,0,109.85860000,0.7389
1624243852384000,0,21399.90000000,0.7389
1624243852444000,0,393.40500000,0.7389
1624243852496000,0,960.20190000,0.7389
1624243852533000,0,80.49100000,0.7389
1624243852616000,0,13510.72501585,0.7389
1624243852619000,0,20274.34961022,0.7389
1624243852623000,0,20266.08752378,0.7389
1624243852627000,0,6756.98466921,0.7389
1624243852678000,0,1285.17337673,0.7389
1624243852696000,0,129.02530000,0.7389
1624243852707000,0,12304.49775076,0.7389
1624243854140000,1,374.87942000,0.7391
1624243854270000,1,0.00000925,0.7391
1624243857866000,1,167.00000000,0.7389
1624243859841000,0,252.28125395,0.7396
1624243861326000,1,92.83990000,0.7391
1624243862044000,1,372.90987374,0.7392
1624243862044000,1,400.00000000,0.7392
1624243862044000,1,6758.75875812,0.7392
1624243862044000,1,2036.82907358,0.7391
1624243862044000,1,372.93709763,0.7391
1624243862410000,0,33797.54629457,0.7389
1624243862495000,0,9467.93710000,0.7389
1624243862564000,0,6758.49035529,0.7389
1624243862565000,0,13519.01851783,0.7389
1624243862937000,0,2027.88763932,0.7389
1624243862942000,0,33791.39139685,0.7389
1624243863160000,0,1915.50645670,0.7389
1624243863196000,0,1344.87984498,0.7389
1624243863367000,0,2000.87516832,0.7389
1624243863415000,0,167.40546989,0.7389
1624243863769000,0,6760.37213981,0.7389
1624243864098000,0,279.78548287,0.7389
1624243864435000,0,1634.62309289,0.7389
1624243864480000,0,2732.00000000,0.7389
1624243864526000,0,2024.76076038,0.7389
1624243864637000,0,3191.76241405,0.7389
1624243864727000,0,257.76616787,0.7389
1624243864757000,0,1758.74708474,0.7389
1624243864763000,0,832.06427531,0.7389
1624243864776000,0,650.18843462,0.7389
1624243864786000,0,2120.25748608,0.7389
1624243864804000,0,3913.26285185,0.7389
1624243864910000,0,1213.24638547,0.7389
1624243865403000,0,559.25293538,0.7389
1624243866094000,0,1575.38684784,0.7389
1624243866114000,1,400.00000000,0.7389
1624243866114000,1,372.90987374,0.7389
1624243866114000,1,2424.10592256,0.7389
1624243866114000,1,923.22455370,0.7389
1624243866838000,1,400.00000000,0.7389
1624243866838000,1,369.29581000,0.7389
1624243867476000,0,6761.31716552,0.7389
1624243867754000,0,2110.76315216,0.7389
1624243868066000,1,0.00000861,0.7389
1624243868066000,1,0.00001176,0.7389
1624243868198000,0,202.88049562,0.7389
1624243868676000,0,1798.91765059,0.7389
1624243868802000,0,716.78910175,0.7389
1624243869867000,1,348.96387428,0.7387
1624243869867000,1,872.40967572,0.7387
1624243869900000,0,1128.79575383,0.7389
1624243870040000,1,798.07980000,0.7387
1624243870100000,1,1221.37355000,0.7387
1624243873251000,1,91.99990000,0.7385
1624243876571000,1,1932.23842000,0.7385
1624243876634000,1,0.00000091,0.7385
1624243876634000,1,342.97874816,0.7385
1624243876634000,1,857.44686093,0.7385
1624243876713000,1,0.00000948,0.7385
1624243876713000,1,6765.99799052,0.7385
1624243897017000,1,6771.18005000,0.7380
1624243897315000,1,0.00000676,0.7380
1624243897315000,1,319.88628054,0.7380
1624243899010000,1,314.41863070,0.7377
1624243899010000,1,319.88627930,0.7377
1624243899076000,1,0.00000124,0.7377
1624243899076000,1,2043.81087876,0.7376
1624243902774000,0,1028.46145814,0.7379
1624243907213000,0,4788.00000000,0.7380
1624243907560000,1,299.44557940,0.7375
1624243907560000,1,0.03642060,0.7375
1624243912408000,1,295.07103000,0.7373
1624243943008000,0,34.97797523,0.7379
1624243944602000,1,6780.68125000,0.7372
1624243945205000,1,0.00000158,0.7372
1624243945205000,1,293.79558431,0.7370
1624243945205000,1,400.00000000,0.7369
1624243945205000,1,297.36544698,0.7368
1624243948156000,0,6775.83275811,0.7377
1624243949473000,0,3641.73562115,0.7377
1624243950174000,0,5500.00000000,0.7377
1624243955604000,0,6770.88865179,0.7381
1624243993424000,1,291.59221000,0.7385
1624243993435000,1,0.00000594,0.7385
1624244003185000,1,6767.17711000,0.7386
1624244005334000,1,0.00000885,0.7386
1624244005334000,1,6767.17710115,0.7386
1624244012826000,1,6765.38955000,0.7388
1624244027953000,0,399.82904540,0.7389
1624244028006000,0,240.40698363,0.7389
1624244028082000,0,616.34743976,0.7389
1624244028138000,0,2976.86382585,0.7389
1624244029492000,1,6765.79611000,0.7388
1624244038115000,1,0.00000513,0.7388
1624244038115000,1,39.99999487,0.7387
1624244040060000,1,0.00001770,0.7386
1624244040060000,1,280.05563314,0.7385
1624244040060000,1,700.13908286,0.7385
1624244046977000,0,397.55430734,0.7389
1624244047312000,0,139.97887682,0.7389
1624244047316000,0,1264.36920313,0.7389
1624244047336000,0,175.05355235,0.7389
1624244047574000,0,157.08914807,0.7389
1624244047590000,0,175.04505803,0.7389
1624244052649000,1,2031.93966000,0.7386
1624244083431000,0,6764.47897550,0.7389
1624244106874000,0,8000.00000000,0.7389
1624244106968000,0,20000.00000000,0.7389
1624244107051000,0,5500.00000000,0.7389
1624244107126000,0,5263.03124000,0.7389
1624244107238000,0,3500.00000000,0.7389
1624244107334000,0,16500.00000000,0.7389
1624244107397000,1,115.55063700,0.7388
1624244126538000,1,6769.49478000,0.7384
1624244126664000,1,0.00000946,0.7384
1624244126825000,1,256.93093635,0.7383
1624244139478000,0,4749.11618690,0.7389
1624244139551000,0,2705.99377621,0.7389
1624244139623000,0,7026.42571000,0.7389
1624244139628000,0,529.99999999,0.7389
1624244139636000,0,1570.00000000,0.7389
1624244139804000,0,1997.08208216,0.7389
1624244142335000,0,256.93163176,0.7389
1624244142359000,0,980.19473964,0.7389
1624244144459000,0,1018.25587334,0.7389
1624244145193000,1,6761.56910000,0.7390
1624244151363000,1,6761.12178056,0.7392
1624244152409000,0,6761.12178056,0.7391
1624244154171000,1,3500.00000000,0.7391
1624244154228000,1,3261.03595000,0.7391
1624244154982000,1,0.00000736,0.7391
1624244155052000,1,0.00000066,0.7390
1624244155205000,1,249.57585000,0.7389
1624244161653000,0,444.61782246,0.7391
1624244161755000,0,1352.09413723,0.7391
1624244161939000,0,324.27356902,0.7391
1624244164791000,0,229.90760531,0.7391
1624244164842000,0,368.83974930,0.7391
1624244165177000,0,1009.74865384,0.7391
1624244165215000,0,181.27717116,0.7391
1624244167142000,0,248.86300708,0.7391
1624244167171000,0,1039.45302553,0.7391
1624244167365000,0,443.96642630,0.7391
1624244176415000,0,4716.00000000,0.7391
1624244178105000,1,400.00000000,0.7390
1624244179822000,1,5500.00000000,0.7389
1624244179876000,1,1264.84578000,0.7389
1624244185540000,1,6763.56412000,0.7390
1624244188333000,0,3922.62951440,0.7391
1624244188334000,0,743.94697687,0.7391
1624244188353000,0,4720.04327833,0.7391
1624244188409000,0,9700.59080000,0.7391
1624244188477000,0,6762.00846628,0.7391
1624244188478000,0,3500.00000000,0.7391
1624244188559000,0,6000.00000000,0.7391
1624244189338000,0,1718.33660206,0.7391
1624244189409000,0,241.32301256,0.7391
1624244189526000,0,239.62584226,0.7391
1624244189596000,0,1271.09263488,0.7391
1624244189676000,0,147.29608673,0.7391
1624244189779000,0,6761.55037567,0.7391
1624244189832000,0,207.30560355,0.7391
1624244190062000,0,545.00000000,0.7391
1624244190240000,0,1628.00000000,0.7391
1624244191405000,0,6761.55037567,0.7391
1624244191885000,0,658.07210000,0.7391
1624244191957000,0,4773.49560514,0.7391
1624244192029000,0,823.79000000,0.7391
1624244192042000,0,3062.00000000,0.7391
1624244192704000,1,6761.69723124,0.7392
1624244193575000,0,434.71629819,0.7391
1624244194120000,0,6500.00000000,0.7391
1624244194137000,0,3370.87878400,0.7391
1624244194189000,0,1500.00000000,0.7391
1624244194220000,0,1388.14000000,0.7391
1624244194234000,0,2030.90000000,0.7391
1624244194248000,0,1041.33152310,0.7391
1624244194263000,0,660.00000000,0.7391
1624244194490000,0,1347.94000000,0.7391
1624244194839000,0,1403.48363651,0.7391
1624244194886000,0,1000.79994747,0.7391
1624244194930000,0,608.50342040,0.7391
1624244195002000,1,2013.17765480,0.7391
1624244195002000,1,400.00000000,0.7391
1624244195002000,1,219.41204520,0.7391
1624244195090000,1,0.00001091,0.7391
1624244195090000,1,548.56126909,0.7391
1624244195149000,0,141.94266867,0.7391
1624244195227000,0,464.21568238,0.7391
1624244195356000,0,1109.23699925,0.7391
1624244195515000,0,2016.15958971,0.7391
1624244196637000,0,6760.94889040,0.7391
1624244198241000,0,560.88845583,0.7391
1624244198259000,0,1618.96826447,0.7391
1624244198271000,0,1201.99989442,0.7391
1624244198304000,0,560.69021950,0.7391
1624244198463000,0,1418.61451430,0.7391
1624244198621000,0,199.29985365,0.7391
1624244198641000,0,2911.49381703,0.7391
1624244198660000,0,2822.52087892,0.7391
1624244198742000,0,1764.33850303,0.7391
1624244198781000,0,4759.87017037,0.7391
1624244198792000,0,562.41897602,0.7391
1624244198834000,0,1171.73804665,0.7391
1624244198959000,1,2042.65941000,0.7391
1624244199022000,0,1201.95450695,0.7391
1624244199064000,0,2053.20000000,0.7391
1624244199317000,0,6761.66692867,0.7391
1624244200986000,0,638.97990801,0.7391
1624244202155000,0,6761.52225512,0.7391
1624244204722000,0,5500.00000000,0.7391
1624244204968000,0,2003.00000000,0.7391
1624244205063000,0,33797.12862841,0.7391
1624244205180000,0,168.40001261,0.7391
1624244205277000,0,1051.79322686,0.7391
1624244205307000,0,4760.80640081,0.7391
1624244205439000,0,2742.41361884,0.7391
1624244205441000,0,1029.16165280,0.7391
1624244205580000,0,33788.87484883,0.7391
1624244205693000,0,259.92730636,0.7391
1624244205939000,0,2671.99214135,0.7391
1624244213731000,1,400.00000000,0.7396
1624244213807000,1,213.28637066,0.7396
1624244213807000,1,0.00579934,0.7396
1624244214411000,1,213.28637834,0.7396
1624244214411000,1,213.28637066,0.7396
1624244214411000,1,1386.59040600,0.7394
1624244214411000,1,14089.70142600,0.7394
1624244214411000,1,2017.16302847,0.7394
1624244214411000,1,400.00000000,0.7394
1624244214411000,1,1951.00099439,0.7393
1624244214411000,1,14204.90591453,0.7393
1624244214436000,0,15712.65822286,0.7391
1624244214529000,1,400.00000000,0.7391
1624244214818000,0,4000.00000000,0.7391
1624244214931000,0,500.00000000,0.7391
1624244215019000,0,6759.92290051,0.7391
1624244215113000,0,2029.06525229,0.7391
1624244215361000,0,2023.67007006,0.7391
1624244215361000,0,1291.85480034,0.7391
1624244215373000,0,1944.71846010,0.7391
1624244215381000,0,13375.85609113,0.7391
1624244215439000,0,3366.66825828,0.7391
1624244215505000,0,202.28915861,0.7391
1624244215628000,0,382.97296974,0.7391
1624244215640000,0,33791.50177454,0.7391
1624244215677000,0,1464.03331998,0.7391
1624244215739000,0,9500.00000000,0.7391
1624244215828000,0,3414.56528499,0.7391
1624244215860000,0,9500.00000000,0.7391
1624244215861000,0,527.33924271,0.7391
1624244216048000,0,392.09000000,0.7391
1624244216088000,0,755.78644319,0.7391
1624244216349000,0,238.50000000,0.7391
1624244216401000,0,2002.70000000,0.7391
1624244216404000,0,6758.51416746,0.7391
1624244216791000,0,33791.99396489,0.7391
1624244216876000,0,539.65429999,0.7391
1624244216931000,0,1477.66477447,0.7391
1624244217160000,0,2444.70000000,0.7391
1624244217171000,0,13375.85708010,0.7391
1624244217177000,0,216.15009587,0.7391
1624244217207000,0,2049.75455331,0.7391
1624244217283000,0,3319.08650474,0.7391
1624244217386000,0,426.74925831,0.7391
1624244217387000,0,614.11619372,0.7391
1624244217431000,0,4276.55996810,0.7391
1624244217448000,0,1761.21408892,0.7391
1624244217458000,0,254.17013325,0.7391
1624244217519000,0,6758.15579869,0.7391
1624244217522000,0,8528.19057332,0.7391
1624244218265000,0,1951.00099440,0.7399
1624244218265000,0,63.45900560,0.7400
1624244218613000,0,1951.00099440,0.7399
1624244218613000,0,724.63852399,0.7400
1624244220762000,1,60.66440000,0.7397
1624244222310000,0,2661.11929108,0.7400
1624244223369000,0,216.12859652,0.7400
1624244224953000,1,400.00000000,0.7398
1624244224953000,1,2005.20446000,0.7398
1624244226339000,0,891.53046062,0.7400
1624244227562000,1,400.00000000,0.7398
1624244227562000,1,6755.19437767,0.7397
1624244227562000,1,2020.52155573,0.7397
1624244227562000,1,13508.61975605,0.7397
1624244227562000,1,186.28829420,0.7396
1624244227562000,1,192.49112455,0.7396
1624244227562000,1,10700.00000000,0.7396
1624244227562000,1,1210.89767519,0.7395
1624244227562000,1,13510.16679308,0.7394
1624244227629000,0,688.90990139,0.7394
1624244227649000,0,9500.00000000,0.7394
1624244227650000,0,10700.00000000,0.7394
1624244227692000,0,33777.16645294,0.7394
1624244227737000,0,9500.00000000,0.7394
1624244228073000,1,400.00000000,0.7394
1624244228073000,1,20263.57961910,0.7393
1624244228073000,1,186.25205310,0.7393
1624244228073000,1,192.49112455,0.7393
1624244228073000,1,1210.66208484,0.7393
1624244228073000,1,2016.54245174,0.7393
1624244228073000,1,2042.45646791,0.7391
1624244228073000,1,4752.90039876,0.7391
1624244228250000,0,33778.06263077,0.7394
1624244228260000,0,1999.00014819,0.7394
1624244228515000,0,13510.16679308,0.7394
1624244228515000,0,13510.86658118,0.7394
1624244228522000,0,6755.43329059,0.7394
1624244228529000,0,2683.37011985,0.7394
1624244228530000,0,2023.80000000,0.7394
1624244228568000,0,824.95122161,0.7394
1624244228802000,0,297.05376932,0.7394
1624244228877000,0,33779.90192195,0.7394
1624244228883000,0,871.81630501,0.7394
1624244229045000,0,2500.00000000,0.7394
1624244229092000,0,1606.73006954,0.7394
1624244229112000,0,213.18563490,0.7394
1624244229165000,0,8751.59254271,0.7394
1624244229181000,0,351.67977771,0.7394
1624244229200000,0,3470.07157814,0.7394
1624244229204000,0,2707.20000000,0.7394
1624244229282000,0,2681.14443666,0.7394
1624244229286000,0,2004.11000000,0.7394
1624244229402000,0,3030.60724799,0.7394
1624244233774000,1,400.00000000,0.7396
1624244233927000,1,400.00000000,0.7396
1624244234117000,1,166.97412463,0.7396
1624244240720000,1,400.00000000,0.7395
1624244240720000,1,154.91245842,0.7395
1624244240720000,1,154.92501777,0.7394
1624244240720000,1,154.92166841,0.7394
1624244240726000,0,4783.13376354,0.7394
1624244240768000,0,3337.44964428,0.7394
1624244240782000,0,1986.19124184,0.7394
1624244240791000,0,400.00000000,0.7394
1624244240793000,0,9500.00000000,0.7394
1624244240801000,0,500.00000000,0.7394
1624244240919000,0,33773.61202493,0.7394
1624244241240000,0,243.38699642,0.7394
1624244241371000,0,1937.43841302,0.7394
1624244241497000,0,33775.73288025,0.7394
1624244241504000,0,13509.44480998,0.7394
1624244241510000,0,6754.72240499,0.7394
1624244241519000,0,328.00000001,0.7394
1624244241624000,0,880.98043486,0.7394
1624244241934000,0,981.02078899,0.7394
1624244242184000,0,33779.52003744,0.7394
1624244242427000,0,276.21768767,0.7394
1624244242629000,0,9500.00000000,0.7394
1624244242694000,0,355.14681434,0.7394
1624244242758000,0,9500.00000000,0.7394
1624244243078000,0,1355.09320753,0.7394
1624244243103000,0,6755.07926365,0.7394
1624244243501000,0,33768.04676894,0.7394
1624244243714000,0,742.99096979,0.7394
1624244243737000,0,2038.31559575,0.7394
1624244243909000,0,701.75000000,0.7394
1624244244052000,0,2651.02635449,0.7394
1624244244439000,1,2002.74468976,0.7396
1624244244439000,1,400.00000000,0.7396
1624244244439000,1,6753.56444906,0.7396
1624244244439000,1,379.47824102,0.7394
1624244244514000,0,9500.00000000,0.7394
1624244244545000,0,151.79129641,0.7394
1624244244701000,0,379.51823100,0.7394
1624244244702000,0,143.34700248,0.7394
1624244245061000,0,135.08584705,0.7394
1624244245267000,0,621.92240075,0.7394
1624244245841000,0,6754.27538604,0.7394
1624244245843000,0,7800.21320912,0.7394
1624244247549000,1,400.00000000,0.7394
1624244247610000,1,151.79129641,0.7394
1624244247610000,1,151.80729240,0.7394
1624244247610000,1,986.75345640,0.7394
1624244247610000,1,709.85075479,0.7393
1624244247731000,1,1290.35212611,0.7393
1624244248522000,0,709.85075389,0.7393
1624244250448000,1,2014.68001623,0.7391
1624244250448000,1,147.28242566,0.7391
1624244250448000,1,957.34284068,0.7391
1624244250448000,1,151.79127743,0.7391
1624244251405000,0,2690.13437154,0.7395
1624244253849000,0,6840.32598648,0.7395
1624244254185000,0,184.22036769,0.7395
1624244254361000,0,2039.95705652,0.7395
1624244259343000,1,134.60030000,0.7390
1624244269149000,1,133.98738012,0.7390
1624244269149000,1,22.20251988,0.7390
1624244277867000,0,3659.06953342,0.7395
1624244277870000,0,4718.12897120,0.7395
1624244277897000,0,2690.60721190,0.7395
1624244278054000,0,2799.45417195,0.7395
1624244278054000,0,1910.54582804,0.7397
1624244278113000,0,1140.82230000,0.7397
1624244279545000,0,2662.34205016,0.7399
1624244286184000,1,133.12073000,0.7396
1624244286346000,1,0.00000462,0.7396
1624244286541000,1,332.80183656,0.7394
1624244286541000,1,332.80182344,0.7394
1624244293171000,1,2047.55721000,0.7393
1624244294211000,1,129.17181497,0.7392
1624244294211000,1,322.92953742,0.7392
1624244294211000,1,839.56910761,0.7392
1624244294445000,1,129.18473822,0.7392
1624244294454000,1,0.00000001,0.7392
1624244294589000,1,839.56912843,0.7391
1624244307648000,1,0.00000391,0.7390
1624244313939000,1,111.48931249,0.7389
1624244313939000,1,2031.54816751,0.7389
1624244314965000,1,278.74062000,0.7389
1624244323506000,1,272.31256101,0.7391
1624244323506000,1,108.92502440,0.7391
1624244323506000,1,708.01264459,0.7391
1624244333134000,0,670.07269288,0.7399
1624244343845000,0,2890.71997839,0.7399
1624244355741000,0,1703.00000000,0.7399
1624244356607000,1,6756.13537344,0.7397
1624244356856000,1,259.94757324,0.7396
1624244356856000,1,675.82563276,0.7395
1624244357152000,1,103.98043428,0.7396
1624244357152000,1,260.01010945,0.7395
1624244359833000,1,7000.00000000,0.7394
1624244372055000,1,2955.81000000,0.7398
1624244377385000,0,2729.28714262,0.7399
1624244377511000,0,1026.74952715,0.7399
1624244377522000,0,3674.68251823,0.7399
1624244377660000,0,2420.56114087,0.7399
1624244378340000,0,6754.37629340,0.7399
1624244382143000,0,6753.92937272,0.7399
1624244383052000,0,377.86061056,0.7399
1624244385686000,0,4435.00000000,0.7399
1624244390511000,0,310.74572493,0.7399
1624244392695000,0,2003.11956536,0.7399
1624244394260000,1,4008.06937000,0.7399
1624244395087000,0,1357.51291178,0.7399
1624244395216000,0,362.15344549,0.7399
1624244395674000,0,205.30986548,0.7399
1624244395787000,0,206.40436838,0.7399
1624244395833000,0,201.10967335,0.7399
1624244398847000,0,4781.84519791,0.7399
1624244400502000,1,5000.00000000,0.7397
1624244400593000,1,4000.00000000,0.7397
1624244400655000,1,4500.00000000,0.7397
1624244400722000,1,9000.00000000,0.7397
1624244400785000,1,4516.19230000,0.7397
1624244401199000,1,90.86517000,0.7397
1624244409711000,0,5644.00000000,0.7399
1624244415565000,1,85.21012000,0.7397
1624244415571000,1,0.00000685,0.7397
1624244415571000,1,203.39231324,0.7397
1624244415571000,1,528.82001443,0.7396
1624244415571000,1,6757.40647903,0.7396
1624244420881000,0,636.81000000,0.7403
1624244421097000,0,1041.09530114,0.7399
1624244421149000,0,2691.60000000,0.7399
1624244421166000,0,7444.15201409,0.7399
1624244421308000,0,4687.28893691,0.7399
1624244421368000,0,2038.97739123,0.7399
1624244421433000,0,168.43997026,0.7399
1624244421488000,0,1382.89804390,0.7399
1624244421503000,0,2018.16946526,0.7399
1624244421509000,0,6872.36809342,0.7399
1624244421510000,0,2702.92438007,0.7399
1624244421520000,0,1281.74605144,0.7399
1624244421521000,0,9871.33426526,0.7399
1624244421539000,0,4430.92752929,0.7399
1624244421548000,0,230.46560741,0.7399
1624244421586000,0,569.53326741,0.7399
1624244421595000,0,6754.56579564,0.7399
1624244421640000,0,4603.72724490,0.7399
1624244421668000,0,2733.13029945,0.7399
1624244421670000,0,4078.61147429,0.7399
1624244421670000,0,397.59995428,0.7399
1624244421699000,0,552.00000000,0.7399
1624244421728000,0,5121.46166980,0.7399
1624244421743000,0,214.64114156,0.7399
1624244421744000,0,2704.47162462,0.7399
1624244421747000,0,1231.28715700,0.7399
1624244421753000,0,5374.97254753,0.7399
1624244421755000,0,4059.15851905,0.7399
1624244421811000,0,350.56410017,0.7399
1624244421816000,0,2072.74633105,0.7399
1624244421819000,0,1625.00703152,0.7399
1624244421825000,0,1379.85157056,0.7399
1624244421842000,0,33761.70812807,0.7399
1624244429436000,0,1978.40782347,0.7399
1624244429500000,0,6753.46098547,0.7399
1624244429637000,0,1445.61059794,0.7399
1624244430908000,0,6753.46098547,0.7399
1624244431412000,1,69.24913699,0.7398
1624244431412000,1,69.24913699,0.7398
1624244431412000,1,69.24913699,0.7398
1624244431857000,1,69.24913699,0.7398
1624244441311000,1,67.89661000,0.7396
1624244441320000,1,0.00000714,0.7396
1624244441320000,1,17382.51138108,0.7396
1624244441347000,1,441.28627286,0.7396
1624244441347000,1,67.89661714,0.7396
1624244441502000,0,169.72548956,0.7396
1624244457689000,0,33041.91953320,0.7399
1624244464373000,0,28856.10000000,0.7399
1624244477576000,1,59.97737653,0.7396
1624244477576000,1,149.94344132,0.7396
1624244477602000,1,0.00000001,0.7396
1624244488290000,1,149.94344133,0.7393
1624244488404000,1,59.00993711,0.7394
1624244497172000,1,57.26367210,0.7389
1624244497172000,1,0.00000959,0.7389
1624244510018000,1,21357.38306814,0.7386
1624244510018000,1,5700.84093186,0.7386
1624244510018000,1,140.64359775,0.7385
1624244510018000,1,56.24404259,0.7385
1624244510018000,1,10142.09210000,0.7385
1624244517676000,1,112.92906621,0.7386
1624244537445000,1,83.52547000,0.7387
1624244537519000,1,0.00000124,0.7387
1624244537519000,1,208.81366876,0.7386
1624244586790000,1,77.91629677,0.7383
1624244586791000,1,0.00000001,0.7383
1624244594779000,1,2781.70786451,0.7382
1624244594864000,1,76.21555707,0.7381
1624244627738000,1,68.30400000,0.7375
1624244699569000,1,5500.00000000,0.7377
1624244699643000,1,132.66457030,0.7377
1624244699643000,1,53.06582812,0.7377
1624244703372000,1,6775.35998000,0.7378
1624244703416000,1,0.00000317,0.7378
1624244703450000,1,52.13720370,0.7377
1624244747991000,1,48.97671700,0.7384
1624244748137000,1,122.47553000,0.7384
1624244748252000,1,0.00000787,0.7384
1624244748252000,1,318.32969213,0.7382
1624244775571000,0,1187.09638554,0.7379
1624244794061000,1,6778.53261000,0.7374
1624244794092000,1,0.00000443,0.7374
1624244808764000,1,39.55217693,0.7361
1624244808764000,1,107.62872150,0.7361
1624244835747000,1,10195.94910000,0.7344
1624244836154000,1,33.92464909,0.7342
1624244836154000,1,34.74546264,0.7341
1624244836381000,1,85.91165484,0.7341
1624244836381000,1,86.84639998,0.7339
1624244836381000,1,100.00000000,0.7339
1624244836381000,1,823.03590014,0.7335
1624244905456000,1,6810.83422000,0.7339
1624244921858000,1,6804.41840000,0.7346
1624244980017000,1,3820.29600000,0.7364
1624244980425000,1,40.12710000,0.7362
1624244980456000,1,0.00007299,0.7362
1624244980456000,1,101.61685092,0.7361
1624244980456000,1,40.64674037,0.7361
1624245081904000,0,1311.81000000,0.7362
1624245103006000,1,6792.19619338,0.7358
1624245103012000,1,0.00000001,0.7358
1624245103203000,1,65.85180000,0.7357
1624245111368000,0,11451.74700000,0.7352
1624245111368000,0,1956.25462081,0.7352
1624245111368000,0,49.47827949,0.7352
1624245120616000,1,0.00000438,0.7346
1624245120616000,1,65.63329278,0.7343
1624245120616000,1,164.08310284,0.7343
1624245156754000,1,48.36220000,0.7327
1624245157143000,1,0.00000595,0.7327
1624245232850000,0,167.47616653,0.7359
1624245379304000,0,13509.18781615,0.7354
1624245389696000,0,1069.87658223,0.7360
1624245410083000,0,1956.25400000,0.7363
1624245410139000,0,0.00062081,0.7363
1624245422233000,1,2323.76425000,0.7364
1624245438160000,0,6041.40591160,0.7370
1624245438163000,0,21432.67238301,0.7370
1624245438190000,0,18998.82217043,0.7370
1624245438195000,0,21429.55311419,0.7370
1624245438197000,0,18019.12680033,0.7370
1624245438199000,0,1662.32356084,0.7370
1624245438199000,0,1932.34600000,0.7370
1624245438288000,0,60048.29316000,0.7370
1624245438360000,0,20000.00000000,0.7370
1624245438499000,0,5500.00000000,0.7370
1624245438567000,0,4000.00000000,0.7370
1624245440569000,1,6781.62366743,0.7370
1624245445099000,0,6780.19345936,0.7370
1624245445161000,0,33897.77431771,0.7370
1624245467297000,1,6782.83615000,0.7368
1624245491545000,0,9461.61500771,0.7370
1624245496567000,0,131.26412725,0.7370
1624245500558000,1,0.00000736,0.7368
1624245522860000,0,328.17000000,0.7364
1624245561121000,0,5500.00000000,0.7370
1624245564902000,0,6780.82375284,0.7370
1624245568184000,1,5000.00000000,0.7369
1624245610770000,0,1060.00000000,0.7370
1624245610838000,1,5717.16385000,0.7370
1624245612468000,1,3.92356816,0.7370
1624245612468000,1,4496.07643184,0.7370
1624245612524000,1,2285.01097000,0.7370
1624245619691000,0,1000.00000000,0.7370
1624245646151000,1,5500.00000000,0.7375
1624245650651000,1,400.00000000,0.7376
1624245650651000,1,10700.00000000,0.7375
1624245650651000,1,45.16357211,0.7374
1624245650689000,0,11451.74700000,0.7374
1624245650728000,0,24785.01097000,0.7374
1624245650749000,0,9600.00000000,0.7374
1624245650752000,0,112.89210267,0.7374
1624245650801000,0,14000.00000000,0.7374
1624245650930000,0,33853.85724372,0.7374
1624245650985000,0,3629.27748482,0.7374
1624245650989000,0,13301.42549130,0.7374
1624245650991000,0,19040.21456575,0.7374
1624245651153000,0,215.10295274,0.7374
1624245651353000,0,4025.60920903,0.7374
1624245651423000,0,995.69847324,0.7374
1624245651430000,0,2685.70636246,0.7374
1624245651432000,0,33862.78688857,0.7374
1624245651453000,0,427.68034518,0.7374
1624245651467000,0,4813.02362588,0.7374
1624245651478000,0,6771.83949100,0.7374
1624245651481000,0,534.33420473,0.7374
1624245651482000,0,13545.63960709,0.7374
1624245651485000,0,20311.67617805,0.7374
1624245651535000,0,2660.76419576,0.7374
1624245651595000,0,388.59396402,0.7374
1624245651637000,0,2693.78916955,0.7374
1624245651639000,0,2038.09791159,0.7374
1624245651675000,0,1249.30041139,0.7374
1624245651709000,0,3658.68599318,0.7374
1624245651713000,0,646.90279119,0.7374
1624245651737000,0,3197.08236966,0.7374
1624245651828000,0,1070.47739543,0.7374
1624245651829000,0,2730.77929561,0.7374
1624245651848000,0,350.55269954,0.7374
1624245651850000,0,207.28803474,0.7374
1624245660856000,1,1954.87562273,0.7375
1624245661193000,0,6774.73490060,0.7374
1624245661905000,0,3064.61096495,0.7374
1624245663077000,0,2708.45851453,0.7374
1624245671231000,0,4811.76243495,0.7374
1624245672107000,1,6774.52388904,0.7375
1624245674722000,0,6775.25671252,0.7374
1624245675033000,0,11166.00000000,0.7374
1624245675268000,0,279.19894621,0.7374
1624245675411000,0,1875.11987301,0.7374
1624245676127000,0,6774.16943074,0.7374
1624245677414000,0,6774.16943074,0.7374
1624245679607000,1,42.11564729,0.7374
1624245680361000,0,6774.30371151,0.7374
1624245680716000,1,105.28426752,0.7374
1624245680716000,1,400.00000000,0.7374
1624245680716000,1,42.11563248,0.7374
1624245684404000,0,6775.01155239,0.7374
1624245685897000,0,2713.73933847,0.7374
1624245688336000,0,508.00000000,0.7374
1624245693763000,0,562.18889979,0.7374
1624245695666000,0,2022.21756568,0.7374
1624245695778000,1,7452.60010000,0.7372
1624245695947000,1,3500.00000000,0.7372
1624245696078000,1,102.97030441,0.7372
1624245696078000,1,41.18569559,0.7372
1624245733680000,1,47.01311339,0.7364
1624245733680000,1,117.53278348,0.7364
1624245733680000,1,624.86707028,0.7364
1624245753686000,1,6000.00000000,0.7361
1624245756222000,1,3744.44400000,0.7362
1624245756255000,0,557.89000529,0.7365
1624245759993000,1,6789.42997627,0.7361
1624245760247000,1,43.86088944,0.7360
1624245760247000,1,43.27878877,0.7360
1624245783483000,0,391.19928081,0.7367
1624245783493000,0,467.93809434,0.7367
1624245783548000,0,779.98377782,0.7367
1624245785210000,0,1416.17701488,0.7371
1624245802979000,1,4500.00000000,0.7366
1624245803353000,1,2283.79046000,0.7366
1624245803412000,1,0.00000390,0.7366
1624245803412000,1,35.73675326,0.7365
1624245803412000,1,89.34188315,0.7364
1624245803412000,1,400.00000000,0.7364
1624245803491000,0,484.65720435,0.7363
1624245806977000,1,6783.52736000,0.7366
1624245808994000,1,0.00000079,0.7366
1624245808994000,1,35.11519063,0.7365
1624245808994000,1,87.78797658,0.7365
1624245808994000,1,6662.34186200,0.7365
1624245827365000,1,34.49462412,0.7366
1624245827365000,1,86.24030482,0.7366
1624245827843000,1,224.22479000,0.7364
1624245845826000,0,7576.78764000,0.7365
1624245845891000,0,5000.00000000,0.7365
1624245847411000,1,4000.00000000,0.7366
1624245847471000,1,2783.98889000,0.7366
1624245849952000,1,0.00000859,0.7366
1624245849952000,1,2969.93645141,0.7363
1624245867065000,1,31.09149265,0.7355
1624245867065000,1,77.73232286,0.7355
1624245867065000,1,1891.17618449,0.7355
1624245887910000,0,558.59769724,0.7356
1624245937676000,1,5246.07465000,0.7355
1624245937731000,1,1548.28285000,0.7355
1624245957453000,1,6793.62564000,0.7356
1624245981905000,1,64.15122946,0.7361
1624245981905000,1,6788.38940751,0.7361
1624245981915000,1,0.00000001,0.7361
1624245998174000,1,54.92777815,0.7357
1624245998254000,1,2008.40061000,0.7357
1624246027662000,1,0.00000492,0.7356
1624246027662000,1,0.00000555,0.7355
1624246062433000,1,6805.04992068,0.7344
1624246112216000,1,50.84040000,0.7324
1624246112230000,1,0.00007836,0.7324
1624246112230000,1,13544.28022164,0.7324
1624246113448000,1,50.84047836,0.7323
1624246113448000,1,2307.34145407,0.7323
1624246113507000,1,0.00000001,0.7323
1624246113507000,1,53.18111569,0.7322
1624246115865000,0,2301.31917895,0.7322
1624246129583000,0,391.69000000,0.7325
1624246142848000,1,6826.00119811,0.7320
1624246151930000,0,3888.60000000,0.7324
1624246164326000,1,6826.33955000,0.7322
1624246177292000,1,6826.09827000,0.7321
1624246179840000,1,6827.97699000,0.7320
1624246213697000,1,27.61850419,0.7329
1624246213697000,1,69.04870822,0.7329
1624246241893000,0,13774.50422717,0.7335
1624246241893000,0,13199.15646283,0.7335
1624246254281000,0,3749.55416902,0.7344
1624246257780000,0,631.11240055,0.7347
1624246260748000,1,6807.36720000,0.7341
1624246264391000,0,55.98732695,0.7346
1624246281967000,1,45.80151000,0.7348
1624246282102000,1,0.00000049,0.7348
1624246282102000,1,114.50376951,0.7347
1624246282263000,1,0.00000671,0.7347
1624246282336000,1,297.69281000,0.7347
1624246286308000,1,3131.73928000,0.7347
1624246320052000,1,41.70000000,0.7344
1624246320060000,1,0.00000871,0.7344
1624246320060000,1,104.25002177,0.7344
1624246320173000,1,147.78942596,0.7343
1624246320181000,1,123.22079834,0.7343
1624246330734000,1,6811.03151000,0.7338
1624246332928000,1,14889.62232000,0.7336
1624246332934000,1,0.00000272,0.7336
1624246378476000,1,6822.50183000,0.7325
1624246384858000,1,2049.68944098,0.7326
1624246384858000,1,0.00000892,0.7325
1624246386405000,1,13587.68952000,0.7322
1624246391335000,1,33.98300000,0.7318
1624246413674000,1,450.00000000,0.7311
1624246428714000,0,11000.00000000,0.7306
1624246433193000,0,3938.64860020,0.7308
1624246452788000,1,11000.00000000,0.7310
1624246455063000,1,31.62084454,0.7306
1624246455063000,1,31.62499528,0.7306
1624246461510000,1,200.00000000,0.7300
1624246481841000,0,33.98300000,0.7300
1624246482144000,0,9966.01700000,0.7300
1624246490073000,0,14220.18842000,0.7307
1624246522240000,0,612.72647959,0.7313
1624246539978000,1,6839.22045000,0.7307
1624246540055000,1,13229.27389000,0.7306
1624246583292000,1,2076.17364000,0.7291
1624246592496000,1,6849.81158000,0.7295
1624246594008000,1,0.00000388,0.7295
1624246597518000,1,6856.08807000,0.7289
1624246690594000,1,0.00000989,0.7291
1624246690594000,1,0.00000163,0.7289
1624246691969000,0,299.99998848,0.7289
1624246701386000,0,397.47000000,0.7287
1624246728933000,0,275.18127265,0.7282
1624246751858000,0,2000.00000000,0.7280
1624246766937000,1,6862.79821000,0.7282
1624246783550000,1,0.00000325,0.7282
1624246783550000,1,6863.63336675,0.7282
1624246806184000,1,3495.82255000,0.7281
1624246817836000,1,2063.22155029,0.7276
1624246847631000,0,4127.39931255,0.7282
1624246893206000,1,6870.81582000,0.7274
1624246894602000,1,0.00000386,0.7274
1624246930154000,1,300.00000000,0.7270
1624246960919000,1,11000.00000000,0.7274
1624246960919000,1,14061.81181233,0.7274
1624246960919000,1,7712.84524667,0.7273
1624246993142000,0,6867.47789424,0.7279
1624247009695000,1,418.00000000,0.7280
1624247013381000,0,6864.54804495,0.7282
1624247033082000,0,283.25154772,0.7285
1624247041070000,1,6864.00000000,0.7282
1624247054455000,0,3316.07104642,0.7285
1624247055461000,0,3132.87927000,0.7285
1624247055554000,0,0.00000042,0.7285
1624247112616000,0,13954.09525318,0.7298
1624247112860000,0,367.67743671,0.7298
1624247112988000,0,1390.88553297,0.7298
1624247112988000,0,123609.11446703,0.7298
1624247113235000,0,1373.66899963,0.7298
1624247113373000,0,2053.01335761,0.7298
1624247113452000,0,12648.25585000,0.7298
1624247113517000,0,34232.36182457,0.7298
1624247113523000,0,782.24471690,0.7298
1624247113525000,0,4500.00000000,0.7298
1624247113569000,0,298.61407973,0.7298
1624247113594000,0,6847.48408501,0.7298
1624247113600000,0,13692.94472984,0.7298
1624247113603000,0,3500.00000000,0.7298
1624247113684000,0,4000.00000000,0.7298
1624247113704000,0,1172.15054759,0.7298
1624247113712000,0,830.43709928,0.7298
1624247113754000,0,1500.00000000,0.7298
1624247113775000,0,2932.47367421,0.7298
1624247113786000,0,528.87149906,0.7298
1624247113804000,0,1438.41137908,0.7298
1624247113809000,0,208.12952263,0.7298
1624247113843000,0,312.07542154,0.7298
1624247114548000,0,12500.56368155,0.7298
1624247114569000,0,10808.09775021,0.7298
1624247114584000,0,10232.08731453,0.7298
1624247115034000,1,400.00000000,0.7299
1624247124827000,1,6838.48939214,0.7306
1624247124827000,1,400.00000000,0.7306
1624247124827000,1,1981.74030301,0.7306
1624247124827000,1,2059.99150998,0.7303
1624247124827000,1,11061.74320022,0.7302
1624247124827000,1,2045.39852094,0.7302
1624247124831000,0,20514.01639311,0.7302
1624247124833000,0,13676.97878427,0.7302
1624247124847000,0,10700.00000000,0.7302
1624247124878000,0,11451.74700000,0.7302
1624247124902000,0,15712.65822286,0.7302
1624247124917000,0,26782.27000000,0.7302
1624247124935000,0,33750.00000000,0.7302
1624247124936000,0,500.00000000,0.7302
1624247124956000,0,932.18860000,0.7302
1624247124966000,0,44.58860000,0.7302
1624247124969000,0,44.60650000,0.7302
1624247124969000,0,1352.30930000,0.7302
1624247125007000,0,1981.74030301,0.7302
1624247125044000,0,33750.00000000,0.7302
1624247125093000,0,2947.71887952,0.7302
1624247125096000,0,34173.00299847,0.7302
1624247125133000,0,13730.91791985,0.7302
1624247125133000,0,1877.40208015,0.7302
1624247125133000,0,45.20660000,0.7302
1624247125136000,0,42.53140000,0.7302
1624247125168000,0,17316.41171533,0.7302
1624247125221000,0,361.98844760,0.7313
1624247125743000,0,1981.74030302,0.7313
1624247125743000,0,1437.40658500,0.7313
1624247126158000,0,3419.19364238,0.7313
1624247131924000,1,92.00000000,0.7302
1624247133144000,0,1479.49873711,0.7308
1624247147711000,1,6840.15120000,0.7305
1624247147785000,1,0.00000498,0.7305
1624247147785000,1,2037.49091502,0.7303
1624247148328000,1,2072.03320000,0.7301
1624247151488000,1,4500.00000000,0.7297
1624247154546000,1,2347.44837000,0.7297
1624247168835000,1,0.00000697,0.7297
1624247169223000,0,451.30266549,0.7297
1624247169611000,0,617.47348515,0.7297
1624247169815000,0,4599.98066000,0.7297
1624247169858000,0,0.00000036,0.7297
1624247169889000,0,2053.15583251,0.7302
1624247171702000,0,220.27447197,0.7303
1624247173214000,0,6841.80314752,0.7303
1624247174609000,1,6842.03530000,0.7302
1624247174729000,1,0.00000695,0.7302
1624247174729000,1,2081.42719305,0.7301
1624247175496000,0,166.40000000,0.7303
1624247175557000,0,2072.11043368,0.7303
1624247176873000,1,6842.57168000,0.7302
1624247177452000,1,0.00000690,0.7302
1624247177452000,1,0.00000869,0.7301
1624247177452000,1,399.99998441,0.7301
1624247177566000,0,1837.49000000,0.7303
1624247178555000,0,201.91000000,0.7303
1624247182593000,0,2079.20000000,0.7303
1624247185072000,1,5236.82279000,0.7301
1624247186472000,0,4834.00000000,0.7303
1624247187314000,0,238.28658022,0.7303
1624247188905000,0,4777.54962355,0.7303
1624247188914000,0,7000.00000000,0.7303
1624247188991000,0,6000.00000000,0.7303
1624247189133000,0,34201.07062147,0.7303
1624247189230000,0,1792.80142329,0.7303
1624247189280000,0,3500.00000000,0.7303
1624247189363000,0,6500.00000000,0.7303
1624247189408000,0,1635.71153164,0.7303
1624247189410000,0,250.73690581,0.7303
1624247189431000,0,6000.00000000,0.7303
1624247189647000,0,34200.80819311,0.7303
1624247189688000,0,259.17333831,0.7303
1624247189785000,0,6840.21412430,0.7303
1624247190329000,0,4500.00000000,0.7303
1624247190671000,0,257.06000000,0.7303
1624247190924000,0,2034.91637915,0.7303
1624247191484000,1,400.00000000,0.7303
1624247191540000,0,2696.59845322,0.7303
1624247191562000,0,445.81000000,0.7303
1624247192083000,0,4739.00000000,0.7303
1624247192492000,1,400.00000000,0.7302
1624247192599000,0,6839.87008295,0.7303
1624247192641000,0,2738.19335698,0.7303
1624247192665000,0,4077.87132224,0.7303
1624247192667000,0,1341.58513399,0.7303
1624247192994000,0,2710.44305508,0.7303
1624247193047000,0,714.09619752,0.7303
1624247193183000,1,2053.27178334,0.7300
1624247193708000,1,2049.20054000,0.7299
1624247193772000,1,8950.79946000,0.7299
1624247193921000,1,2049.20054000,0.7299
1624247201121000,1,400.00000000,0.7297
1624247202062000,1,2052.04491000,0.7294
1624247203045000,1,2078.45449000,0.7289
1624247208791000,1,2999.97426000,0.7291
1624247209074000,1,0.00000004,0.7291
1624247209074000,1,399.99999996,0.7288
1624247209535000,1,400.00000000,0.7287
1624247209535000,1,6455.40292000,0.7286
1624247209648000,1,2036.91008000,0.7286
1624247227364000,0,1981.74030302,0.7279
1624247227364000,0,7967.76818226,0.7281
1624247257073000,1,6877.96510646,0.7263
1624247262262000,1,6879.03491000,0.7263
1624247263723000,1,0.00000592,0.7263
1624247263723000,1,912.48398931,0.7261
1624247263730000,1,5968.39693242,0.7261
1624247263793000,1,100.00000000,0.7260
1624247263978000,1,34.24234460,0.7258
1624247263978000,1,85.63602740,0.7258
1624247263978000,1,2039.92565567,0.7257
1624247263978000,1,222.71743740,0.7256
1624247263978000,1,11522.76127327,0.7256
1624247263978000,1,10335.26108841,0.7256
1624247267730000,1,149.99999999,0.7253
1624247267732000,1,0.00000001,0.7253
1624247282227000,0,5528.98721000,0.7262
1624247290169000,1,6874.73348000,0.7267
1624247291145000,1,6876.59901000,0.7265
1624247291284000,1,0.00000251,0.7265
1624247291352000,1,32.17700000,0.7264
1624247291353000,1,0.00014603,0.7264
1624247292742000,0,1961.67143048,0.7268
1624247300802000,0,392.89226307,0.7281
1624247307635000,1,400.00000000,0.7278
1624247309844000,1,6867.55170000,0.7273
1624247317348000,1,29.64928339,0.7269
1624247317348000,1,74.15663826,0.7269
1624247317351000,1,0.00000001,0.7269
1624247317462000,1,192.80725000,0.7267
1624247319543000,1,4410.22012000,0.7267
1624247320586000,1,0.00000300,0.7267
1624247350338000,1,2075.34303000,0.7259
1624247352082000,1,6879.37991703,0.7261
1624247357977000,1,11302.74527000,0.7261
1624247358049000,1,6881.13738703,0.7261
1624247359711000,0,3679.02959300,0.7261
1624247364167000,1,6885.32446000,0.7257
1624247375666000,0,6874.67619188,0.7268
1624247387920000,0,2060.18846483,0.7277
1624247392439000,0,1017.19619209,0.7280
1624247396435000,0,120.00291123,0.7279
1624247399976000,0,4318.29460801,0.7280
1624247410238000,1,6861.19655000,0.7282
1624247444481000,1,6861.76462000,0.7282
1624247444608000,1,0.00000030,0.7282
1624247444688000,1,90.47067000,0.7281
1624247444824000,1,0.00000388,0.7281
1624247444824000,1,8220.74000612,0.7281
1624247444854000,1,0.00001023,0.7281
1624247447098000,1,6867.41241000,0.7276
1624247447630000,1,0.00000911,0.7276
1624247447630000,1,1979.86293089,0.7275
1624247450354000,1,3939.95402000,0.7277
1624247455795000,1,0.00000551,0.7277
1624247456468000,1,206.67914571,0.7269
1624247456468000,1,82.65460429,0.7269
1624247456499000,1,0.00001391,0.7269
1624247456847000,1,206.65471943,0.7268
1624247456857000,1,0.00000001,0.7268
1624247482566000,1,6748.78115486,0.7274
1624247490559000,1,3234.48830000,0.7273
1624247509503000,0,14082.78445000,0.7276
1624247509656000,0,0.00000357,0.7276
1624247509656000,0,13193.34366643,0.7276
1624247521948000,0,225.56541254,0.7285
1624247525356000,1,77.73361587,0.7275
1624247536988000,0,6861.01310598,0.7284
1624247546912000,1,6861.71002000,0.7283
1624247547265000,1,0.00000412,0.7283
1624247547265000,1,76.56344349,0.7282
1624247547265000,1,191.43487239,0.7282
1624247556942000,0,4308.06616000,0.7291
1624247557183000,0,0.00000689,0.7291
1624247557183000,0,15157.19916311,0.7291
1624247557265000,0,13000.00000000,0.7291
1624247557336000,0,15000.00000000,0.7291
1624247557418000,0,10500.00000000,0.7291
1624247557488000,0,8000.00000000,0.7291
1624247558896000,1,73.81108738,0.7289
1624247558965000,1,184.51759000,0.7288
1624247568789000,1,400.00000000,0.7286
1624247569320000,1,69.76707832,0.7286
1624247580572000,1,61.23777949,0.7286
1624247580863000,1,153.10368000,0.7286
1624247580894000,1,0.00000820,0.7286
1624247581280000,1,3216.05200000,0.7289
1624247581282000,1,431.48332743,0.7289
1624247581622000,1,153.10368820,0.7283
1624247581622000,1,61.23776180,0.7283
1624247583193000,1,61.30422784,0.7278
1624247583193000,1,61.23767216,0.7278
1624247621965000,1,6869.12528000,0.7275
1624247623569000,1,0.00000025,0.7275
1624247631457000,1,2889.45166000,0.7273
1624247631475000,1,0.00000016,0.7273
1624247668208000,1,47.09491000,0.7276
1624247671517000,1,0.00000545,0.7276
1624247712263000,0,563.75355736,0.7288
1624247730811000,0,6854.11875220,0.7291
1624247732409000,0,6854.11875220,0.7291
1624247734627000,0,7106.98058576,0.7291
1624247734660000,0,1464.82015620,0.7291
1624247734749000,0,34260.19286784,0.7291
1624247735053000,0,11500.00000000,0.7291
1624247735145000,0,4500.00000000,0.7291
1624247735227000,0,731.45507223,0.7291
1624247735274000,0,34250.29098355,0.7291
1624247735378000,0,6500.00000000,0.7291
1624247735445000,0,5000.00000000,0.7291
1624247735534000,0,6000.00000000,0.7291
1624247735650000,0,6850.27714763,0.7291
1624247735654000,0,13703.39713341,0.7291
1624247735661000,0,20550.87827717,0.7291
1624247735777000,0,34255.08469212,0.7291
1624247736072000,0,72.31297810,0.7291
1624247736074000,0,3965.84898933,0.7291
1624247761658000,0,404.24826590,0.7291
1624247761670000,0,2414.52642384,0.7291
1624247764332000,0,6583.22934045,0.7291
1624247771063000,0,209.70391281,0.7291
1624247771974000,1,3511.36059000,0.7291
1624247772070000,1,3341.77313000,0.7291
1624247772714000,0,6851.88702214,0.7291
1624247773955000,0,29117.40906505,0.7291
1624247781405000,1,10500.00000000,0.7293
1624247794973000,0,32.17700000,0.7296
1624247795402000,0,939.51588444,0.7296
1624247795988000,0,791.87355762,0.7296
1624247796129000,0,6848.53007314,0.7296
1624247796201000,0,496.00911173,0.7296
1624247796277000,0,17610.16282264,0.7296
1624247796380000,0,2041.15964719,0.7296
1624247796389000,0,2031.08551495,0.7296
1624247812254000,1,4158.22687000,0.7291
1624247812309000,1,18000.00000000,0.7291
1624247812364000,1,5249.62333000,0.7291
1624247812543000,1,6645.14397000,0.7294
1624247812845000,1,0.00000035,0.7294
1624247812845000,1,68.66889965,0.7291
1624247812952000,1,0.00000182,0.7291
1624247813417000,1,68.66896111,0.7289
1624247813417000,1,171.67103889,0.7289
1624247813576000,1,0.00136389,0.7289
1624247822565000,1,3891.12636000,0.7285
1624247822664000,1,0.00000212,0.7285
1624247867661000,1,6864.13173000,0.7279
1624247888000000,0,2893.41764858,0.7278
1624247888060000,0,4096.00000000,0.7278
1624247888580000,0,182.00000000,0.7281
1624247888602000,0,1273.50485888,0.7281
1624247888605000,0,2074.93307415,0.7281
1624247888715000,0,2185.06519474,0.7281
1624247888724000,0,2990.00000000,0.7281
1624247905947000,1,376.79296742,0.7269
1624247905947000,1,151.39414258,0.7269
1624247905963000,1,0.00001114,0.7269
1624247906005000,1,979.66700000,0.7268
