timestamp ms,type,amount,price
1628380922757000,1,2800.00000000,0.5858
1628380922757000,1,3045.27530000,0.5858
1628380922757000,1,2800.00000000,0.5858
1628380922757000,1,6140.56392112,0.5857
1628380922757000,1,6143.58030436,0.5855
1628380922757000,1,349.93159193,0.5847
1628381055560000,0,11166.00000000,0.5900
1628381055628000,0,5616.64817157,0.5900
1628381055628000,0,82.95541616,0.5900
1628381055657000,0,4806.57569801,0.5900
1628381065499000,0,215.00000000,0.5910
1628381065538000,0,0.40331187,0.5910
1628381069207000,1,2800.00000000,0.5902
1628381069207000,1,2991.43500000,0.5902
1628381069207000,1,2800.00000000,0.5901
1628381069207000,1,335.90690741,0.5901
1628381069207000,1,6090.34508390,0.5901
1628381074606000,0,79.50769106,0.5923
1628381080831000,0,1935.00000000,0.5930
1628381104026000,0,79.00000000,0.5955
1628381106800000,0,0.50769106,0.5955
1628381106800000,0,1999.49230894,0.5960
1628381106851000,0,0.50769106,0.5960
1628381155956000,0,5412.00000000,0.5958
1628381602000000,0,750.00000000,0.5980
1628381638786000,0,79.00000000,0.5987
1628381638821000,0,0.50769106,0.5987
1628381660171000,0,2800.00000000,0.5980
1628381660171000,0,5688.58646246,0.5980
1628381660171000,0,2574.22827075,0.5980
1628381674128000,0,2744.00000000,0.5985
1628381716308000,1,337.79096259,0.5954
1628381722320000,0,390.60895403,0.5953
1628381877581000,0,4650.05301808,0.5957
1628382030735000,0,5902.33871299,0.5981
1628382031917000,0,118.04677426,0.5981
1628382098290000,0,140.00000000,0.6000
1628382098290000,0,1500.00000000,0.6000
1628382098290000,0,393.45225010,0.6000
1628382098290000,0,100.00000000,0.6000
1628382098290000,0,200.00000000,0.6000
1628382098290000,0,35.00000000,0.6000
1628382098290000,0,1538.89923946,0.6000
1628382098290000,0,2457.64851044,0.6000
1628382098317000,0,0.70455549,0.6000
1628382112292000,0,2000.00000000,0.6010
1628382125842000,0,79.00000000,0.6018
1628382125870000,0,0.50769106,0.6018
1628382221144000,0,79.00000000,0.6051
1628382221194000,0,0.50769106,0.6051
1628382284267000,0,2744.00000000,0.6049
1628382286531000,0,5957.32259849,0.6049
1628382286531000,0,2624.85354803,0.6052
1628382287519000,0,2800.00000000,0.6049
1628382287519000,0,4169.74718205,0.6049
1628382362034000,0,9176.00000000,0.6035
1628382372680000,0,0.43042189,0.6035
1628382518467000,0,568.12155183,0.6003
1628382594961000,1,67.83971390,0.5959
1628382595461000,1,0.00000001,0.5959
1628382646821000,0,82.96000000,0.5954
1628382670922000,1,68.20252984,0.5927
1628382670924000,1,0.00000001,0.5927
1628382710981000,1,1546.26276039,0.5907
1628382754152000,0,4129.87608385,0.5925
1628382754166000,0,2474.44552749,0.5925
1628382754238000,0,698.90900000,0.5925
1628382754280000,0,0.00008866,0.5925
1628383069725000,0,40.00000000,0.5931
1628383262668000,1,68.56692139,0.5896
1628383262707000,1,0.00000001,0.5896
1628383262826000,1,576.98687690,0.5890
1628383942186000,0,569.23286149,0.5941
1628384145074000,0,68.00000000,0.5987
1628384146001000,0,0.56692140,0.5987
1628384210625000,1,2800.00000000,0.5973
1628384922224000,0,124.59000000,0.5919
1628384935520000,0,93.00000000,0.5922
1628385363914000,1,68.56692139,0.5896
1628385363919000,1,0.00000001,0.5896
1628385408395000,0,70.00000000,0.5892
1628385414685000,0,47.00000000,0.5891
1628385453636000,1,2445.31953355,0.5880
1628385453639000,1,2001.37562899,0.5880
1628385453643000,1,1668.05979094,0.5880
1628385501046000,1,68.93400000,0.5864
1628385501284000,1,0.00005211,0.5864
1628385513234000,0,41.00000000,0.5874
1628385516568000,0,39.00000000,0.5880
1628385917656000,0,60.00000000,0.5866
1628386079403000,0,71.00000000,0.5875
1628386372507000,1,69.30275923,0.5833
1628386372508000,1,0.00000001,0.5833
1628386478309000,1,152.87605725,0.5821
1628388126142000,1,69.67303008,0.5802
1628388126304000,1,0.00000001,0.5802
1628389000754000,1,928.26313304,0.5777
1628389000757000,1,5297.29139032,0.5777
1628389000829000,1,569.23286149,0.5774
1628389382390000,1,2800.00000000,0.5779
1628389382390000,1,6224.42819844,0.5779
1628389382390000,1,2800.00000000,0.5777
1628389382390000,1,6226.79439492,0.5777
1628389382390000,1,5783.28116823,0.5776
1628389382390000,1,381.63312643,0.5771
1628389382390000,1,70.04606504,0.5771
1628389382390000,1,2480.10729138,0.5764
1628389382390000,1,381.90945373,0.5764
1628389382390000,1,11424.28122852,0.5764
1628389666345000,1,6232.42980000,0.5771
1628389666526000,1,0.00002918,0.5771
1628389666526000,1,2126.02497082,0.5769
1628390807523000,0,4527.80493457,0.5774
1628390817101000,0,462.12920000,0.5777
1628390817101000,0,2065.72770028,0.5777
1628391167944000,0,993.69374070,0.5810
1628391167948000,0,1800.36988266,0.5810
1628391168000000,0,242.32517664,0.5810
1628391209370000,1,6194.78325092,0.5806
1628391320626000,1,457.39518248,0.5796
1628391321484000,1,2485.42222220,0.5796
1628391336230000,1,6214.28133221,0.5796
1628391336721000,1,924.00237487,0.5796
1628391337480000,1,72.75168824,0.5796
1628391802452000,0,6217.09621590,0.5796
1628393398377000,0,68.64514374,0.5860
1628393398387000,0,1.40092130,0.5860
1628394195195000,0,4049.76926590,0.5851
1628394195196000,0,2105.86077703,0.5851
1628394879654000,0,69.00000000,0.5891
1628394879662000,0,0.67303009,0.5891
1628395361652000,0,2800.00000000,0.5901
1628395361652000,0,6103.51498494,0.5901
1628395361652000,0,2990.11230000,0.5901
1628395361652000,0,6101.61417314,0.5903
1628395361652000,0,2800.00000000,0.5905
1628395361652000,0,262.26984298,0.5908
1628395361652000,0,1438.29436207,0.5908
1628395361652000,0,574.00000000,0.5910
1628395361652000,0,3594.35585786,0.5910
1628395361652000,0,1438.04580552,0.5914
1628395361652000,0,1700.00000000,0.5916
1628395361652000,0,5884.00000000,0.5923
1628395361652000,0,69.30275924,0.5923
1628395361652000,0,1754.39043845,0.5926
1628396134324000,0,2991.27490000,0.5921
1628396134324000,0,6083.08589806,0.5921
1628396134324000,0,1739.40825113,0.5923
1628396334139000,0,5934.00000000,0.5913
1628396717198000,1,2800.00000000,0.5932
1628396717198000,1,703.73608347,0.5932
1628396717199000,1,2304.51031653,0.5932
1628396717199000,1,4038.72661969,0.5932
1628396771943000,0,68.93405210,0.5955
1628396771965000,0,0.00000001,0.5955
1628397531005000,1,789.19314204,0.5906
1628398152229000,1,68.93405210,0.5864
1628398693750000,1,4212.84461955,0.5884
1628398870264000,1,0.00000001,0.5864
1628399209271000,1,80.78000000,0.5835
1628399623588000,0,40.00000000,0.5871
1628400035687000,0,6120.92817787,0.5883
1628400035688000,0,0.00000001,0.5883
1628401021195000,1,297.69532196,0.5938
1628401322780000,1,2508.98900623,0.5940
1628402100113000,0,2816.85503000,0.5908
1628402209447000,1,2994.68540000,0.5942
1628403265659000,0,251.44000000,0.5931
1628403922017000,0,68.00000000,0.5955
1628403927305000,0,0.93405211,0.5955
1628403961911000,1,905.40122973,0.5969
1628403961931000,1,11344.59877027,0.5969
1628404231994000,1,33.77749000,0.5948
1628405104553000,0,266.18281728,0.5978
1628405235454000,0,68.56692139,0.5987
1628405235461000,0,0.00000001,0.5987
1628405235922000,1,129.53740800,0.5981
1628405255922000,0,3072.28859608,0.6003
1628405256918000,1,129.43767300,0.5991
1628405267544000,1,129.42472900,0.5995
1628405274310000,1,129.41178700,0.5997
1628405290330000,0,2800.00000000,0.6010
1628405290330000,0,268.94392678,0.6010
1628405297496000,1,129.32508100,0.6003
1628405315249000,1,129.31214800,0.6005
1628405394955000,1,2812.65585727,0.5996
1628405731389000,0,3948.64336318,0.5985
1628405979523000,1,2346.52848506,0.5960
1628406414520000,1,5542.02095608,0.5974
1628406524898000,0,1665.16304638,0.5976
1628406563984000,0,665.80228842,0.5978
1628406704837000,1,3637.83750137,0.5960
1628406741254000,0,79.33741795,0.5957
1628406915627000,0,122.27156619,0.5958
1628407092064000,0,65.05132619,0.5983
1628407238164000,0,98.81000000,0.5982
1628408226653000,0,167.40000000,0.5959
1628408226697000,0,167.40000000,0.5959
1628408450383000,0,50.19910086,0.5961
1628410003741000,0,251.16319730,0.5942
1628410124002000,0,984.81608999,0.5931
1628410124013000,0,0.00000001,0.5931
1628410785125000,1,68.56692140,0.5896
1628411072274000,0,1444.29572808,0.5899
1628411572099000,1,400.00000000,0.5893
1628411857557000,1,86.00000000,0.5866
1628412163499000,1,2800.00000000,0.5874
1628412163499000,1,6119.80457127,0.5874
1628412163499000,1,5798.24828702,0.5874
1628412163499000,1,1064.56319577,0.5874
1628412221762000,0,2800.00000000,0.5886
1628412221762000,0,4401.44906904,0.5886
1628412516662000,1,514.26569731,0.5892
1628412683847000,0,84.36636198,0.5897
1628412957274000,1,11750.00000000,0.5874
1628413079407000,1,68.93405211,0.5864
1628413140805000,1,180.00000000,0.5840
1628414230248000,0,2800.00000000,0.5890
1628414230248000,0,2268.13349745,0.5890
1628414573843000,1,80.88295760,0.5872
1628414573898000,1,1281.74078614,0.5872
1628414573917000,1,1179.15077942,0.5872
1628414841441000,1,187.32289238,0.5859
1628415603198000,1,2744.00000000,0.5863
1628416099566000,1,648.74148388,0.5869
1628416099611000,1,2151.25851612,0.5869
1628416099611000,1,1508.02422248,0.5869
1628416110327000,1,5690.00000000,0.5861
1628416393212000,1,2744.00000000,0.5856
1628416861029000,0,8365.62949999,0.5875
1628416861040000,0,0.00000001,0.5875
1628416889725000,0,97.10000000,0.5884
1628417181033000,0,507.12142202,0.5867
1628417432722000,0,1705.73696358,0.5849
1628417467309000,1,69.30275923,0.5833
1628417477068000,1,0.00000001,0.5833
1628417759344000,1,1120.55622279,0.5803
1628417759355000,1,1086.34546805,0.5803
1628417759362000,1,1241.22660305,0.5803
1628417759584000,1,1242.13398519,0.5803
1628417760463000,1,69.67303008,0.5802
1628417760472000,1,0.00000001,0.5802
1628417955364000,0,130.69567200,0.5790
1628417983218000,0,130.71819300,0.5789
1628418046246000,0,130.73126600,0.5788
1628418053319000,0,57.99762441,0.5785
1628418129023000,1,70.04606503,0.5771
1628418129039000,1,0.00000001,0.5771
1628418142430000,1,3063.79400000,0.5772
1628418147463000,1,2717.30000000,0.5771
1628419001004000,1,1000.00000000,0.5778
1628419235240000,1,140.14000000,0.5760
1628419235253000,1,2.86000000,0.5760
1628419244265000,1,318.35794624,0.5752
1628419280891000,1,6074.72368707,0.5747
1628419306361000,1,70.42066250,0.5741
1628419306363000,1,0.00000001,0.5741
1628419346692000,1,5515.00000000,0.5722
1628419430429000,1,36.00000000,0.5722
1628419745959000,1,10050.00000000,0.5764
1628419785112000,1,550.00000000,0.5760
1628420116643000,0,3054.18610000,0.5777
1628420271661000,0,2799.99999999,0.5792
1628420271664000,0,0.00000001,0.5792
1628420271664000,0,3650.27669679,0.5792
1628420664278000,0,859.99012085,0.5800
1628420684889000,0,2800.00000000,0.5805
1628420684889000,0,78.58330500,0.5805
1628420684889000,0,3089.87420000,0.5806
1628420684889000,0,2599.92500435,0.5808
1628421025554000,1,2610.15119428,0.5791
1628421034234000,1,198.55235992,0.5791
1628421034861000,1,233.58724579,0.5791
1628421034943000,1,0.00000001,0.5791
1628421204437000,1,2241.78847776,0.5783
1628421204438000,1,62.04482216,0.5783
1628421466821000,0,105.00000000,0.5748
1628421522720000,0,60.00000000,0.5757
1628421536072000,0,327.52629846,0.5772
1628421662268000,0,49.17548852,0.5798
1628421668015000,1,65.45268852,0.5784
1628421706018000,0,1733.16877644,0.5790
1628422326184000,0,103.08645577,0.5791
1628422474524000,1,255.27842505,0.5797
1628422474527000,1,1243.71403501,0.5797
1628422474644000,1,1975.11084337,0.5797
1628422474719000,1,365.24186381,0.5797
1628422742826000,1,182.00000000,0.5787
1628422958672000,1,720.49931350,0.5783
1628424185026000,1,358.00000000,0.5779
1628424186273000,1,0.00298557,0.5779
1628424627045000,1,278.54295645,0.5779
1628425684731000,0,109.71000000,0.5826
1628425709411000,0,70.42066250,0.5829
1628425709416000,0,0.00000001,0.5829
1628425842202000,0,2800.00000000,0.5839
1628425842202000,0,3368.22238983,0.5839
1628425842218000,0,1422.32029127,0.5839
1628425922003000,1,2800.00000000,0.5825
1628425922003000,1,99.59627760,0.5825
1628425942399000,0,34.24325437,0.5826
1628426091676000,0,201.26709365,0.5824
1628426174224000,1,1984.04387872,0.5816
1628426174611000,1,6166.00000000,0.5816
1628426174694000,1,1886.00000000,0.5816
1628426179129000,1,2407.00000000,0.5816
1628426179141000,1,1556.95612128,0.5816
1628426285736000,0,6199.20628561,0.5810
1628426285736000,0,202.68639077,0.5812
1628426953845000,0,2347.84067178,0.5820
1628427021650000,1,210.18642872,0.5822
1628427132341000,0,2799.99999999,0.5836
1628427676035000,0,70.04606503,0.5860
1628427676115000,0,0.00000001,0.5860
1628428020698000,0,71.38607971,0.5880
1628428099806000,0,157.08240287,0.5866
1628429278181000,1,2477.40073968,0.5831
1628429278183000,1,322.59926032,0.5831
1628429430198000,0,888.32202863,0.5836
1628429430261000,0,2753.95650000,0.5836
1628429430390000,0,44307.72147137,0.5836
1628430106175000,0,293.55099999,0.5823
1628430106250000,0,0.00000001,0.5823
1628430410120000,0,558.24402045,0.5807
1628430862457000,0,59.69944139,0.5800
1628430949776000,1,375.00000000,0.5794
1628430976955000,0,171.18118946,0.5813
1628432313230000,1,2169.75446915,0.5779
1628432442918000,1,100.00000000,0.5775
1628432578006000,1,70.04606503,0.5771
1628432578008000,1,0.00000001,0.5771
1628432765405000,0,3087.49579999,0.5768
1628432765423000,0,0.00000001,0.5768
1628432819729000,0,422.00000000,0.5772
1628432822312000,0,1049.56991187,0.5772
1628432822366000,0,0.00000001,0.5772
1628432824541000,0,112.00000000,0.5774
1628432825788000,0,3478.28063951,0.5774
1628432826197000,0,88.99034222,0.5774
1628432826197000,0,987.20849574,0.5774
1628432826289000,0,615.80423513,0.5774
1628432826314000,0,628.92096258,0.5774
1628432827736000,0,7330.00000000,0.5774
1628432828439000,0,0.99625208,0.5774
1628432977045000,1,2800.00000000,0.5746
1628432977045000,1,1866.00916849,0.5746
1628433020521000,1,70.42066250,0.5741
1628433020566000,1,0.00000001,0.5741
1628433050829000,1,999.99999999,0.5730
1628433051219000,1,0.00000001,0.5730
1628433111644000,0,2260.16304839,0.5728
1628433111645000,0,837.44345161,0.5728
1628433111645000,0,5734.07137477,0.5728
1628433124774000,0,5047.58236946,0.5732
1628433280251000,1,2799.99999999,0.5710
1628433281378000,1,70.79680831,0.5710
1628433281393000,1,0.00000001,0.5710
1628433281393000,1,4000.00000000,0.5710
1628433332709000,1,37.62465670,0.5706
1628433449533000,0,570.63473649,0.5732
1628433797233000,1,141.99999999,0.5690
1628433797234000,1,0.00000001,0.5690
1628433797430000,1,147.45366753,0.5684
1628433797466000,1,1771.91370558,0.5684
1628434180788000,1,859.99012085,0.5706
1628434234311000,1,871.00000000,0.5710
1628434275354000,1,0.31348511,0.5710
1628434471923000,1,71.17574082,0.5680
1628434471943000,1,0.00000001,0.5680
1628434567297000,1,100.00000000,0.5692
1628435008787000,1,2800.00000000,0.5683
1628435008787000,1,2186.20996622,0.5683
1628435091747000,1,3162.04680000,0.5682
1628435091747000,1,930.04780241,0.5682
1628435424776000,0,1660.20975815,0.5694
1628435527318000,1,3135.02280000,0.5685
1628435527318000,1,918.06826757,0.5685
1628435683485000,0,2800.00000000,0.5676
1628435684692000,0,6345.00000000,0.5677
1628435684795000,0,0.13915935,0.5677
1628435739013000,0,1788.00000000,0.5690
1628435747066000,0,1410.74730760,0.5691
1628435747069000,0,2273.43530589,0.5691
1628435770546000,0,2676.00000000,0.5695
1628435770557000,0,3644.85059741,0.5695
1628435788119000,0,6318.00000000,0.5698
1628435788119000,0,0.92103498,0.5698
1628435789631000,0,6318.00000000,0.5698
1628435789707000,0,0.92103498,0.5698
1628436197144000,1,200.00000000,0.5687
1628436685309000,1,2799.99999999,0.5653
1628436685310000,1,0.00000001,0.5653
1628436688193000,1,1158.71758874,0.5650
1628436688193000,1,71.55621827,0.5649
1628436688202000,1,0.00000001,0.5649
1628436984473000,1,1921.96679959,0.5661
1628437663624000,1,648.13630085,0.5676
1628437706577000,1,2208.44334037,0.5671
1628437750945000,1,2800.00000000,0.5677
1628437750945000,1,3403.61705738,0.5677
1628437758948000,1,1759.28214968,0.5677
1628437787872000,0,2744.52549198,0.5686
1628437963689000,0,2800.00000000,0.5692
1628437963689000,0,3122.16090612,0.5692
1628437963691000,0,3015.14784327,0.5692
1628437963731000,0,186.83298102,0.5692
1628438432177000,0,1300.00000000,0.5662
1628438432231000,0,4801.59198434,0.5662
1628438542718000,1,5159.34714566,0.5639
1628438549769000,0,588.97877538,0.5646
1628438580655000,1,396.92279045,0.5639
1628438588588000,1,359.12676388,0.5639
1628438588595000,1,0.00000001,0.5639
1628439051107000,1,2800.00000000,0.5682
1628439051107000,1,3106.27400000,0.5682
1628439051107000,1,2800.00000000,0.5682
1628439051107000,1,6323.75263156,0.5682
1628439051107000,1,6327.45067519,0.5679
1628439051107000,1,953.91098638,0.5674
1628439051107000,1,2480.38653930,0.5674
1628439051107000,1,5563.23362219,0.5619
1628439051107000,1,1.43879010,0.5619
1628439051107000,1,10000.00000000,0.5610
1628439051107000,1,141.00000000,0.5590
1628439051107000,1,72.32433226,0.5589
1628439051107000,1,2000.00000000,0.5588
1628439051107000,1,2000.00000000,0.5560
1628439051107000,1,72.71068297,0.5560
1628439051107000,1,154.64330696,0.5530
1628439051107000,1,73.09986170,0.5530
1628439051107000,1,4645.44104866,0.5523
1628439051107000,1,569.00000000,0.5514
1628439051107000,1,1758.00000000,0.5511
1628439051107000,1,5875.00000000,0.5501
1628439051107000,1,73.49055686,0.5501
1628439051107000,1,2000.00000000,0.5500
1628439051107000,1,140.00000000,0.5490
1628439051107000,1,6768.84296587,0.5490
1628439070444000,0,154.00000000,0.5689
1628439070474000,0,0.64330695,0.5689
1628439071003000,0,140.00000000,0.5690
1628439074563000,1,72.71068297,0.5685
1628439074636000,1,73.49055686,0.5685
1628439080621000,1,72.32433226,0.5685
1628439086949000,1,73.09986170,0.5684
1628439268766000,0,71.00000000,0.5706
1628439278956000,0,0.93950514,0.5706
1628440609312000,0,251.00000000,0.5663
1628440609341000,0,2549.00000000,0.5663
1628440628587000,0,2800.00000000,0.5663
1628440638716000,1,4575.94792585,0.5660
1628440638716000,1,1774.25183505,0.5660
1628441010220000,1,63.00000000,0.5654
1628441019316000,1,350.98702326,0.5652
1628441024128000,1,210.04780699,0.5649
1628441024180000,1,0.00000001,0.5649
1628441437384000,1,71.93950513,0.5619
1628441437400000,1,0.00000001,0.5619
1628441443364000,1,2310.68571630,0.5607
1628441443366000,1,314.72434474,0.5607
1628441443370000,1,2314.02891214,0.5607
1628441443394000,1,2696.32193606,0.5607
1628441443636000,1,2364.00000000,0.5607
1628441444133000,1,0.23909076,0.5607
1628441720571000,1,6142.92150000,0.5594
1628442240654000,1,72.32433225,0.5589
1628442240703000,1,0.00000001,0.5589
1628442453578000,1,1444.29572808,0.5571
1628442658721000,0,2799.99999999,0.5596
1628442879466000,1,72.71068297,0.5560
1628442879466000,1,1124.22736619,0.5560
1628442879543000,1,262.65897161,0.5560
1628442879585000,1,1294.76776107,0.5560
1628443797440000,1,49.75000000,0.5609
1628443800206000,0,6409.69509676,0.5616
1628443800206000,0,3152.72250000,0.5616
1628443800206000,0,67.67064515,0.5618
1628443800206000,0,1608.97105484,0.5618
1628443813489000,1,8540.47041128,0.5624
1628443813595000,1,3541.50950000,0.5624
1628443814096000,1,190.00000000,0.5624
1628443814253000,1,728.00000000,0.5624
1628443876284000,1,50.00000000,0.5619
1628443905167000,0,285.50524399,0.5634
1628443905169000,0,0.00000001,0.5634
1628443905172000,0,1000.00000000,0.5635
1628443929324000,0,61.08334799,0.5638
1628443929458000,0,0.00000001,0.5638
1628443959390000,0,89.71616699,0.5637
1628443959414000,0,0.00000001,0.5637
1628443974738000,0,63.36538299,0.5645
1628443974740000,0,0.00000001,0.5645
1628443977172000,0,72.71068296,0.5645
1628444051271000,0,2800.00000000,0.5640
1628444051271000,0,3173.17660000,0.5640
1628444051271000,0,1276.04799905,0.5640
1628444051320000,0,4465.34427484,0.5640
1628444059693000,0,0.00000001,0.5645
1628444142764000,0,43.11000000,0.5642
1628444148324000,0,3948.07157818,0.5642
1628444148327000,0,2432.32934270,0.5642
1628444272234000,0,6049.00000000,0.5657
1628444294839000,0,72.00000000,0.5675
1628444294974000,0,0.32433226,0.5675
1628444398060000,1,825.42145269,0.5684
1628444552053000,0,1581.30732918,0.5677
1628444715823000,0,3606.00000000,0.5669
1628444715844000,0,2380.79392561,0.5669
1628444754781000,0,3123.22879869,0.5674
1628444880645000,0,3964.85687059,0.5677
1628445006571000,1,1776.80888318,0.5668
1628445039592000,1,1581.30732918,0.5658
1628445044643000,0,6355.26806495,0.5662
1628445240486000,0,1130.01260365,0.5674
1628445447952000,0,5689.00000000,0.5662
1628445846998000,0,5613.00000000,0.5634
1628446433942000,1,2390.92271156,0.5655
1628446489356000,1,3060.41069703,0.5655
1628446703207000,1,2343.12040431,0.5668
1628446703219000,1,2343.12040431,0.5668
1628446977341000,0,167.09508405,0.5657
1628447234015000,0,568.99999999,0.5666
1628447234017000,0,0.00000001,0.5666
1628447446467000,1,2849.95702288,0.5686
1628447446480000,1,946.57893022,0.5686
1628447627555000,1,183.39927646,0.5671
1628447684368000,0,275.18090758,0.5675
1628447745025000,1,6341.00000000,0.5670
1628447745035000,1,0.81670332,0.5670
1628449207371000,1,466.80770701,0.5631
1628449269346000,0,1032.00000000,0.5632
1628449269360000,0,0.60381000,0.5632
1628449680029000,0,176.76761414,0.5629
1628449914444000,1,2264.00000000,0.5606
1628450211770000,1,72.32433226,0.5589
1628450224269000,1,1778.80868103,0.5590
1628450310607000,0,2000.00000000,0.5580
1628450487038000,1,2800.00000000,0.5579
1628450487038000,1,2246.00000000,0.5579
1628450570114000,0,2279.25555890,0.5587
1628450570164000,0,0.00000001,0.5587
1628450816536000,0,1709.00000000,0.5595
1628450816555000,0,0.44166918,0.5595
1628450882931000,1,1129.40675416,0.5612
1628450883898000,1,612.87954583,0.5612
1628450883903000,1,0.00000001,0.5612
1628451022524000,0,208.18814772,0.5626
1628451022536000,0,1073.89310417,0.5626
1628451757481000,1,50.00000000,0.5610
1628451886795000,1,50.00000000,0.5602
1628451886795000,1,49.99999999,0.5600
1628451887024000,1,0.00000001,0.5600
1628451936655000,1,99.99999999,0.5590
1628451936792000,1,0.00000001,0.5590
1628452021219000,1,99.99999999,0.5580
1628452021267000,1,0.00000001,0.5580
1628452063674000,1,100.00000000,0.5570
1628452303862000,1,321.96994088,0.5570
1628452801238000,0,2800.00000000,0.5617
1628452801238000,0,1513.52276383,0.5618
1628452801238000,0,6405.75165394,0.5618
1628452897921000,0,177.71000000,0.5611
1628452904021000,1,338.14283043,0.5605
1628452904049000,1,390.41226492,0.5605
1628453062944000,1,87.22610016,0.5588
1628453062944000,1,217.98078171,0.5588
1628453062944000,1,2800.00000000,0.5588
1628453062944000,1,894.79311813,0.5587
1628453071435000,0,2800.00000000,0.5597
1628453085360000,1,83.76018105,0.5590
1628453229947000,0,6423.00000000,0.5605
1628453505244000,0,2463.98953606,0.5623
1628453505257000,0,2463.98953606,0.5623
1628453512438000,0,1473.00000000,0.5623
1628453512457000,0,0.20703688,0.5623
1628453515005000,0,6183.00000000,0.5623
1628453546791000,0,6398.00000000,0.5625
1628453546806000,0,0.66980751,0.5625
1628453562493000,0,6401.00000000,0.5621
1628453567575000,0,0.48348569,0.5621
1628453567575000,0,2399.73251431,0.5621
1628453568143000,0,2776.00000000,0.5621
1628453573271000,0,6402.00000000,0.5621
1628453574042000,0,0.25179950,0.5621
1628453574042000,0,2402.74820050,0.5623
1628453611304000,0,6400.00000000,0.5627
1628453619265000,1,74.49929699,0.5622
1628453619265000,1,68.10881215,0.5622
1628453682716000,1,2501.05464236,0.5638
1628453778811000,0,146.00000000,0.5653
1628453778813000,0,0.31493500,0.5653
1628453780549000,0,70.00000000,0.5659
1628453780563000,0,405.52354100,0.5659
1628453813449000,0,284.26849899,0.5660
1628453813449000,0,0.00000001,0.5660
1628453817804000,0,115.00000000,0.5665
1628453817823000,0,0.97732300,0.5665
1628453821421000,0,133.00000000,0.5670
1628453823289000,0,93.66253000,0.5670
1628453823289000,0,0.33747000,0.5670
1628453823415000,0,0.08473000,0.5670
1628453864070000,0,72.00000000,0.5663
1628453864101000,0,0.48539800,0.5663
1628453866113000,0,72.00000000,0.5667
1628453877135000,0,0.62329200,0.5667
1628453893969000,0,72.00000000,0.5675
1628453894008000,0,0.32433226,0.5675
1628453897689000,0,1000.00000000,0.5680
1628453983654000,0,2800.00000000,0.5667
1628453983654000,0,3321.64948744,0.5668
1628453999662000,0,2154.00000000,0.5675
1628454129938000,0,440.99000000,0.5664
1628454192985000,0,3075.68220807,0.5660
1628454251132000,0,1085.17346694,0.5668
1628454422290000,0,2800.00000000,0.5662
1628454549875000,0,2800.00000000,0.5665
1628454549875000,0,6355.00000000,0.5666
1628454553200000,0,0.54887919,0.5666
1628454553200000,0,692.45112081,0.5666
1628454553217000,0,5663.09775838,0.5666
1628454562292000,0,6353.92062578,0.5667
1628454562292000,0,2799.07937422,0.5667
1628454562323000,0,0.92062578,0.5667
1628454563743000,0,2800.00000000,0.5668
1628454569630000,0,2031.21042860,0.5667
1628454580900000,0,1477.00000000,0.5667
1628454580974000,0,1225.44952507,0.5667
1628454580985000,0,1225.44952507,0.5667
1628454617645000,0,3391.00000000,0.5674
1628454882832000,0,6369.30981243,0.5654
1628455501703000,0,1550.34073618,0.5634
1628455549498000,1,50.00000000,0.5628
1628455595421000,1,50.00000000,0.5620
1628456057045000,1,16293.40090766,0.5663
1628456062315000,0,2800.00000000,0.5663
1628456062315000,0,2166.40613412,0.5663
1628456775067000,1,40.00000000,0.5660
1628456892130000,1,2732.74991496,0.5644
1628457211717000,1,189.78000000,0.5647
1628457721976000,1,1275.08920000,0.5662
1628457899842000,0,568.99999999,0.5669
1628457899849000,0,0.00000001,0.5669
1628458038665000,0,762.34851300,0.5682
1628458038665000,0,748.54655745,0.5682
1628458038697000,0,747.30703334,0.5682
1628458038816000,0,762.34851300,0.5683
1628458109321000,0,569.00000000,0.5687
1628458109321000,0,431.00000000,0.5688
1628458136783000,0,1493.44490961,0.5689
1628458136783000,0,244.78340245,0.5689
1628458217898000,0,227.26243016,0.5692
1628459058242000,0,71.93950513,0.5706
1628459058378000,0,0.00000001,0.5706
1628459105553000,1,2851.85883430,0.5708
1628459120459000,1,567.69345941,0.5703
1628459124922000,1,490.50330505,0.5703
1628459551693000,1,50.00000000,0.5689
1628459588769000,0,2610.08271544,0.5700
1628459593329000,0,826.16104022,0.5700
1628459593366000,0,0.00000001,0.5700
1628459660894000,1,2112.27629027,0.5700
1628459660894000,1,2009.09184710,0.5700
1628459963809000,0,50.00000000,0.5710
1628460218433000,0,3261.16532792,0.5723
1628460268506000,0,5526.72083063,0.5721
1628460876398000,0,71.55621828,0.5736
1628461354732000,1,4342.98509025,0.5728
1628461360555000,1,0.00000001,0.5728
1628465041788000,1,136.11000000,0.5678
1628466096514000,1,71.55621827,0.5649
1628466096519000,1,0.00000001,0.5649
1628466223256000,0,1502.35071140,0.5651
1628466223270000,0,0.00000001,0.5651
1628466520769000,1,2300.78085071,0.5648
1628466520769000,1,299.21914929,0.5648
1628466615791000,1,3138.63420000,0.5631
1628466654140000,1,2599.99999999,0.5622
1628466654141000,1,0.00000001,0.5622
1628466737555000,1,71.00000000,0.5619
1628466891303000,1,0.93950514,0.5619
1628467337007000,1,2600.00000000,0.5632
1628467337007000,1,273.58088006,0.5632
1628467861302000,1,72.32433225,0.5589
1628467861344000,1,0.00000001,0.5589
1628467999057000,1,705.97338989,0.5570
1628467999083000,1,294.02661011,0.5570
1628468023619000,1,49.00000000,0.5568
1628468023966000,1,1.00000000,0.5568
1628468028001000,1,50.00000000,0.5560
1628468028001000,1,72.00000000,0.5560
1628468028156000,1,0.71068297,0.5560
1628468031641000,1,50.00000000,0.5550
1628468051902000,1,78.24018543,0.5547
1628468051902000,1,1551.35051457,0.5547
1628468073309000,1,50.00000000,0.5545
1628468080210000,1,199.99999999,0.5540
1628468080305000,1,0.00000001,0.5540
1628469747228000,1,73.09986169,0.5530
1628469747255000,1,0.00000001,0.5530
1628469747302000,1,500.00000000,0.5530
1628469963528000,1,6149.00000000,0.5514
1628469963535000,1,0.43465403,0.5514
1628470004734000,1,116.00000000,0.5510
1628470005939000,1,273.37839014,0.5510
1628470006087000,1,39.20000000,0.5510
1628470006761000,1,3492.13200000,0.5510
1628470007395000,1,6079.28960986,0.5510
1628470007395000,1,1999.71039014,0.5510
1628470011120000,1,0.28960986,0.5510
1628470021516000,1,2600.00000000,0.5501
1628471226559000,1,72.02074572,0.5501
1628471235545000,1,1.46981114,0.5501
1628471235675000,1,1965.66332400,0.5500
1628471236446000,1,38.64576690,0.5500
1628471475129000,1,176.00000000,0.5491
1628471476099000,1,81.06982700,0.5491
1628471476099000,1,0.31982700,0.5491
1628471476099000,1,58.61034600,0.5490
1628471477268000,1,40.55237000,0.5490
1628471477268000,1,81.38965399,0.5490
1628471477269000,1,0.00000001,0.5490
1628471522966000,1,54.58288164,0.5489
1628471604891000,1,500.00000000,0.5485
1628471749207000,0,2064.87247987,0.5510
1628471749208000,0,1165.49932013,0.5510
1628471749208000,0,2600.00000000,0.5510
1628471749208000,0,4623.87501090,0.5510
1628471749313000,0,765.44623567,0.5510
1628471749363000,0,1000.00000000,0.5510
1628472116766000,0,111.62380000,0.5539
1628472119862000,0,61.49150000,0.5539
1628472120768000,0,0.00000100,0.5539
1628472120768000,0,0.00004400,0.5539
1628472134298000,0,46.11860000,0.5546
1628472383699000,0,0.00002600,0.5546
1628472396346000,0,2161.78137353,0.5552
1628472675309000,1,231.60606086,0.5540
1628472788390000,0,50.30300000,0.5555
1628472789443000,0,0.00006300,0.5555
1628473017513000,0,4853.34138650,0.5575
1628473017989000,0,1621.04071838,0.5575
1628473209236000,1,425.13149999,0.5556
1628473219001000,1,0.00000001,0.5556
1628473292482000,0,444.10270000,0.5559
1628474248155000,1,510.26734197,0.5541
1628474407171000,1,730.63369307,0.5547
1628475647729000,0,73.49050000,0.5585
1628475647815000,0,0.00005686,0.5585
1628476332166000,0,2600.00000000,0.5581
1628476332166000,0,18.67770886,0.5582
1628477283969000,0,73.09980000,0.5615
1628477314418000,0,0.00006170,0.5615
1628478383304000,1,2565.92371351,0.5589
1628478383305000,1,34.07628649,0.5589
1628478383305000,1,6446.22401528,0.5589
1628478984164000,1,2600.00000000,0.5594
1628478984164000,1,6439.28638834,0.5594
1628481180249000,0,72.71068296,0.5645
1628481228046000,0,0.00000001,0.5645
1628482539194000,0,3142.96350000,0.5619
1628483516931000,0,72.32433225,0.5675
1628483516931000,0,0.00000001,0.5675
1628483554202000,0,58.61034600,0.5690
1628483554202000,0,81.38965399,0.5690
1628483554205000,0,0.00000001,0.5690
1628483599450000,0,71.93950513,0.5706
1628483599463000,0,0.00000001,0.5706
1628483719041000,0,6306.91412845,0.5720
1628483719392000,0,148.75620000,0.5722
1628483719482000,0,781.67960000,0.5722
1628483719506000,0,72.96410000,0.5722
1628483741840000,0,71.55621827,0.5736
1628483741869000,0,0.00000001,0.5736
1628483773540000,0,71.17570000,0.5767
1628483773660000,0,0.00004083,0.5767
1628483778545000,0,140.99999999,0.5790
1628483778547000,0,0.00000001,0.5790
1628483782775000,0,70.79680000,0.5798
1628483783068000,0,0.00000832,0.5798
1628483946441000,1,10900.00000000,0.5797
1628484030691000,0,123.25840000,0.5787
1628484030753000,0,81.43260000,0.5787
1628484030791000,0,422.23070000,0.5787
1628484030817000,0,143.33940000,0.5787
1628484030885000,0,695.95630621,0.5787
1628484287805000,0,1071.81933437,0.5764
1628484287827000,0,400.45585838,0.5764
1628485336798000,1,70.79680831,0.5710
1628485336819000,1,0.00000001,0.5710
1628488001414000,1,1118.82626351,0.5688
1628488001425000,1,1481.17373649,0.5688
1628488001425000,1,1672.20495503,0.5687
1628488005490000,1,71.00000000,0.5680
1628488006044000,1,0.17574083,0.5680
1628488120913000,0,175.82000000,0.5674
1628488890773000,0,2600.00000000,0.5709
1628488890773000,0,1757.20274294,0.5709
1628489268308000,1,71.00000000,0.5649
1628489268336000,1,0.55621828,0.5649
1628489690162000,1,1333.61745156,0.5644
1628489690171000,1,1149.91122741,0.5644
1628489925699000,0,380.40330300,0.5633
1628489968604000,1,2600.00000000,0.5634
1628489968604000,1,291.85041036,0.5633
1628490045830000,0,211.33646613,0.5650
1628490829054000,0,568.99999999,0.5662
1628492244758000,0,1000.00000000,0.5677
1628492465455000,0,3106.91419999,0.5680
1628492522382000,0,0.00000001,0.5680
1628492826007000,0,550.86099457,0.5697
1628493336814000,0,1741.99033613,0.5712
1628494025974000,0,439.79000000,0.5681
1628494861285000,1,2254.31084861,0.5691
1628494986250000,0,71.55621827,0.5736
1628494986256000,0,0.00000001,0.5736
1628495305503000,0,3347.26876251,0.5758
1628495305504000,0,2914.97150417,0.5758
1628495305506000,0,3098.01240000,0.5758
1628495359564000,0,66.37430900,0.5765
1628495359564000,0,261.56788209,0.5765
1628495366344000,0,71.17574083,0.5767
1628495366344000,0,14.85331840,0.5768
1628496012753000,1,5011.91124566,0.5747
1628496012809000,1,589.76433825,0.5747
1628496353517000,1,1618.12100000,0.5752
1628496440558000,1,6508.45092532,0.5733
1628496440558000,1,6248.12998203,0.5733
1628496440569000,1,260.33838586,0.5733
1628497074923000,0,82.46589778,0.5731
1628497569168000,1,555.39999999,0.5711
1628497569202000,1,0.00000001,0.5711
1628497670547000,1,1947.87373100,0.5705
1628497670549000,1,652.12626900,0.5705
1628498449587000,1,2600.00000000,0.5735
1628498449587000,1,111.54230000,0.5735
1628499032816000,0,172.59456037,0.5765
1628499300317000,1,300.47500000,0.5751
1628499676611000,0,819.58247208,0.5767
1628500402709000,0,70.79680000,0.5798
1628500402777000,0,0.00000832,0.5798
1628500727347000,1,2600.00000000,0.5798
1628500727347000,1,603.70767007,0.5798
1628500767395000,0,1458.18310000,0.5816
1628501005314000,0,70.42066250,0.5829
1628501005328000,0,0.00000001,0.5829
1628501041709000,0,1003.19720000,0.5837
1628501041911000,0,1122.02090000,0.5837
1628501041921000,0,166.69500000,0.5837
1628501165806000,1,105.56742545,0.5803
1628501428361000,0,514.52465730,0.5804
1628501428376000,0,2085.47534270,0.5804
1628501428376000,0,692.68436189,0.5805
1628501653632000,1,1700.00000000,0.5788
1628502150050000,1,300.47500000,0.5793
1628502197153000,1,6211.85060944,0.5793
1628502252527000,0,2599.99999999,0.5795
1628502354968000,1,2484.01367291,0.5795
1628502354968000,1,402.07766864,0.5795
1628502354979000,1,2486.69765669,0.5795
1628502920089000,0,6184.51873275,0.5827
1628503009264000,0,2600.00000000,0.5826
1628503009264000,0,5939.60930312,0.5826
1628503331562000,0,2600.00000000,0.5826
1628503331562000,0,3301.53543385,0.5826
1628503339219000,1,1522.93842800,0.5819
1628503412952000,0,70.04606503,0.5860
1628503412982000,0,0.00000001,0.5860
1628503413008000,0,1446.15595949,0.5861
1628503423828000,1,2600.00000000,0.5859
1628503502416000,0,170.08972649,0.5850
1628503543438000,1,67.73759101,0.5844
1628503543438000,1,102.35213548,0.5844
1628503836645000,0,2599.99999999,0.5837
1628503836648000,0,0.00000001,0.5837
1628503851155000,0,119.29000000,0.5847
1628504076346000,0,1402.37859784,0.5847
1628504076467000,0,3141.83430000,0.5847
1628504076575000,0,46.07900000,0.5847
1628504078381000,0,516.80810215,0.5847
1628504166306000,0,0.00000001,0.5847
1628504195252000,0,3050.54290000,0.5851
1628504195252000,0,1447.69922774,0.5852
1628504195641000,0,79.69180000,0.5853
1628504195692000,0,946.80140000,0.5853
1628504195735000,0,186.14380000,0.5853
1628504195791000,0,475.42300000,0.5853
1628504195831000,0,48.67290000,0.5853
1628504195889000,0,261.79440000,0.5853
1628504195900000,0,144.46730000,0.5853
1628504195913000,0,81.84940000,0.5853
1628504195927000,0,58.98120000,0.5853
1628504195939000,0,122.44280000,0.5853
1628504195949000,0,161.32610000,0.5853
1628504195955000,0,133.81010000,0.5853
1628504195974000,0,71.88580000,0.5853
1628504195988000,0,60.19470000,0.5853
1628504196043000,0,92.29840000,0.5853
1628504196127000,0,2116.75770000,0.5853
1628504196177000,0,1410.66465063,0.5853
1628504208755000,1,1045.22222385,0.5850
1628504208845000,1,8273.58500000,0.5850
1628504208859000,1,1748.44890250,0.5850
1628504208868000,1,71.65460000,0.5850
1628504208905000,1,77.46420000,0.5850
1628504208910000,1,99.31300000,0.5850
1628504208911000,1,2434.31207365,0.5850
1628504242384000,1,1500.00000000,0.5838
1628504333225000,0,202.84492970,0.5825
1628504445333000,1,1484.58059559,0.5820
1628505198145000,0,1449.81030000,0.5846
1628505198164000,0,0.00009712,0.5846
1628505321735000,1,525.00000000,0.5850
1628505361717000,0,621.26481192,0.5865
1628505506863000,0,2600.00000000,0.5868
1628505506863000,0,49.35259225,0.5868
1628505588723000,1,3465.72979680,0.5855
1628505588736000,1,628.53763044,0.5855
1628505588746000,1,2050.18882256,0.5855
1628505726761000,1,197.89301623,0.5876
1628505727021000,0,1220.73645387,0.5883
1628505727913000,1,2402.10698376,0.5876
1628505727961000,1,0.00000001,0.5876
1628505744081000,0,66.03410000,0.5890
1628505744104000,0,45.84310000,0.5890
1628505744233000,0,30.12280000,0.5890
1628505744233000,0,34.95090000,0.5891
1628505745345000,0,34.72213009,0.5891
1628505772658000,1,900.50707391,0.5897
1628505772659000,1,902.51244820,0.5897
1628505772666000,1,322.52540850,0.5897
1628505814384000,1,68.43112771,0.5885
1628505877570000,0,191.19865742,0.5894
1628505935469000,0,573.73100000,0.5882
1628505935567000,0,115.50650000,0.5882
1628505935587000,0,56.68940000,0.5882
1628505935587000,0,46.94250000,0.5882
1628505935590000,0,50.54190000,0.5882
1628505935694000,0,85.02780000,0.5882
1628505935766000,0,804.28124698,0.5882
1628505935793000,0,223.14700000,0.5882
1628505963867000,0,4235.97415214,0.5883
1628506112742000,0,1195.00633787,0.5880
1628506266022000,0,1530.74370000,0.5880
1628506266912000,0,1223.63861658,0.5880
1628506266913000,0,941.22686330,0.5880
1628506266914000,0,353.14783822,0.5880
1628506266951000,0,1223.48884442,0.5880
1628506268154000,0,69.45320000,0.5880
1628506268216000,0,61.89680000,0.5880
1628506268282000,0,84.85740000,0.5880
1628506268352000,0,1223.33909974,0.5880
1628506268354000,0,99.81750000,0.5880
1628506268507000,0,109.52760000,0.5880
1628506268673000,0,82.28620000,0.5880
1628506268743000,0,111.95390000,0.5880
1628506269371000,0,56.27700000,0.5880
1628506269589000,0,791.21805715,0.5880
1628506269605000,0,104.64680000,0.5880
1628506269724000,0,65.34990000,0.5880
1628506269738000,0,55.15370000,0.5880
1628506269748000,0,94.18440000,0.5880
1628506269789000,0,61.15250000,0.5880
1628506269819000,0,52.14090000,0.5880
1628506269831000,0,89.94740000,0.5880
1628506269857000,0,200.13330000,0.5880
1628506269947000,0,49.80550000,0.5880
1628506270008000,0,326.08773607,0.5880
1628506270025000,0,47.15740000,0.5880
1628506270082000,0,57.29870000,0.5880
1628506270125000,0,109.37410419,0.5880
1628506270126000,0,787.52945145,0.5880
1628506270146000,0,1222.84164457,0.5880
1628506270186000,0,61.86500000,0.5880
1628506270188000,0,868.81557127,0.5880
1628506270249000,0,588.63703517,0.5880
1628506330965000,1,2599.99999999,0.5874
1628506330968000,1,0.00000001,0.5874
1628507017190000,1,2632.49150754,0.5885
1628507017235000,1,7897.49334003,0.5885
1628507017284000,1,1070.01515243,0.5885
1628507810945000,0,129.46657864,0.5908
1628508187050000,1,2600.00000000,0.5894
1628508187050000,1,5950.00000000,0.5892
1628508206240000,1,2600.00000000,0.5887
1628508206240000,1,6052.39268121,0.5884
1628508486277000,0,168.60691711,0.5901
1628508524051000,1,487.54837220,0.5897
1628508524054000,1,5610.18141660,0.5897
1628508524976000,1,286.09800000,0.5894
1628508541610000,0,266.00000000,0.5892
1628508559067000,1,2000.00000000,0.5884
1628508566127000,0,499.70380000,0.5877
1628508566204000,0,166.74470000,0.5877
1628508566335000,0,59.87260000,0.5877
1628508566353000,0,57.46230000,0.5877
1628508566512000,0,45.77250000,0.5877
1628508566530000,0,51.26960000,0.5877
1628508566578000,0,51.89460000,0.5877
1628508566776000,0,126.42450000,0.5877
1628508566853000,0,51.16730000,0.5877
1628508566875000,0,48.69000000,0.5877
1628508567378000,0,199.06000000,0.5880
1628508603240000,0,724.38450000,0.5875
1628508603260000,0,47.56280000,0.5875
1628508603367000,0,61.21710000,0.5875
1628508603397000,0,45.31640000,0.5875
1628508720761000,1,2600.00000000,0.5876
1628508720761000,1,1172.87310000,0.5876
1628509332130000,1,7251.01000000,0.5890
1628509332184000,1,67.12670000,0.5890
1628509332219000,1,7831.86330000,0.5890
1628509449260000,0,2599.99999999,0.5900
1628509547281000,1,1600.00000000,0.5899
1628509650078000,0,81.88000000,0.5914
1628509772476000,1,1020.62170000,0.5898
1628509926606000,1,244.75000000,0.5910
1628510194429000,0,6103.55226241,0.5906
1628510194452000,0,0.00000001,0.5906
1628510315308000,0,83.60000000,0.5906
1628510344168000,0,168.76000000,0.5911
1628510410240000,0,69.30270000,0.5923
1628510410269000,0,0.00005924,0.5923
1628510502852000,1,280.69863485,0.5891
1628510502861000,1,2199.64026861,0.5891
1628510582622000,1,1294.98635210,0.5902
1628510582806000,1,69.30270000,0.5902
1628510582966000,1,341.51885269,0.5902
1628510583019000,1,1024.11439376,0.5902
1628510583026000,1,197.24314409,0.5902
1628510583028000,1,215.22674884,0.5902
1628510583068000,1,11207.60780852,0.5902
1628510609667000,0,215.01491953,0.5908
1628510641243000,0,300.41027676,0.5904
1628510862117000,0,494.70000000,0.5882
1628510944654000,1,986.98141055,0.5866
1628510944781000,1,1945.26629194,0.5866
1628510944843000,1,8867.75229751,0.5866
1628510945303000,1,5134.63640000,0.5865
1628510945378000,1,9365.36360000,0.5865
1628511049171000,1,1172.57591624,0.5872
1628511049182000,1,423.06208113,0.5872
1628511049188000,1,795.74097785,0.5872
1628511232338000,0,85.53000000,0.5888
1628511578458000,1,2600.00000000,0.5846
1628511578458000,1,144.52000000,0.5845
1628512846592000,0,4316.03620874,0.5889
1628512846620000,0,569.00000000,0.5890
1628512982051000,1,590.00000000,0.5877
1628513331526000,1,434.63348290,0.5881
1628513332731000,1,946.70007619,0.5881
1628513333382000,1,866.07101330,0.5881
1628513333467000,1,1686.94890886,0.5881
1628513460252000,0,1936.26529380,0.5874
1628513460254000,0,4195.60099428,0.5874
1628513460254000,0,2600.00000000,0.5875
1628513692055000,1,838.27267027,0.5870
1628513698341000,1,67.05981900,0.5865
1628513876031000,1,2600.00000000,0.5875
1628513876031000,1,2400.00000000,0.5874
1628513900306000,1,2600.00000000,0.5876
1628513900306000,1,2379.00000000,0.5876
1628514391930000,1,844.64552491,0.5890
1628514391995000,1,0.00000001,0.5890
1628514504183000,1,632.96030817,0.5870
1628514641557000,1,453.11872970,0.5875
1628514817626000,1,100.00000000,0.5887
1628514841190000,0,3489.59451307,0.5895
1628514841785000,0,608.11244293,0.5895
1628514841786000,0,902.29304400,0.5895
1628514907453000,1,713.93799679,0.5892
1628514913811000,1,2882.52789485,0.5889
1628515261944000,1,1895.81329930,0.5881
1628515262058000,1,6504.49010000,0.5881
1628515262071000,1,499.09775787,0.5881
1628515366912000,0,1462.40269504,0.5892
1628515576279000,0,101.26301685,0.5896
1628515618979000,1,146.89775334,0.5896
1628515753023000,0,3999.99999999,0.5905
1628515753040000,0,0.00000001,0.5905
1628515797265000,0,978.99999999,0.5907
1628515797269000,0,0.00000001,0.5907
1628515890773000,1,1085.58746105,0.5897
1628515932249000,0,232.87190348,0.5908
1628516195425000,1,1350.00000000,0.5910
1628516286469000,0,4344.12839322,0.5928
1628516286471000,0,789.42338385,0.5928
1628516286833000,0,112.40260000,0.5930
1628516286917000,0,142.87582505,0.5930
1628516286917000,0,1243.71403501,0.5930
1628516286917000,0,1975.11084337,0.5930
1628516286917000,0,365.24186381,0.5930
1628516424879000,1,3066.80344646,0.5937
1628516424912000,1,3443.64039802,0.5937
1628516553507000,0,1878.70967581,0.5922
1628516658121000,1,1000.00000000,0.5911
1628517082938000,1,44.20001313,0.5895
1628517210290000,1,99.99999999,0.5870
1628517210328000,1,0.00000001,0.5870
1628517210668000,0,2600.00000000,0.5874
1628517210668000,0,2494.69126134,0.5874
1628517210971000,1,45.01663302,0.5863
1628517218752000,1,4433.89557603,0.5857
1628517218754000,1,1706.75391582,0.5857
1628517275615000,1,69.00000000,0.5833
1628517275657000,1,0.30275924,0.5833
1628517289550000,1,118.76877184,0.5833
1628517289581000,1,0.00000001,0.5833
1628517350095000,0,2600.00000000,0.5847
1628517354377000,1,232.00000000,0.5847
1628517354805000,1,332.40605490,0.5847
1628517550475000,1,13600.00000000,0.5843
1628517721360000,0,78.90774599,0.5875
1628517721368000,0,0.00000001,0.5875
1628517894288000,1,459.36735232,0.5861
1628517894307000,1,1229.50801837,0.5861
1628517894321000,1,1235.52919995,0.5861
1628517894325000,1,2459.82683093,0.5861
1628517894454000,1,772.33075120,0.5861
1628517894457000,1,6193.43784723,0.5861
1628517990425000,0,3184.05680000,0.5900
1628517990458000,0,0.00006248,0.5900
1628517998243000,1,482.91654800,0.5899
1628518001428000,1,399.76806700,0.5903
1628518009345000,0,44.04210000,0.5918
1628518012728000,0,69.30275924,0.5923
1628518013791000,0,203.42305561,0.5926
1628518013798000,0,2174.93877491,0.5926
1628518014671000,0,3163.00000000,0.5926
1628518015230000,0,0.65912556,0.5926
1628518021975000,1,231.76283384,0.5940
1628518033609000,1,2062.35560115,0.5942
1628518055842000,1,2600.00000000,0.5935
1628518067554000,1,2600.00000000,0.5929
1628518116090000,1,14950.00000000,0.5933
1628518159665000,0,883.90252427,0.5923
1628518168659000,1,1174.37639700,0.5922
1628518191341000,0,2600.00000000,0.5925
1628518191341000,0,992.95192000,0.5925
1628518191341000,0,2599.99999999,0.5925
1628518220905000,1,2600.00000000,0.5920
1628518220905000,1,2126.16350801,0.5920
1628518245138000,1,1828.99930719,0.5918
1628518300915000,0,316.88788059,0.5920
1628518300916000,0,0.00000001,0.5920
1628518300916000,0,6088.94341252,0.5923
1628518305390000,1,222.43328894,0.5920
1628518366546000,1,198.94280999,0.5900
1628518367140000,1,89.49679798,0.5896
1628518380514000,1,367.01614710,0.5896
1628518380552000,1,0.00000001,0.5896
1628518380860000,1,323.59562785,0.5893
1628518381230000,1,863.36189558,0.5893
1628518394642000,1,9450.00000000,0.5886
1628518789442000,0,1015.27302360,0.5911
1628518789456000,0,1217.98269923,0.5911
1628518797704000,0,366.74424328,0.5920
1628518814129000,0,1682.92993318,0.5927
1628518887754000,1,2600.00000000,0.5917
1628518887754000,1,4418.37083987,0.5917
1628519015179000,1,1127.92468449,0.5922
1628519015198000,1,723.85464854,0.5922
1628519015320000,1,957.51990663,0.5922
1628519015429000,1,1584.47114758,0.5922
1628519015768000,1,9064.77935980,0.5922
1628519120341000,0,168.56000000,0.5918
1628519409949000,1,867.67211596,0.5890
1628519409954000,1,988.16094854,0.5890
1628519410117000,1,524.35044079,0.5889
1628519410134000,1,1225.08329903,0.5889
1628519410248000,1,725.38710000,0.5889
1628519410254000,1,0.00000653,0.5889
1628519411577000,1,490.96528300,0.5877
1628519450691000,1,1393.76795824,0.5882
1628519516377000,0,78.27481555,0.5866
1628519516396000,0,0.00000001,0.5866
1628519666071000,1,497.73917791,0.5861
1628519784288000,0,329.50000000,0.5865
1628519949023000,0,96.28340866,0.5871
1628519949038000,0,0.00000001,0.5871
1628520017929000,0,183.51498887,0.5872
1628520017935000,0,0.00000001,0.5872
1628520028001000,0,188.04090309,0.5874
1628520157301000,1,224.03733125,0.5866
1628520254575000,1,2000.00000000,0.5850
1628520310026000,0,1448.04585346,0.5860
1628520310230000,0,0.00000001,0.5860
1628520357652000,0,1447.45702794,0.5860
1628520360909000,0,0.00000001,0.5860
1628520360909000,0,3618.60599818,0.5862
1628520360936000,0,0.00000002,0.5862
1628520540573000,0,170.07000000,0.5865
1628520603656000,1,334.62014009,0.5854
1628520603732000,1,1904.83428518,0.5854
1628520610688000,1,244.71390000,0.5849
1628521552384000,0,6141.44542902,0.5877
1628521552384000,0,2600.00000000,0.5879
1628521552384000,0,6142.91858756,0.5879
1628521552384000,0,3019.53850000,0.5880
1628521552466000,1,6141.44542902,0.5883
1628521552497000,1,569.00000000,0.5883
1628521597042000,0,6078.89018594,0.5881
1628521597047000,0,62.48644352,0.5881
1628521696533000,1,1501.00476499,0.5888
1628521709377000,1,942.82614137,0.5888
1628521770299000,1,784.24125795,0.5887
1628521875528000,1,268.05730527,0.5892
1628521875534000,1,2451.45733714,0.5892
1628521875555000,1,339.41942986,0.5892
1628521875560000,1,972.09645969,0.5892
1628521875563000,1,1043.49222007,0.5892
1628521875579000,1,254.21541009,0.5892
1628521875581000,1,2631.83349753,0.5892
1628521875582000,1,1227.54799320,0.5892
1628521875593000,1,1139.31357712,0.5892
1628521875636000,1,61271.90214102,0.5892
1628521875654000,1,6126.91290232,0.5892
1628521876446000,1,3076.83390000,0.5892
1628521876446000,1,61291.22822795,0.5892
1628522001899000,0,3634.02762380,0.5901
1628522193878000,0,6113.54547679,0.5902
1628522193887000,0,0.00000001,0.5902
1628522328849000,0,421.11182563,0.5911
1628522340317000,1,1007.03939586,0.5908
1628522341238000,1,1221.32266714,0.5908
1628522341349000,1,1221.51966434,0.5908
1628522500436000,0,2600.00000000,0.5910
1628522618659000,0,67.45823895,0.5916
1628522673866000,0,3834.72604073,0.5919
1628522769984000,0,2032.78359903,0.5921
1628522881657000,1,4676.30321349,0.5922
1628522881713000,1,0.00000001,0.5922
1628522986927000,0,5317.14387114,0.5930
1628523002006000,1,60837.00508727,0.5928
1628523141758000,0,80.00081247,0.5908
1628523264505000,0,84.33155226,0.5907
1628523388520000,0,168.12681006,0.5918
1628523410163000,1,2224.62113985,0.5924
1628523410163000,1,2067.46103268,0.5924
1628523725690000,1,1023.81079952,0.5912
1628523820805000,0,3830.19648623,0.5923
1628523820812000,0,1294.13606864,0.5923
1628524022501000,1,483.85446962,0.5918
1628524022512000,1,1026.17895901,0.5918
1628524582210000,1,567.82800893,0.5925
1628524582228000,1,1217.68418666,0.5925
1628524779125000,1,74.78166104,0.5921
1628524779148000,1,0.00000001,0.5921
1628524779323000,1,186.95730779,0.5920
1628524779323000,1,486.08079679,0.5920
1628524779352000,1,0.00000001,0.5920
1628525314653000,0,211.99999999,0.5926
1628525314653000,0,0.00000001,0.5926
1628525553013000,0,1062.33795982,0.5894
1628525675041000,0,6123.23626178,0.5895
1628525675041000,0,572.00000000,0.5896
1628525675041000,0,91.71373822,0.5898
1628525736697000,1,2500.00000000,0.5891
1628525881089000,0,2523.26640293,0.5915
1628526248461000,0,150.85000000,0.5907
1628526508443000,1,150.21230526,0.5900
1628526520197000,1,18.90633880,0.5900
1628526737508000,1,100.00000000,0.5894
1628527234696000,0,169.25646390,0.5879
1628528427925000,0,75.43000000,0.5907
1628528890106000,0,1410.69000000,0.5900
1628529648050000,1,808.45383140,0.5881
1628529648054000,1,319.63265507,0.5881
1628529648110000,1,4928.75082247,0.5881
1628529670663000,0,176.00000000,0.5881
1628529670677000,0,0.03095674,0.5881
1628529816009000,0,174.31161453,0.5880
1628529978318000,0,1438.96522530,0.5897
1628530011666000,0,143.33050649,0.5900
1628530018152000,0,143.34035841,0.5900
1628530043161000,0,392.65989913,0.5897
1628530044714000,0,608.97815764,0.5897
1628530046204000,0,392.65989913,0.5897
1628530059788000,0,182.31668142,0.5897
1628530171053000,0,174.31161452,0.5897
1628530683520000,1,186.89773343,0.5894
1628530685659000,1,0.00000001,0.5894
1628530808208000,1,249.55402649,0.5886
1628530808232000,1,0.00000001,0.5886
1628531784183000,1,118.29406874,0.5896
1628531784303000,1,0.00000001,0.5896
1628531847749000,1,78.89490293,0.5894
1628531847755000,1,0.00000001,0.5894
1628532354490000,0,399.39564636,0.5917
1628532646415000,0,399.27418183,0.5919
1628533214576000,0,3354.71078825,0.5938
1628533546351000,1,734.96319990,0.5934
1628533546369000,1,1148.74107328,0.5934
1628533547561000,1,369.06489760,0.5934
1628533547703000,1,707.67554514,0.5934
1628533547706000,1,1215.47218015,0.5934
1628533981873000,1,2600.00000000,0.5925
1628533981873000,1,160.00000000,0.5925
1628534148845000,1,977.17104012,0.5939
1628534149370000,1,853.97445830,0.5939
1628534149439000,1,1010.17481392,0.5939
1628534150403000,1,158.67968766,0.5939
1628534265128000,0,501.34000000,0.5939
1628534515290000,0,68.93405210,0.5955
1628534515302000,0,0.00000001,0.5955
1628534596219000,0,1166.86190508,0.5969
1628534825837000,0,2600.00000000,0.5968
1628534825837000,0,1242.93707899,0.5968
1628534829449000,0,2600.00000000,0.5970
1628534829449000,0,128.32955896,0.5970
1628534857677000,1,601.73978882,0.5960
1628534898133000,1,255.97471740,0.5960
1628534938200000,1,1143.69609717,0.5960
1628534939384000,1,0.00000001,0.5960
1628535020520000,1,329.68679768,0.5958
1628535029937000,1,48.12464278,0.5958
1628535031546000,1,150.08398451,0.5955
1628535043540000,1,353.94658059,0.5955
1628535044087000,1,0.00000001,0.5955
1628535566085000,0,2600.00000000,0.5940
1628535566085000,0,1047.01656323,0.5940
1628535663669000,0,76.55276889,0.5934
1628535741510000,1,944.95000000,0.5932
1628535788550000,1,2600.00000000,0.5929
1628535788550000,1,2447.58236946,0.5928
1628535806554000,0,83.21000000,0.5936
1628536063656000,0,335.66290906,0.5944
1628536842111000,0,1002.03276125,0.5949
1628537228954000,1,199.99999999,0.5950
1628537234114000,1,0.00000001,0.5950
1628537584201000,1,199.99999999,0.5940
1628537584221000,1,0.00000001,0.5940
1628537627438000,1,1619.45671169,0.5931
1628537754664000,1,399.99999999,0.5930
1628537754665000,1,0.00000001,0.5930
1628537791378000,1,3911.22910053,0.5926
1628537807532000,1,1000.00000000,0.5920
1628537812317000,1,766.03813380,0.5910
1628538022012000,1,2600.00000000,0.5904
1628538022012000,1,6104.41377824,0.5904
1628538022012000,1,3034.33200000,0.5903
1628538022012000,1,6104.73278428,0.5901
1628538022012000,1,214.68500669,0.5900
1628538022012000,1,6043.34432013,0.5899
1628538022012000,1,989.60675000,0.5897
1628538022012000,1,572.00000000,0.5893
1628538022012000,1,1728.00000000,0.5889
1628538022012000,1,287.18070732,0.5884
1628538022012000,1,5513.38812176,0.5880
1628538410681000,1,42.60063106,0.5903
1628538637607000,1,161.89427311,0.5902
1628538637658000,1,0.00000001,0.5902
1628538669123000,1,2600.00000000,0.5891
1628538669123000,1,133.00000000,0.5891
1628538714338000,1,162.22410864,0.5890
1628538714401000,1,0.00000001,0.5890
1628538779542000,0,83.77000000,0.5895
1628538820718000,1,3502.95266051,0.5882
1628538821387000,1,1000.00000000,0.5880
1628538872152000,1,230.70812754,0.5870
1628538872345000,1,91.57398371,0.5870
1628538874301000,1,68.93405210,0.5864
1628538874433000,1,0.00000001,0.5864
1628538878445000,1,799.99999999,0.5860
1628538878483000,1,0.00000001,0.5860
1628538961407000,0,6146.04764745,0.5873
1628538961407000,0,572.00000000,0.5874
1628539173004000,1,162.92230302,0.5884
1628539173019000,1,0.00000001,0.5884
1628539376669000,1,804.41974300,0.5903
1628539915215000,1,489.41168516,0.5917
1628539917017000,1,0.00000001,0.5917
1628539917017000,1,212.28732802,0.5917
1628539917979000,1,1982.63253111,0.5917
1628539918111000,1,1103.99284087,0.5917
1628539918111000,1,369.23206339,0.5916
1628539918655000,1,283.37340615,0.5916
1628539921871000,1,260.43075477,0.5915
1628539921873000,1,609.97468262,0.5915
1628539967020000,0,307.21641387,0.5921
1628540168108000,0,2600.00000000,0.5925
1628540168108000,0,767.14055011,0.5926
1628540871186000,1,379.77762041,0.5931
1628540871188000,1,0.00000001,0.5931
1628540878462000,1,326.65495976,0.5927
1628540878555000,1,180.12813312,0.5927
1628540902019000,1,675.00000000,0.5926
1628540902043000,1,0.76780290,0.5926
1628540967645000,1,169.00000000,0.5925
1628540967649000,1,732.19242518,0.5925
1628541008281000,1,61.12870339,0.5913
1628541008281000,1,1069.22840437,0.5913
1628541008575000,1,400.00000000,0.5913
1628541009083000,1,0.07444040,0.5913
1628541009597000,1,273.85526872,0.5907
1628541041875000,1,91.38860173,0.5901
1628541042043000,0,1547.27328120,0.5903
1628541048451000,1,122.06301779,0.5890
1628541071908000,1,289.40878320,0.5870
1628541137219000,1,217.00000000,0.5860
1628541141790000,1,0.16982736,0.5860
1628541149822000,1,500.00000000,0.5845
1628541166447000,0,151.75210500,0.5848
1628541223947000,1,215.00000000,0.5834
1628541229462000,1,0.54733600,0.5834
1628541229462000,1,67.90575734,0.5833
1628541255205000,1,1.39700190,0.5833
1628541256754000,1,999.99999999,0.5825
1628541256802000,1,0.00000001,0.5825
1628541285389000,1,200.00000000,0.5828
1628541287625000,0,1454.73692253,0.5837
1628541314550000,0,0.00000001,0.5837
1628541355026000,1,35.79875113,0.5827
1628541355026000,1,156.82332773,0.5827
1628541369336000,0,2600.00000000,0.5843
1628541369336000,0,3048.61000000,0.5843
1628541369336000,0,6180.23552200,0.5844
1628541369336000,0,3628.20422071,0.5845
1628541369336000,0,1451.24215153,0.5846
1628541369336000,0,572.00000000,0.5846
1628541369336000,0,3629.13702074,0.5847
1628541369336000,0,6179.65710047,0.5847
1628541369336000,0,6074.14002229,0.5848
1628541369336000,0,19.58129834,0.5850
1628541625222000,0,105.01245940,0.5851
1628541688470000,1,10077.66609212,0.5860
1628541733544000,1,487.60482314,0.5855
1628541860414000,1,274.61097811,0.5848
1628541892693000,0,2038.12226477,0.5848
1628541900752000,1,366.38462064,0.5844
1628542151192000,1,1063.48797250,0.5820
1628542151192000,1,103.27634106,0.5820
1628542211223000,0,311.98742263,0.5833
1628542211231000,0,260.01257737,0.5833
1628542372644000,1,215.43446951,0.5832
1628542376620000,1,116.38027226,0.5825
1628542376705000,1,77.58798283,0.5825
1628542446249000,1,1000.00000000,0.5828
1628542604998000,1,6809.00000000,0.5828
1628542658892000,1,155.00000000,0.5820
1628542735617000,1,2000.00000000,0.5810
1628542735617000,1,222.00000000,0.5810
1628542740131000,1,162.55504600,0.5802
1628542740131000,1,69.44495400,0.5802
1628542740345000,1,0.22807609,0.5802
1628542877811000,0,1454.84682235,0.5832
1628542877812000,0,0.00000001,0.5832
1628542999239000,0,171.17000000,0.5827
1628543287336000,1,231.00000000,0.5824
1628543287531000,1,0.04064007,0.5824
1628543328192000,1,332.00000000,0.5810
1628543341976000,1,1467.00000000,0.5804
1628543409296000,0,2600.00000000,0.5817
1628543409296000,0,3043.83930000,0.5818
1628543409296000,0,572.00000000,0.5818
1628543409296000,0,2025.05070000,0.5819
1628543579730000,1,130.30756785,0.5810
1628543579730000,1,172.69243215,0.5810
1628543579788000,1,0.87795223,0.5810
1628543602569000,1,558.62068965,0.5800
1628543653791000,1,200.00000000,0.5790
1628543653909000,1,424.05587756,0.5789
1628543670293000,1,5327.00000000,0.5789
1628543673971000,1,416.00000000,0.5780
1628543839293000,1,70.00000000,0.5771
1628543839373000,1,0.04606504,0.5771
1628543842450000,1,1000.00000000,0.5760
1628544076594000,0,163.09349712,0.5796
1628544627870000,0,572.00000000,0.5781
1628544627993000,1,8194.30857854,0.5781
1628545036443000,0,72.26220199,0.5819
1628545036444000,0,0.00000001,0.5819
1628545036444000,0,6203.54827777,0.5823
1628545051992000,0,38.38929500,0.5831
1628545051992000,0,4731.70610210,0.5831
1628545051994000,0,1467.94697804,0.5831
1628545249742000,1,60.33221669,0.5845
1628545249742000,1,2306.07391743,0.5845
1628545543381000,1,6183.78414663,0.5830
1628545543381000,1,3024.33469999,0.5830
1628545770421000,0,170.88000000,0.5837
1628546193471000,1,1389.57399115,0.5832
1628546194080000,1,232.74600612,0.5832
1628546195794000,1,91.27369467,0.5832
1628546196782000,1,143.89279589,0.5832
1628546196982000,1,111.94171216,0.5832
1628546197191000,1,0.00000001,0.5832
1628546321825000,0,6189.33273062,0.5835
1628546321825000,0,1453.53521860,0.5837
1628546321825000,0,3670.89711854,0.5837
1628546365315000,0,1109.34731653,0.5846
1628546365318000,0,3081.27598038,0.5846
1628546401404000,0,70.04606504,0.5860
1628546401404000,0,201.61247775,0.5863
1628546568068000,1,6155.86247473,0.5855
1628547859478000,1,200.00000000,0.5867
1628547938335000,0,1701.08000000,0.5875
1628548355653000,1,5648.03260764,0.5876
1628548355844000,1,1199.15935967,0.5876
1628548355865000,1,0.00000001,0.5876
1628549268593000,0,6135.36579274,0.5886
1628549268593000,0,571.99999999,0.5887
1628549268595000,0,0.00000001,0.5887
1628549277432000,0,69.67303009,0.5891
1628549282495000,0,1437.95584250,0.5901
1628549282495000,0,4044.14111651,0.5902
1628549282562000,0,3030.17780000,0.5902
1628549282562000,0,1437.64894830,0.5904
1628549332586000,0,6108.29523413,0.5905
1628549340455000,0,6107.50438107,0.5905
1628549341232000,0,1440.00000000,0.5905
1628549341251000,0,0.39235212,0.5905
1628550059125000,1,6112.28562127,0.5900
1628550211995000,0,411.64435975,0.5904
1628551940794000,1,224.98517526,0.5915
1628552263844000,1,163.78882935,0.5892
1628552263844000,1,409.48595991,0.5892
1628552263844000,1,2600.00000000,0.5892
1628552263844000,1,2097.25511926,0.5892
1628552263845000,1,922.96268074,0.5892
1628552275840000,1,157.55501128,0.5883
1628552275840000,1,0.00000001,0.5883
1628552469875000,1,156.02574490,0.5874
1628552469880000,1,0.00000001,0.5874
