timestamp ms,type,amount,price
1628467337007000,1,2600.00000000,0.5632
1628467337007000,1,273.58088006,0.5632
1628467861302000,1,72.32433225,0.5589
1628467861344000,1,0.00000001,0.5589
1628467999057000,1,705.97338989,0.5570
1628467999083000,1,294.02661011,0.5570
1628468023619000,1,49.00000000,0.5568
1628468023966000,1,1.00000000,0.5568
1628468028001000,1,50.00000000,0.5560
1628468028001000,1,72.00000000,0.5560
1628468028156000,1,0.71068297,0.5560
1628468031641000,1,50.00000000,0.5550
1628468051902000,1,78.24018543,0.5547
1628468051902000,1,1551.35051457,0.5547
1628468073309000,1,50.00000000,0.5545
1628468080210000,1,199.99999999,0.5540
1628468080305000,1,0.00000001,0.5540
1628469747228000,1,73.09986169,0.5530
1628469747255000,1,0.00000001,0.5530
1628469747302000,1,500.00000000,0.5530
1628469963528000,1,6149.00000000,0.5514
1628469963535000,1,0.43465403,0.5514
1628470004734000,1,116.00000000,0.5510
1628470005939000,1,273.37839014,0.5510
1628470006087000,1,39.20000000,0.5510
1628470006761000,1,3492.13200000,0.5510
1628470007395000,1,6079.28960986,0.5510
1628470007395000,1,1999.71039014,0.5510
1628470011120000,1,0.28960986,0.5510
1628470021516000,1,2600.00000000,0.5501
1628471226559000,1,72.02074572,0.5501
1628471235545000,1,1.46981114,0.5501
1628471235675000,1,1965.66332400,0.5500
1628471236446000,1,38.64576690,0.5500
1628471475129000,1,176.00000000,0.5491
1628471476099000,1,81.06982700,0.5491
1628471476099000,1,0.31982700,0.5491
1628471476099000,1,58.61034600,0.5490
1628471477268000,1,40.55237000,0.5490
1628471477268000,1,81.38965399,0.5490
1628471477269000,1,0.00000001,0.5490
1628471522966000,1,54.58288164,0.5489
1628471604891000,1,500.00000000,0.5485
1628471749207000,0,2064.87247987,0.5510
1628471749208000,0,1165.49932013,0.5510
1628471749208000,0,2600.00000000,0.5510
1628471749208000,0,4623.87501090,0.5510
1628471749313000,0,765.44623567,0.5510
1628471749363000,0,1000.00000000,0.5510
1628472116766000,0,111.62380000,0.5539
1628472119862000,0,61.49150000,0.5539
1628472120768000,0,0.00000100,0.5539
1628472120768000,0,0.00004400,0.5539
1628472134298000,0,46.11860000,0.5546
1628472383699000,0,0.00002600,0.5546
1628472396346000,0,2161.78137353,0.5552
1628472675309000,1,231.60606086,0.5540
1628472788390000,0,50.30300000,0.5555
1628472789443000,0,0.00006300,0.5555
1628473017513000,0,4853.34138650,0.5575
1628473017989000,0,1621.04071838,0.5575
1628473209236000,1,425.13149999,0.5556
1628473219001000,1,0.00000001,0.5556
1628473292482000,0,444.10270000,0.5559
1628474248155000,1,510.26734197,0.5541
1628474407171000,1,730.63369307,0.5547
1628475647729000,0,73.49050000,0.5585
1628475647815000,0,0.00005686,0.5585
1628476332166000,0,2600.00000000,0.5581
1628476332166000,0,18.67770886,0.5582
1628477283969000,0,73.09980000,0.5615
1628477314418000,0,0.00006170,0.5615
1628478383304000,1,2565.92371351,0.5589
1628478383305000,1,34.07628649,0.5589
1628478383305000,1,6446.22401528,0.5589
1628478984164000,1,2600.00000000,0.5594
1628478984164000,1,6439.28638834,0.5594
1628481180249000,0,72.71068296,0.5645
1628481228046000,0,0.00000001,0.5645
1628482539194000,0,3142.96350000,0.5619
1628483516931000,0,72.32433225,0.5675
1628483516931000,0,0.00000001,0.5675
1628483554202000,0,58.61034600,0.5690
1628483554202000,0,81.38965399,0.5690
1628483554205000,0,0.00000001,0.5690
1628483599450000,0,71.93950513,0.5706
1628483599463000,0,0.00000001,0.5706
1628483719041000,0,6306.91412845,0.5720
1628483719392000,0,148.75620000,0.5722
1628483719482000,0,781.67960000,0.5722
1628483719506000,0,72.96410000,0.5722
1628483741840000,0,71.55621827,0.5736
1628483741869000,0,0.00000001,0.5736
1628483773540000,0,71.17570000,0.5767
1628483773660000,0,0.00004083,0.5767
1628483778545000,0,140.99999999,0.5790
1628483778547000,0,0.00000001,0.5790
1628483782775000,0,70.79680000,0.5798
1628483783068000,0,0.00000832,0.5798
1628483946441000,1,10900.00000000,0.5797
1628484030691000,0,123.25840000,0.5787
1628484030753000,0,81.43260000,0.5787
1628484030791000,0,422.23070000,0.5787
1628484030817000,0,143.33940000,0.5787
1628484030885000,0,695.95630621,0.5787
1628484287805000,0,1071.81933437,0.5764
1628484287827000,0,400.45585838,0.5764
1628485336798000,1,70.79680831,0.5710
1628485336819000,1,0.00000001,0.5710
1628488001414000,1,1118.82626351,0.5688
1628488001425000,1,1481.17373649,0.5688
1628488001425000,1,1672.20495503,0.5687
1628488005490000,1,71.00000000,0.5680
1628488006044000,1,0.17574083,0.5680
1628488120913000,0,175.82000000,0.5674
1628488890773000,0,2600.00000000,0.5709
1628488890773000,0,1757.20274294,0.5709
1628489268308000,1,71.00000000,0.5649
1628489268336000,1,0.55621828,0.5649
1628489690162000,1,1333.61745156,0.5644
1628489690171000,1,1149.91122741,0.5644
1628489925699000,0,380.40330300,0.5633
1628489968604000,1,2600.00000000,0.5634
1628489968604000,1,291.85041036,0.5633
1628490045830000,0,211.33646613,0.5650
1628490829054000,0,568.99999999,0.5662
1628492244758000,0,1000.00000000,0.5677
1628492465455000,0,3106.91419999,0.5680
1628492522382000,0,0.00000001,0.5680
1628492826007000,0,550.86099457,0.5697
1628493336814000,0,1741.99033613,0.5712
1628494025974000,0,439.79000000,0.5681
1628494861285000,1,2254.31084861,0.5691
1628494986250000,0,71.55621827,0.5736
1628494986256000,0,0.00000001,0.5736
1628495305503000,0,3347.26876251,0.5758
1628495305504000,0,2914.97150417,0.5758
1628495305506000,0,3098.01240000,0.5758
1628495359564000,0,66.37430900,0.5765
1628495359564000,0,261.56788209,0.5765
1628495366344000,0,71.17574083,0.5767
1628495366344000,0,14.85331840,0.5768
1628496012753000,1,5011.91124566,0.5747
1628496012809000,1,589.76433825,0.5747
1628496353517000,1,1618.12100000,0.5752
1628496440558000,1,6508.45092532,0.5733
1628496440558000,1,6248.12998203,0.5733
1628496440569000,1,260.33838586,0.5733
1628497074923000,0,82.46589778,0.5731
1628497569168000,1,555.39999999,0.5711
1628497569202000,1,0.00000001,0.5711
1628497670547000,1,1947.87373100,0.5705
1628497670549000,1,652.12626900,0.5705
1628498449587000,1,2600.00000000,0.5735
1628498449587000,1,111.54230000,0.5735
1628499032816000,0,172.59456037,0.5765
1628499300317000,1,300.47500000,0.5751
1628499676611000,0,819.58247208,0.5767
1628500402709000,0,70.79680000,0.5798
1628500402777000,0,0.00000832,0.5798
1628500727347000,1,2600.00000000,0.5798
1628500727347000,1,603.70767007,0.5798
1628500767395000,0,1458.18310000,0.5816
1628501005314000,0,70.42066250,0.5829
1628501005328000,0,0.00000001,0.5829
1628501041709000,0,1003.19720000,0.5837
1628501041911000,0,1122.02090000,0.5837
1628501041921000,0,166.69500000,0.5837
1628501165806000,1,105.56742545,0.5803
1628501428361000,0,514.52465730,0.5804
1628501428376000,0,2085.47534270,0.5804
1628501428376000,0,692.68436189,0.5805
1628501653632000,1,1700.00000000,0.5788
1628502150050000,1,300.47500000,0.5793
1628502197153000,1,6211.85060944,0.5793
1628502252527000,0,2599.99999999,0.5795
1628502354968000,1,2484.01367291,0.5795
1628502354968000,1,402.07766864,0.5795
1628502354979000,1,2486.69765669,0.5795
1628502920089000,0,6184.51873275,0.5827
1628503009264000,0,2600.00000000,0.5826
1628503009264000,0,5939.60930312,0.5826
1628503331562000,0,2600.00000000,0.5826
1628503331562000,0,3301.53543385,0.5826
1628503339219000,1,1522.93842800,0.5819
1628503412952000,0,70.04606503,0.5860
1628503412982000,0,0.00000001,0.5860
1628503413008000,0,1446.15595949,0.5861
1628503423828000,1,2600.00000000,0.5859
1628503502416000,0,170.08972649,0.5850
1628503543438000,1,67.73759101,0.5844
1628503543438000,1,102.35213548,0.5844
1628503836645000,0,2599.99999999,0.5837
1628503836648000,0,0.00000001,0.5837
1628503851155000,0,119.29000000,0.5847
1628504076346000,0,1402.37859784,0.5847
1628504076467000,0,3141.83430000,0.5847
1628504076575000,0,46.07900000,0.5847
1628504078381000,0,516.80810215,0.5847
1628504166306000,0,0.00000001,0.5847
1628504195252000,0,3050.54290000,0.5851
1628504195252000,0,1447.69922774,0.5852
1628504195641000,0,79.69180000,0.5853
1628504195692000,0,946.80140000,0.5853
1628504195735000,0,186.14380000,0.5853
1628504195791000,0,475.42300000,0.5853
1628504195831000,0,48.67290000,0.5853
1628504195889000,0,261.79440000,0.5853
1628504195900000,0,144.46730000,0.5853
1628504195913000,0,81.84940000,0.5853
1628504195927000,0,58.98120000,0.5853
1628504195939000,0,122.44280000,0.5853
1628504195949000,0,161.32610000,0.5853
1628504195955000,0,133.81010000,0.5853
1628504195974000,0,71.88580000,0.5853
1628504195988000,0,60.19470000,0.5853
1628504196043000,0,92.29840000,0.5853
1628504196127000,0,2116.75770000,0.5853
1628504196177000,0,1410.66465063,0.5853
1628504208755000,1,1045.22222385,0.5850
1628504208845000,1,8273.58500000,0.5850
1628504208859000,1,1748.44890250,0.5850
1628504208868000,1,71.65460000,0.5850
1628504208905000,1,77.46420000,0.5850
1628504208910000,1,99.31300000,0.5850
1628504208911000,1,2434.31207365,0.5850
1628504242384000,1,1500.00000000,0.5838
1628504333225000,0,202.84492970,0.5825
1628504445333000,1,1484.58059559,0.5820
1628505198145000,0,1449.81030000,0.5846
1628505198164000,0,0.00009712,0.5846
1628505321735000,1,525.00000000,0.5850
1628505361717000,0,621.26481192,0.5865
1628505506863000,0,2600.00000000,0.5868
1628505506863000,0,49.35259225,0.5868
1628505588723000,1,3465.72979680,0.5855
1628505588736000,1,628.53763044,0.5855
1628505588746000,1,2050.18882256,0.5855
1628505726761000,1,197.89301623,0.5876
1628505727021000,0,1220.73645387,0.5883
1628505727913000,1,2402.10698376,0.5876
1628505727961000,1,0.00000001,0.5876
1628505744081000,0,66.03410000,0.5890
1628505744104000,0,45.84310000,0.5890
1628505744233000,0,30.12280000,0.5890
1628505744233000,0,34.95090000,0.5891
1628505745345000,0,34.72213009,0.5891
1628505772658000,1,900.50707391,0.5897
1628505772659000,1,902.51244820,0.5897
1628505772666000,1,322.52540850,0.5897
1628505814384000,1,68.43112771,0.5885
1628505877570000,0,191.19865742,0.5894
1628505935469000,0,573.73100000,0.5882
1628505935567000,0,115.50650000,0.5882
1628505935587000,0,56.68940000,0.5882
1628505935587000,0,46.94250000,0.5882
1628505935590000,0,50.54190000,0.5882
1628505935694000,0,85.02780000,0.5882
1628505935766000,0,804.28124698,0.5882
1628505935793000,0,223.14700000,0.5882
1628505963867000,0,4235.97415214,0.5883
1628506112742000,0,1195.00633787,0.5880
1628506266022000,0,1530.74370000,0.5880
1628506266912000,0,1223.63861658,0.5880
1628506266913000,0,941.22686330,0.5880
1628506266914000,0,353.14783822,0.5880
1628506266951000,0,1223.48884442,0.5880
1628506268154000,0,69.45320000,0.5880
1628506268216000,0,61.89680000,0.5880
1628506268282000,0,84.85740000,0.5880
1628506268352000,0,1223.33909974,0.5880
1628506268354000,0,99.81750000,0.5880
1628506268507000,0,109.52760000,0.5880
1628506268673000,0,82.28620000,0.5880
1628506268743000,0,111.95390000,0.5880
1628506269371000,0,56.27700000,0.5880
1628506269589000,0,791.21805715,0.5880
1628506269605000,0,104.64680000,0.5880
1628506269724000,0,65.34990000,0.5880
1628506269738000,0,55.15370000,0.5880
1628506269748000,0,94.18440000,0.5880
1628506269789000,0,61.15250000,0.5880
1628506269819000,0,52.14090000,0.5880
1628506269831000,0,89.94740000,0.5880
1628506269857000,0,200.13330000,0.5880
1628506269947000,0,49.80550000,0.5880
1628506270008000,0,326.08773607,0.5880
1628506270025000,0,47.15740000,0.5880
1628506270082000,0,57.29870000,0.5880
1628506270125000,0,109.37410419,0.5880
1628506270126000,0,787.52945145,0.5880
1628506270146000,0,1222.84164457,0.5880
1628506270186000,0,61.86500000,0.5880
1628506270188000,0,868.81557127,0.5880
1628506270249000,0,588.63703517,0.5880
1628506330965000,1,2599.99999999,0.5874
1628506330968000,1,0.00000001,0.5874
1628507017190000,1,2632.49150754,0.5885
1628507017235000,1,7897.49334003,0.5885
1628507017284000,1,1070.01515243,0.5885
1628507810945000,0,129.46657864,0.5908
1628508187050000,1,2600.00000000,0.5894
1628508187050000,1,5950.00000000,0.5892
1628508206240000,1,2600.00000000,0.5887
1628508206240000,1,6052.39268121,0.5884
1628508486277000,0,168.60691711,0.5901
1628508524051000,1,487.54837220,0.5897
1628508524054000,1,5610.18141660,0.5897
1628508524976000,1,286.09800000,0.5894
1628508541610000,0,266.00000000,0.5892
1628508559067000,1,2000.00000000,0.5884
1628508566127000,0,499.70380000,0.5877
1628508566204000,0,166.74470000,0.5877
1628508566335000,0,59.87260000,0.5877
1628508566353000,0,57.46230000,0.5877
1628508566512000,0,45.77250000,0.5877
1628508566530000,0,51.26960000,0.5877
1628508566578000,0,51.89460000,0.5877
1628508566776000,0,126.42450000,0.5877
1628508566853000,0,51.16730000,0.5877
1628508566875000,0,48.69000000,0.5877
1628508567378000,0,199.06000000,0.5880
1628508603240000,0,724.38450000,0.5875
1628508603260000,0,47.56280000,0.5875
1628508603367000,0,61.21710000,0.5875
1628508603397000,0,45.31640000,0.5875
1628508720761000,1,2600.00000000,0.5876
1628508720761000,1,1172.87310000,0.5876
1628509332130000,1,7251.01000000,0.5890
1628509332184000,1,67.12670000,0.5890
1628509332219000,1,7831.86330000,0.5890
1628509449260000,0,2599.99999999,0.5900
1628509547281000,1,1600.00000000,0.5899
1628509650078000,0,81.88000000,0.5914
1628509772476000,1,1020.62170000,0.5898
1628509926606000,1,244.75000000,0.5910
1628510194429000,0,6103.55226241,0.5906
1628510194452000,0,0.00000001,0.5906
1628510315308000,0,83.60000000,0.5906
1628510344168000,0,168.76000000,0.5911
1628510410240000,0,69.30270000,0.5923
1628510410269000,0,0.00005924,0.5923
1628510502852000,1,280.69863485,0.5891
1628510502861000,1,2199.64026861,0.5891
1628510582622000,1,1294.98635210,0.5902
1628510582806000,1,69.30270000,0.5902
1628510582966000,1,341.51885269,0.5902
1628510583019000,1,1024.11439376,0.5902
1628510583026000,1,197.24314409,0.5902
1628510583028000,1,215.22674884,0.5902
1628510583068000,1,11207.60780852,0.5902
1628510609667000,0,215.01491953,0.5908
1628510641243000,0,300.41027676,0.5904
1628510862117000,0,494.70000000,0.5882
1628510944654000,1,986.98141055,0.5866
1628510944781000,1,1945.26629194,0.5866
1628510944843000,1,8867.75229751,0.5866
1628510945303000,1,5134.63640000,0.5865
1628510945378000,1,9365.36360000,0.5865
1628511049171000,1,1172.57591624,0.5872
1628511049182000,1,423.06208113,0.5872
1628511049188000,1,795.74097785,0.5872
1628511232338000,0,85.53000000,0.5888
1628511578458000,1,2600.00000000,0.5846
1628511578458000,1,144.52000000,0.5845
1628512846592000,0,4316.03620874,0.5889
1628512846620000,0,569.00000000,0.5890
1628512982051000,1,590.00000000,0.5877
1628513331526000,1,434.63348290,0.5881
1628513332731000,1,946.70007619,0.5881
1628513333382000,1,866.07101330,0.5881
1628513333467000,1,1686.94890886,0.5881
1628513460252000,0,1936.26529380,0.5874
1628513460254000,0,4195.60099428,0.5874
1628513460254000,0,2600.00000000,0.5875
1628513692055000,1,838.27267027,0.5870
1628513698341000,1,67.05981900,0.5865
1628513876031000,1,2600.00000000,0.5875
1628513876031000,1,2400.00000000,0.5874
1628513900306000,1,2600.00000000,0.5876
1628513900306000,1,2379.00000000,0.5876
1628514391930000,1,844.64552491,0.5890
1628514391995000,1,0.00000001,0.5890
1628514504183000,1,632.96030817,0.5870
1628514641557000,1,453.11872970,0.5875
1628514817626000,1,100.00000000,0.5887
1628514841190000,0,3489.59451307,0.5895
1628514841785000,0,608.11244293,0.5895
1628514841786000,0,902.29304400,0.5895
1628514907453000,1,713.93799679,0.5892
1628514913811000,1,2882.52789485,0.5889
1628515261944000,1,1895.81329930,0.5881
1628515262058000,1,6504.49010000,0.5881
1628515262071000,1,499.09775787,0.5881
1628515366912000,0,1462.40269504,0.5892
1628515576279000,0,101.26301685,0.5896
1628515618979000,1,146.89775334,0.5896
1628515753023000,0,3999.99999999,0.5905
1628515753040000,0,0.00000001,0.5905
1628515797265000,0,978.99999999,0.5907
1628515797269000,0,0.00000001,0.5907
1628515890773000,1,1085.58746105,0.5897
1628515932249000,0,232.87190348,0.5908
1628516195425000,1,1350.00000000,0.5910
1628516286469000,0,4344.12839322,0.5928
1628516286471000,0,789.42338385,0.5928
1628516286833000,0,112.40260000,0.5930
1628516286917000,0,142.87582505,0.5930
1628516286917000,0,1243.71403501,0.5930
1628516286917000,0,1975.11084337,0.5930
1628516286917000,0,365.24186381,0.5930
1628516424879000,1,3066.80344646,0.5937
1628516424912000,1,3443.64039802,0.5937
1628516553507000,0,1878.70967581,0.5922
1628516658121000,1,1000.00000000,0.5911
1628517082938000,1,44.20001313,0.5895
1628517210290000,1,99.99999999,0.5870
1628517210328000,1,0.00000001,0.5870
1628517210668000,0,2600.00000000,0.5874
1628517210668000,0,2494.69126134,0.5874
1628517210971000,1,45.01663302,0.5863
1628517218752000,1,4433.89557603,0.5857
1628517218754000,1,1706.75391582,0.5857
1628517275615000,1,69.00000000,0.5833
1628517275657000,1,0.30275924,0.5833
1628517289550000,1,118.76877184,0.5833
1628517289581000,1,0.00000001,0.5833
1628517350095000,0,2600.00000000,0.5847
1628517354377000,1,232.00000000,0.5847
1628517354805000,1,332.40605490,0.5847
1628517550475000,1,13600.00000000,0.5843
1628517721360000,0,78.90774599,0.5875
1628517721368000,0,0.00000001,0.5875
1628517894288000,1,459.36735232,0.5861
1628517894307000,1,1229.50801837,0.5861
1628517894321000,1,1235.52919995,0.5861
1628517894325000,1,2459.82683093,0.5861
1628517894454000,1,772.33075120,0.5861
1628517894457000,1,6193.43784723,0.5861
1628517990425000,0,3184.05680000,0.5900
1628517990458000,0,0.00006248,0.5900
1628517998243000,1,482.91654800,0.5899
1628518001428000,1,399.76806700,0.5903
1628518009345000,0,44.04210000,0.5918
1628518012728000,0,69.30275924,0.5923
1628518013791000,0,203.42305561,0.5926
1628518013798000,0,2174.93877491,0.5926
1628518014671000,0,3163.00000000,0.5926
1628518015230000,0,0.65912556,0.5926
1628518021975000,1,231.76283384,0.5940
1628518033609000,1,2062.35560115,0.5942
1628518055842000,1,2600.00000000,0.5935
1628518067554000,1,2600.00000000,0.5929
1628518116090000,1,14950.00000000,0.5933
1628518159665000,0,883.90252427,0.5923
1628518168659000,1,1174.37639700,0.5922
1628518191341000,0,2600.00000000,0.5925
1628518191341000,0,992.95192000,0.5925
1628518191341000,0,2599.99999999,0.5925
1628518220905000,1,2600.00000000,0.5920
1628518220905000,1,2126.16350801,0.5920
1628518245138000,1,1828.99930719,0.5918
1628518300915000,0,316.88788059,0.5920
1628518300916000,0,0.00000001,0.5920
1628518300916000,0,6088.94341252,0.5923
1628518305390000,1,222.43328894,0.5920
1628518366546000,1,198.94280999,0.5900
1628518367140000,1,89.49679798,0.5896
1628518380514000,1,367.01614710,0.5896
1628518380552000,1,0.00000001,0.5896
1628518380860000,1,323.59562785,0.5893
1628518381230000,1,863.36189558,0.5893
1628518394642000,1,9450.00000000,0.5886
1628518789442000,0,1015.27302360,0.5911
1628518789456000,0,1217.98269923,0.5911
1628518797704000,0,366.74424328,0.5920
1628518814129000,0,1682.92993318,0.5927
1628518887754000,1,2600.00000000,0.5917
1628518887754000,1,4418.37083987,0.5917
1628519015179000,1,1127.92468449,0.5922
1628519015198000,1,723.85464854,0.5922
1628519015320000,1,957.51990663,0.5922
1628519015429000,1,1584.47114758,0.5922
1628519015768000,1,9064.77935980,0.5922
1628519120341000,0,168.56000000,0.5918
1628519409949000,1,867.67211596,0.5890
1628519409954000,1,988.16094854,0.5890
1628519410117000,1,524.35044079,0.5889
1628519410134000,1,1225.08329903,0.5889
1628519410248000,1,725.38710000,0.5889
1628519410254000,1,0.00000653,0.5889
1628519411577000,1,490.96528300,0.5877
1628519450691000,1,1393.76795824,0.5882
1628519516377000,0,78.27481555,0.5866
1628519516396000,0,0.00000001,0.5866
1628519666071000,1,497.73917791,0.5861
1628519784288000,0,329.50000000,0.5865
1628519949023000,0,96.28340866,0.5871
1628519949038000,0,0.00000001,0.5871
1628520017929000,0,183.51498887,0.5872
1628520017935000,0,0.00000001,0.5872
1628520028001000,0,188.04090309,0.5874
1628520157301000,1,224.03733125,0.5866
1628520254575000,1,2000.00000000,0.5850
1628520310026000,0,1448.04585346,0.5860
1628520310230000,0,0.00000001,0.5860
1628520357652000,0,1447.45702794,0.5860
1628520360909000,0,0.00000001,0.5860
1628520360909000,0,3618.60599818,0.5862
1628520360936000,0,0.00000002,0.5862
1628520540573000,0,170.07000000,0.5865
1628520603656000,1,334.62014009,0.5854
1628520603732000,1,1904.83428518,0.5854
1628520610688000,1,244.71390000,0.5849
1628521552384000,0,6141.44542902,0.5877
1628521552384000,0,2600.00000000,0.5879
1628521552384000,0,6142.91858756,0.5879
1628521552384000,0,3019.53850000,0.5880
1628521552466000,1,6141.44542902,0.5883
1628521552497000,1,569.00000000,0.5883
1628521597042000,0,6078.89018594,0.5881
1628521597047000,0,62.48644352,0.5881
1628521696533000,1,1501.00476499,0.5888
1628521709377000,1,942.82614137,0.5888
1628521770299000,1,784.24125795,0.5887
1628521875528000,1,268.05730527,0.5892
1628521875534000,1,2451.45733714,0.5892
1628521875555000,1,339.41942986,0.5892
1628521875560000,1,972.09645969,0.5892
1628521875563000,1,1043.49222007,0.5892
1628521875579000,1,254.21541009,0.5892
1628521875581000,1,2631.83349753,0.5892
1628521875582000,1,1227.54799320,0.5892
1628521875593000,1,1139.31357712,0.5892
1628521875636000,1,61271.90214102,0.5892
1628521875654000,1,6126.91290232,0.5892
1628521876446000,1,3076.83390000,0.5892
1628521876446000,1,61291.22822795,0.5892
1628522001899000,0,3634.02762380,0.5901
1628522193878000,0,6113.54547679,0.5902
1628522193887000,0,0.00000001,0.5902
1628522328849000,0,421.11182563,0.5911
1628522340317000,1,1007.03939586,0.5908
1628522341238000,1,1221.32266714,0.5908
1628522341349000,1,1221.51966434,0.5908
1628522500436000,0,2600.00000000,0.5910
1628522618659000,0,67.45823895,0.5916
1628522673866000,0,3834.72604073,0.5919
1628522769984000,0,2032.78359903,0.5921
1628522881657000,1,4676.30321349,0.5922
1628522881713000,1,0.00000001,0.5922
1628522986927000,0,5317.14387114,0.5930
1628523002006000,1,60837.00508727,0.5928
1628523141758000,0,80.00081247,0.5908
1628523264505000,0,84.33155226,0.5907
1628523388520000,0,168.12681006,0.5918
1628523410163000,1,2224.62113985,0.5924
1628523410163000,1,2067.46103268,0.5924
1628523725690000,1,1023.81079952,0.5912
1628523820805000,0,3830.19648623,0.5923
1628523820812000,0,1294.13606864,0.5923
1628524022501000,1,483.85446962,0.5918
1628524022512000,1,1026.17895901,0.5918
1628524582210000,1,567.82800893,0.5925
1628524582228000,1,1217.68418666,0.5925
1628524779125000,1,74.78166104,0.5921
1628524779148000,1,0.00000001,0.5921
1628524779323000,1,186.95730779,0.5920
1628524779323000,1,486.08079679,0.5920
1628524779352000,1,0.00000001,0.5920
1628525314653000,0,211.99999999,0.5926
1628525314653000,0,0.00000001,0.5926
1628525553013000,0,1062.33795982,0.5894
1628525675041000,0,6123.23626178,0.5895
1628525675041000,0,572.00000000,0.5896
1628525675041000,0,91.71373822,0.5898
1628525736697000,1,2500.00000000,0.5891
1628525881089000,0,2523.26640293,0.5915
1628526248461000,0,150.85000000,0.5907
1628526508443000,1,150.21230526,0.5900
1628526520197000,1,18.90633880,0.5900
1628526737508000,1,100.00000000,0.5894
1628527234696000,0,169.25646390,0.5879
1628528427925000,0,75.43000000,0.5907
1628528890106000,0,1410.69000000,0.5900
1628529648050000,1,808.45383140,0.5881
1628529648054000,1,319.63265507,0.5881
1628529648110000,1,4928.75082247,0.5881
1628529670663000,0,176.00000000,0.5881
1628529670677000,0,0.03095674,0.5881
1628529816009000,0,174.31161453,0.5880
1628529978318000,0,1438.96522530,0.5897
1628530011666000,0,143.33050649,0.5900
1628530018152000,0,143.34035841,0.5900
1628530043161000,0,392.65989913,0.5897
1628530044714000,0,608.97815764,0.5897
1628530046204000,0,392.65989913,0.5897
1628530059788000,0,182.31668142,0.5897
1628530171053000,0,174.31161452,0.5897
1628530683520000,1,186.89773343,0.5894
1628530685659000,1,0.00000001,0.5894
1628530808208000,1,249.55402649,0.5886
1628530808232000,1,0.00000001,0.5886
1628531784183000,1,118.29406874,0.5896
1628531784303000,1,0.00000001,0.5896
1628531847749000,1,78.89490293,0.5894
1628531847755000,1,0.00000001,0.5894
1628532354490000,0,399.39564636,0.5917
1628532646415000,0,399.27418183,0.5919
1628533214576000,0,3354.71078825,0.5938
1628533546351000,1,734.96319990,0.5934
1628533546369000,1,1148.74107328,0.5934
1628533547561000,1,369.06489760,0.5934
1628533547703000,1,707.67554514,0.5934
1628533547706000,1,1215.47218015,0.5934
1628533981873000,1,2600.00000000,0.5925
1628533981873000,1,160.00000000,0.5925
1628534148845000,1,977.17104012,0.5939
1628534149370000,1,853.97445830,0.5939
1628534149439000,1,1010.17481392,0.5939
1628534150403000,1,158.67968766,0.5939
1628534265128000,0,501.34000000,0.5939
1628534515290000,0,68.93405210,0.5955
1628534515302000,0,0.00000001,0.5955
1628534596219000,0,1166.86190508,0.5969
1628534825837000,0,2600.00000000,0.5968
1628534825837000,0,1242.93707899,0.5968
1628534829449000,0,2600.00000000,0.5970
1628534829449000,0,128.32955896,0.5970
1628534857677000,1,601.73978882,0.5960
1628534898133000,1,255.97471740,0.5960
1628534938200000,1,1143.69609717,0.5960
1628534939384000,1,0.00000001,0.5960
1628535020520000,1,329.68679768,0.5958
1628535029937000,1,48.12464278,0.5958
1628535031546000,1,150.08398451,0.5955
1628535043540000,1,353.94658059,0.5955
1628535044087000,1,0.00000001,0.5955
1628535566085000,0,2600.00000000,0.5940
1628535566085000,0,1047.01656323,0.5940
1628535663669000,0,76.55276889,0.5934
1628535741510000,1,944.95000000,0.5932
1628535788550000,1,2600.00000000,0.5929
1628535788550000,1,2447.58236946,0.5928
1628535806554000,0,83.21000000,0.5936
1628536063656000,0,335.66290906,0.5944
1628536842111000,0,1002.03276125,0.5949
1628537228954000,1,199.99999999,0.5950
1628537234114000,1,0.00000001,0.5950
1628537584201000,1,199.99999999,0.5940
1628537584221000,1,0.00000001,0.5940
1628537627438000,1,1619.45671169,0.5931
1628537754664000,1,399.99999999,0.5930
1628537754665000,1,0.00000001,0.5930
1628537791378000,1,3911.22910053,0.5926
1628537807532000,1,1000.00000000,0.5920
1628537812317000,1,766.03813380,0.5910
1628538022012000,1,2600.00000000,0.5904
1628538022012000,1,6104.41377824,0.5904
1628538022012000,1,3034.33200000,0.5903
1628538022012000,1,6104.73278428,0.5901
1628538022012000,1,214.68500669,0.5900
1628538022012000,1,6043.34432013,0.5899
1628538022012000,1,989.60675000,0.5897
1628538022012000,1,572.00000000,0.5893
1628538022012000,1,1728.00000000,0.5889
1628538022012000,1,287.18070732,0.5884
1628538022012000,1,5513.38812176,0.5880
1628538410681000,1,42.60063106,0.5903
1628538637607000,1,161.89427311,0.5902
1628538637658000,1,0.00000001,0.5902
1628538669123000,1,2600.00000000,0.5891
1628538669123000,1,133.00000000,0.5891
1628538714338000,1,162.22410864,0.5890
1628538714401000,1,0.00000001,0.5890
1628538779542000,0,83.77000000,0.5895
1628538820718000,1,3502.95266051,0.5882
1628538821387000,1,1000.00000000,0.5880
1628538872152000,1,230.70812754,0.5870
1628538872345000,1,91.57398371,0.5870
1628538874301000,1,68.93405210,0.5864
1628538874433000,1,0.00000001,0.5864
1628538878445000,1,799.99999999,0.5860
1628538878483000,1,0.00000001,0.5860
1628538961407000,0,6146.04764745,0.5873
1628538961407000,0,572.00000000,0.5874
1628539173004000,1,162.92230302,0.5884
1628539173019000,1,0.00000001,0.5884
1628539376669000,1,804.41974300,0.5903
1628539915215000,1,489.41168516,0.5917
1628539917017000,1,0.00000001,0.5917
1628539917017000,1,212.28732802,0.5917
1628539917979000,1,1982.63253111,0.5917
1628539918111000,1,1103.99284087,0.5917
1628539918111000,1,369.23206339,0.5916
1628539918655000,1,283.37340615,0.5916
1628539921871000,1,260.43075477,0.5915
1628539921873000,1,609.97468262,0.5915
1628539967020000,0,307.21641387,0.5921
1628540168108000,0,2600.00000000,0.5925
1628540168108000,0,767.14055011,0.5926
1628540871186000,1,379.77762041,0.5931
1628540871188000,1,0.00000001,0.5931
1628540878462000,1,326.65495976,0.5927
1628540878555000,1,180.12813312,0.5927
1628540902019000,1,675.00000000,0.5926
1628540902043000,1,0.76780290,0.5926
1628540967645000,1,169.00000000,0.5925
1628540967649000,1,732.19242518,0.5925
1628541008281000,1,61.12870339,0.5913
1628541008281000,1,1069.22840437,0.5913
1628541008575000,1,400.00000000,0.5913
1628541009083000,1,0.07444040,0.5913
1628541009597000,1,273.85526872,0.5907
1628541041875000,1,91.38860173,0.5901
1628541042043000,0,1547.27328120,0.5903
1628541048451000,1,122.06301779,0.5890
1628541071908000,1,289.40878320,0.5870
1628541137219000,1,217.00000000,0.5860
1628541141790000,1,0.16982736,0.5860
1628541149822000,1,500.00000000,0.5845
1628541166447000,0,151.75210500,0.5848
1628541223947000,1,215.00000000,0.5834
1628541229462000,1,0.54733600,0.5834
1628541229462000,1,67.90575734,0.5833
1628541255205000,1,1.39700190,0.5833
1628541256754000,1,999.99999999,0.5825
1628541256802000,1,0.00000001,0.5825
1628541285389000,1,200.00000000,0.5828
1628541287625000,0,1454.73692253,0.5837
1628541314550000,0,0.00000001,0.5837
1628541355026000,1,35.79875113,0.5827
1628541355026000,1,156.82332773,0.5827
1628541369336000,0,2600.00000000,0.5843
1628541369336000,0,3048.61000000,0.5843
1628541369336000,0,6180.23552200,0.5844
1628541369336000,0,3628.20422071,0.5845
1628541369336000,0,1451.24215153,0.5846
1628541369336000,0,572.00000000,0.5846
1628541369336000,0,3629.13702074,0.5847
1628541369336000,0,6179.65710047,0.5847
1628541369336000,0,6074.14002229,0.5848
1628541369336000,0,19.58129834,0.5850
1628541625222000,0,105.01245940,0.5851
1628541688470000,1,10077.66609212,0.5860
1628541733544000,1,487.60482314,0.5855
1628541860414000,1,274.61097811,0.5848
1628541892693000,0,2038.12226477,0.5848
1628541900752000,1,366.38462064,0.5844
1628542151192000,1,1063.48797250,0.5820
1628542151192000,1,103.27634106,0.5820
1628542211223000,0,311.98742263,0.5833
1628542211231000,0,260.01257737,0.5833
1628542372644000,1,215.43446951,0.5832
1628542376620000,1,116.38027226,0.5825
1628542376705000,1,77.58798283,0.5825
1628542446249000,1,1000.00000000,0.5828
1628542604998000,1,6809.00000000,0.5828
1628542658892000,1,155.00000000,0.5820
1628542735617000,1,2000.00000000,0.5810
1628542735617000,1,222.00000000,0.5810
1628542740131000,1,162.55504600,0.5802
1628542740131000,1,69.44495400,0.5802
1628542740345000,1,0.22807609,0.5802
1628542877811000,0,1454.84682235,0.5832
1628542877812000,0,0.00000001,0.5832
1628542999239000,0,171.17000000,0.5827
1628543287336000,1,231.00000000,0.5824
1628543287531000,1,0.04064007,0.5824
1628543328192000,1,332.00000000,0.5810
1628543341976000,1,1467.00000000,0.5804
1628543409296000,0,2600.00000000,0.5817
1628543409296000,0,3043.83930000,0.5818
1628543409296000,0,572.00000000,0.5818
1628543409296000,0,2025.05070000,0.5819
1628543579730000,1,130.30756785,0.5810
1628543579730000,1,172.69243215,0.5810
1628543579788000,1,0.87795223,0.5810
1628543602569000,1,558.62068965,0.5800
1628543653791000,1,200.00000000,0.5790
1628543653909000,1,424.05587756,0.5789
1628543670293000,1,5327.00000000,0.5789
1628543673971000,1,416.00000000,0.5780
1628543839293000,1,70.00000000,0.5771
1628543839373000,1,0.04606504,0.5771
1628543842450000,1,1000.00000000,0.5760
1628544076594000,0,163.09349712,0.5796
1628544627870000,0,572.00000000,0.5781
1628544627993000,1,8194.30857854,0.5781
1628545036443000,0,72.26220199,0.5819
1628545036444000,0,0.00000001,0.5819
1628545036444000,0,6203.54827777,0.5823
1628545051992000,0,38.38929500,0.5831
1628545051992000,0,4731.70610210,0.5831
1628545051994000,0,1467.94697804,0.5831
1628545249742000,1,60.33221669,0.5845
1628545249742000,1,2306.07391743,0.5845
1628545543381000,1,6183.78414663,0.5830
1628545543381000,1,3024.33469999,0.5830
1628545770421000,0,170.88000000,0.5837
1628546193471000,1,1389.57399115,0.5832
1628546194080000,1,232.74600612,0.5832
1628546195794000,1,91.27369467,0.5832
1628546196782000,1,143.89279589,0.5832
1628546196982000,1,111.94171216,0.5832
1628546197191000,1,0.00000001,0.5832
1628546321825000,0,6189.33273062,0.5835
1628546321825000,0,1453.53521860,0.5837
1628546321825000,0,3670.89711854,0.5837
1628546365315000,0,1109.34731653,0.5846
1628546365318000,0,3081.27598038,0.5846
1628546401404000,0,70.04606504,0.5860
1628546401404000,0,201.61247775,0.5863
1628546568068000,1,6155.86247473,0.5855
1628547859478000,1,200.00000000,0.5867
1628547938335000,0,1701.08000000,0.5875
1628548355653000,1,5648.03260764,0.5876
1628548355844000,1,1199.15935967,0.5876
1628548355865000,1,0.00000001,0.5876
1628549268593000,0,6135.36579274,0.5886
1628549268593000,0,571.99999999,0.5887
1628549268595000,0,0.00000001,0.5887
1628549277432000,0,69.67303009,0.5891
1628549282495000,0,1437.95584250,0.5901
1628549282495000,0,4044.14111651,0.5902
1628549282562000,0,3030.17780000,0.5902
1628549282562000,0,1437.64894830,0.5904
1628549332586000,0,6108.29523413,0.5905
1628549340455000,0,6107.50438107,0.5905
1628549341232000,0,1440.00000000,0.5905
1628549341251000,0,0.39235212,0.5905
1628550059125000,1,6112.28562127,0.5900
1628550211995000,0,411.64435975,0.5904
1628551940794000,1,224.98517526,0.5915
1628552263844000,1,163.78882935,0.5892
1628552263844000,1,409.48595991,0.5892
1628552263844000,1,2600.00000000,0.5892
1628552263844000,1,2097.25511926,0.5892
1628552263845000,1,922.96268074,0.5892
1628552275840000,1,157.55501128,0.5883
1628552275840000,1,0.00000001,0.5883
1628552469875000,1,156.02574490,0.5874
1628552469880000,1,0.00000001,0.5874
1628552633558000,1,1796.81587047,0.5870
1628553677176000,0,988.42163436,0.5893
1628553701056000,1,103.26809845,0.5887
1628553701056000,1,258.17024612,0.5887
1628553701056000,1,671.27452415,0.5887
1628553701056000,1,3041.25310000,0.5887
1628553701056000,1,6123.25689940,0.5887
1628553701056000,1,6166.99907819,0.5887
1628553701167000,0,6123.25689940,0.5886
1628553701213000,0,61227.65780521,0.5886
1628553701488000,0,43114.00000000,0.5888
1628553928966000,0,69.30275923,0.5923
1628553929028000,0,0.00000001,0.5923
1628554083837000,1,72.56620153,0.5922
1628554325018000,1,46.30782873,0.5871
1628554325278000,1,115.76957182,0.5869
1628554377109000,1,274.93699907,0.5845
1628554377109000,1,2600.00000000,0.5845
1628554377109000,1,105.71177330,0.5844
1628554377109000,1,42.27777844,0.5844
1628554377109000,1,5932.04513078,0.5844
1628554380628000,0,5204.07260000,0.5846
1628554380825000,0,1309.71017554,0.5846
1628554380852000,0,1281.20707023,0.5846
1628554427374000,1,69.30275923,0.5833
1628554427430000,1,0.00000001,0.5833
1628554618179000,0,995.51778999,0.5852
1628554618180000,0,0.00000001,0.5852
1628554710054000,1,984.63449070,0.5843
1628554710054000,1,1615.36550930,0.5843
1628554710054000,1,2830.81197242,0.5843
1628555405334000,1,1315.07116786,0.5896
1628558785191000,1,69.67303009,0.5802
1628559296998000,0,571.99999999,0.5833
1628559299194000,0,571.99999999,0.5836
1628559894196000,0,2599.99999999,0.5840
1628562236903000,0,6166.21184572,0.5861
1628562245295000,0,1480.04027915,0.5874
1628562245295000,0,1119.95972085,0.5874
1628562307361000,0,6144.63905968,0.5883
1628567307782000,0,4054.81045280,0.5828
1628567518541000,1,2600.00000000,0.5815
1628567518541000,1,738.04801753,0.5815
1628567518543000,1,5463.17022655,0.5815
1628567573189000,1,2599.99999999,0.5808
1628567573189000,1,0.00000001,0.5808
1628568158517000,1,1249.05622947,0.5780
1628568158518000,1,1191.15046517,0.5780
1628568160143000,1,1163.31453271,0.5780
1628568160148000,1,1249.35396763,0.5780
1628568160321000,1,297.12480502,0.5780
1628568974116000,1,474.35948347,0.5808
1628568974131000,1,224.70831653,0.5808
1628569432941000,0,3494.22250152,0.5822
1628569432942000,0,2707.95826906,0.5822
1628571405306000,0,2747.34112454,0.5831
1628571405309000,0,3446.39954020,0.5831
1628571601801000,1,6172.59825496,0.5840
1628572499989000,0,572.00000000,0.5853
1628572499989000,0,6170.23347400,0.5854
1628572508892000,0,572.00000000,0.5858
1628572508892000,0,2728.42790030,0.5859
1628573720687000,0,3264.64677952,0.5865
1628573720690000,0,2211.31726137,0.5865
1628573720691000,0,684.61398900,0.5865
1628573720750000,0,1445.81831467,0.5866
1628574084466000,1,5336.95440410,0.5857
1628574607940000,1,143.82216063,0.5849
1628574607947000,1,0.00000001,0.5849
1628576263917000,0,42.42886626,0.5863
1628578180386000,0,3166.05242436,0.5890
1628578180389000,0,2965.67170158,0.5890
1628578186304000,0,69.67303009,0.5891
1628578206085000,1,2600.00000000,0.5893
1628578206085000,1,291.76985953,0.5893
1628578206176000,1,5824.17878158,0.5893
1628578683894000,0,3053.10320000,0.5887
1628578828744000,0,1351.99287144,0.5892
1628578975330000,0,2194.77799319,0.5876
1628578975331000,0,405.22200681,0.5876
1628578975331000,0,2600.00000000,0.5876
1628579108293000,1,1860.07754040,0.5864
1628579108323000,1,4287.87445886,0.5864
1628579108431000,1,1407.78977568,0.5862
1628579633803000,1,1972.12829999,0.5860
1628579633825000,1,0.00000001,0.5860
1628581410521000,1,300.00000000,0.5874
1628582166610000,0,572.00000000,0.5905
1628582361253000,1,2600.00000000,0.5912
1628582361253000,1,1502.56464298,0.5912
1628582361255000,1,4596.22918269,0.5912
1628582896732000,0,424.02000000,0.5893
1628583695506000,0,1686.68296238,0.5899
1628584153245000,0,611.72447995,0.5908
1628584169396000,0,1178.93630778,0.5908
1628584244126000,1,2599.99999999,0.5900
1628584332670000,0,123.37040238,0.5900
1628585483345000,0,1686.45426348,0.5900
1628586174294000,0,275.26317640,0.5916
1628586595100000,0,69.30275923,0.5923
1628586595503000,0,0.00000001,0.5923
1628586862437000,1,796.01421562,0.5921
1628586964177000,0,420.28150976,0.5919
1628587043534000,1,89.82245956,0.5897
1628587168327000,1,382.05694016,0.5891
1628587168355000,1,1021.91991339,0.5891
1628587168357000,1,287.65515867,0.5891
1628588204831000,0,1320.50000000,0.5904
1628589708418000,0,1685.68860160,0.5917
1628590264888000,0,92.00000000,0.5896
1628590509322000,1,6120.80109795,0.5889
1628590530504000,1,1270.40807654,0.5884
1628590530547000,1,0.00000001,0.5884
1628591530566000,1,2600.00000000,0.5857
1628591546768000,1,2548.00000000,0.5852
1628591546962000,1,52.00000000,0.5852
1628591597894000,1,2600.00000000,0.5845
1628591603705000,0,1148.06530000,0.5848
1628591603864000,0,57.68510000,0.5848
1628591604645000,0,209.80270000,0.5848
1628591610413000,1,2600.00000000,0.5838
1628591690901000,0,74.52850000,0.5842
1628591690914000,0,54.80700000,0.5842
1628591690976000,0,106.88580000,0.5842
1628591691032000,0,70.11890000,0.5842
1628591691043000,0,47.13680000,0.5842
1628591691048000,0,62.31350000,0.5842
1628591694359000,0,83.65560000,0.5845
1628591718448000,1,2600.00000000,0.5845
1628591786071000,1,2600.00000000,0.5838
1628591904925000,1,326.02750415,0.5836
1628591992486000,0,84.57880000,0.5844
1628592084824000,1,69.00000000,0.5833
1628592084997000,1,0.30275924,0.5833
1628592496973000,0,6171.21949787,0.5850
1628592496973000,0,5054.57859963,0.5852
1628592497050000,0,920.25510000,0.5852
1628592497065000,0,49.13540000,0.5852
1628592497067000,0,91.53470000,0.5852
1628592497080000,0,53.94820000,0.5852
1628592504071000,0,105.33380000,0.5855
1628592504084000,0,0.00004900,0.5855
1628592518128000,1,1741.30770825,0.5844
1628592542663000,0,3082.37140000,0.5855
1628592542663000,0,288.70441164,0.5856
1628592630241000,1,120.00000000,0.5840
1628592758535000,1,2600.00000000,0.5831
1628592758535000,1,6182.26111638,0.5830
1628592758536000,1,0.00000001,0.5830
1628593299097000,0,6184.78433441,0.5836
1628593299097000,0,2600.00000000,0.5837
1628593299097000,0,2448.56351467,0.5837
1628593344081000,0,1773.76770803,0.5840
1628593344083000,0,4406.52175056,0.5840
1628594037403000,0,426.97000000,0.5854
1628594834819000,1,6119.46777948,0.5885
1628595038317000,0,33.76170602,0.5894
1628595073538000,1,488.33047645,0.5882
1628595073571000,1,0.00000001,0.5882
1628595078429000,1,488.33047646,0.5881
1628595078429000,1,1220.84053528,0.5881
1628595127415000,1,320.02905625,0.5882
1628595127416000,1,138.10483300,0.5882
1628595167467000,1,452.98241449,0.5882
1628595167467000,1,1132.46365433,0.5881
1628595167469000,1,0.00000001,0.5881
1628595173401000,1,441.99941827,0.5879
1628595175112000,1,0.00000001,0.5879
1628595175112000,1,1047.40741907,0.5879
1628595175112000,1,434.63196214,0.5879
1628595175116000,1,92.35639880,0.5879
1628595225581000,1,392.54958056,0.5879
1628595225581000,1,1662.12717337,0.5879
1628595227886000,1,336.56876847,0.5879
1628595229643000,1,55.98081208,0.5879
1628595245299000,1,278.42072051,0.5879
1628595245583000,1,59.11517721,0.5879
1628595249114000,1,360.63115191,0.5875
1628595249114000,1,901.57787977,0.5875
1628595490443000,0,6141.77463822,0.5876
1628595574550000,0,2599.99999999,0.5878
1628595574552000,0,0.00000001,0.5878
1628595574552000,0,3306.36336703,0.5879
1628595701876000,0,2708.54741569,0.5876
1628595776911000,0,6145.30954373,0.5873
1628595776911000,0,1003.22091108,0.5875
1628595817234000,1,119.98174604,0.5866
1628596564039000,0,804.40604156,0.5878
1628596564041000,0,1102.53877399,0.5878
1628596564082000,0,3536.72146671,0.5878
1628596593265000,0,253.65397688,0.5884
1628596624988000,0,6943.15830000,0.5879
1628596625241000,0,217.18380000,0.5879
1628596625506000,0,47.06510000,0.5879
1628596625546000,0,56.24630000,0.5879
1628596625559000,0,101.05220000,0.5879
1628596625635000,0,60.88020000,0.5879
1628596625811000,0,1244.48800000,0.5879
1628597089999000,1,4444.78981799,0.5861
1628597565993000,1,6115.37361194,0.5893
1628597565993000,1,2600.00000000,0.5893
1628597593107000,0,2599.99999999,0.5900
1628597833354000,0,69.30275923,0.5923
1628597833354000,0,0.00000001,0.5923
1628597890977000,0,68.00000000,0.5955
1628597918608000,0,0.93405211,0.5955
1628597932981000,1,6047.43171936,0.5958
1628597932982000,1,0.00000001,0.5958
1628598003144000,0,68.56692140,0.5987
1628598004200000,0,142.99999999,0.5990
1628598004217000,0,0.00000001,0.5990
1628598035806000,0,3372.97251320,0.6000
1628598035890000,0,69.60090000,0.6000
1628598035947000,0,70.42600000,0.6000
1628598035947000,0,1163.30380030,0.6000
1628598054844000,0,52.85460000,0.6018
1628598055635000,0,15.34792985,0.6018
1628598069504000,0,808.26130000,0.6050
1628598069612000,0,144.91850000,0.6050
1628598069837000,0,330.32920000,0.6050
1628598070027000,0,3312.00000000,0.6050
1628598070114000,0,49.93204866,0.6050
1628598070114000,0,108.68435134,0.6050
1628598070496000,0,1085.33697209,0.6050
1628598070496000,0,0.00000001,0.6050
1628598070788000,0,52.27830000,0.6051
1628598071922000,0,15.56141391,0.6051
1628598094578000,0,731.11350000,0.6054
1628598094584000,0,93.10520000,0.6054
1628598126905000,1,3718.30799078,0.6031
1628598126905000,1,1431.69200922,0.6026
1628598128225000,0,191.07430000,0.6035
1628598128230000,0,46.39780000,0.6035
1628598128569000,0,15834.33584436,0.6035
1628598239366000,0,79.00000000,0.6083
1628598239942000,0,0.50769106,0.6083
1628598259101000,1,597.01066172,0.6062
1628598261845000,0,207.41580000,0.6081
1628598285021000,0,66.40769695,0.6082
1628598317816000,0,163.46069610,0.6100
1628598317885000,0,344.10130390,0.6100
1628598334847000,1,2600.00000000,0.6103
1628598334847000,1,2944.53810000,0.6102
1628598334847000,1,2600.00000000,0.6102
1628598334847000,1,5906.96459972,0.6102
1628598334943000,0,5906.96459972,0.6100
1628598335012000,0,42.51270056,0.6100
1628598337730000,0,66.05396238,0.6107
1628598544940000,1,3136.17405985,0.6086
1628598562009000,1,2600.00000000,0.6065
1628598562009000,1,5937.43546797,0.6065
1628598562009000,1,5716.14752022,0.6060
1628598595183000,0,574.87075839,0.6094
1628598613538000,1,5911.69747137,0.6095
1628598613538000,1,2854.61110717,0.6091
1628598623709000,0,79.50769105,0.6116
1628598627755000,0,0.00000001,0.6116
1628598798749000,0,2600.00000000,0.6092
1628598798749000,0,958.69677000,0.6092
1628598798749000,0,2600.00000000,0.6092
1628598798749000,0,5923.64865920,0.6093
1628598798749000,0,5921.33122874,0.6096
1628598798749000,0,5420.62889082,0.6101
1628598798749000,0,572.00000000,0.6106
1628598798749000,0,8633.82715760,0.6108
1628598951751000,0,2938.93290000,0.6119
1628598951751000,0,5898.59524940,0.6119
1628599027217000,0,79.50769105,0.6148
1628599027218000,0,0.00000001,0.6148
1628599027647000,1,949.52183000,0.6142
1628599027647000,1,736.93243348,0.6142
1628599082323000,1,65.70180000,0.6153
1628599082365000,1,0.00004063,0.6153
1628599084102000,0,2600.00000000,0.6156
1628599084102000,0,2689.86050000,0.6156
1628599084102000,0,5864.39812892,0.6156
1628599084102000,0,2827.30959885,0.6156
1628599126748000,0,65.35134017,0.6135
1628599150787000,0,5877.91542510,0.6145
1628599150787000,0,5590.69244116,0.6145
1628599158030000,0,5832.67821903,0.6160
1628599177705000,0,5752.06568293,0.6155
1628599191580000,0,185.36910699,0.6159
1628599191580000,0,0.00000001,0.6159
1628599194218000,0,97.87289800,0.6169
1628599199554000,0,725.38952160,0.6173
1628599201904000,0,5133.07698571,0.6173
1628599205756000,0,65.07954301,0.6181
1628599355921000,1,5844.12793093,0.6167
1628599355921000,1,2600.00000000,0.6165
1628599355921000,1,5537.44029684,0.6164
1628599406361000,1,422.91089916,0.6158
1628599482806000,0,3504.00000000,0.6150
1628599483356000,0,1876.19160308,0.6150
1628599483356000,0,1429.02670682,0.6150
1628599483766000,0,0.00000001,0.6150
1628599924945000,1,570.67087400,0.6123
1628600167319000,0,1133.28573055,0.6146
1628600397585000,0,200.00000000,0.6126
1628600562878000,0,81.09738206,0.6124
1628601007729000,0,1180.80015966,0.6105
1628601007730000,0,447.10149220,0.6105
1628601008061000,0,400.98875028,0.6105
1628601008065000,0,1182.24276001,0.6105
1628601012857000,0,474.38038731,0.6105
1628601015618000,0,1635.36006668,0.6105
1628601015621000,0,305.13957492,0.6105
1628601015693000,0,73.20160894,0.6105
1628601322726000,0,571.99999999,0.6133
1628601322778000,0,0.00000001,0.6133
1628601536422000,0,1539.98506076,0.6138
1628601816940000,1,67.82480700,0.6118
1628601948926000,1,308.66775434,0.6115
1628602001450000,1,2599.99999999,0.6107
1628602001450000,1,0.00000001,0.6107
1628602001450000,1,2932.61520000,0.6107
1628602073798000,0,98.93404384,0.6118
1628602242957000,1,129.30543004,0.6118
1628602443306000,0,1631.25000000,0.6127
1628602633667000,0,149.53122797,0.6141
1628602648600000,0,126.70550766,0.6134
1628602672017000,0,144.38567300,0.6136
1628602734129000,0,231.23597652,0.6141
1628602754105000,0,81.63451792,0.6149
1628602764576000,0,94.08233400,0.6144
1628602778187000,0,642.47701400,0.6144
1628602780589000,0,286.96720200,0.6144
1628602804763000,0,1969.13077342,0.6133
1628602930506000,1,66.76300000,0.6055
1628602931589000,1,0.00003532,0.6055
1628602931656000,1,2953.92710000,0.6047
1628602963346000,1,209.55950099,0.6047
1628602963347000,1,0.00000001,0.6047
1628602980587000,1,5972.24157988,0.6037
1628602980587000,1,2600.00000000,0.6034
1628602980587000,1,5047.67076941,0.6033
1628603075502000,1,5962.45510000,0.6049
1628603075605000,1,0.00005958,0.6049
1628603162450000,1,67.11996798,0.6023
1628603162474000,1,0.00000001,0.6023
1628603320413000,1,2972.43330000,0.6014
1628603320413000,1,1350.61987880,0.6014
1628603320414000,1,3886.22858730,0.6014
1628603355094000,0,1227.47888999,0.6018
1628603361257000,0,0.00000001,0.6018
1628603770412000,0,472.36677108,0.6050
1628604106281000,1,146.05587530,0.6023
1628604221534000,0,5975.46540897,0.6044
1628604221534000,0,572.00000000,0.6046
1628604227707000,0,2600.00000000,0.6053
1628604227707000,0,5969.20694960,0.6054
1628604628812000,1,5984.64917127,0.6023
1628605038831000,0,1490.83000000,0.6035
1628605095603000,0,481.93181759,0.6038
1628605194657000,0,289.04440786,0.6045
1628605261643000,0,283.00000000,0.6043
1628605431743000,0,81.36397186,0.6042
1628605468595000,1,334.75135894,0.6036
1628605474596000,1,2600.00000000,0.6039
1628605474596000,1,5964.87518553,0.6039
1628605474596000,1,2297.44136204,0.6038
1628606338871000,0,2600.00000000,0.6016
1628606338871000,0,4306.08690322,0.6016
1628606338872000,0,1692.76583465,0.6016
1628606502177000,1,929.23030000,0.5995
1628606551477000,1,2600.00000000,0.5991
1628606551477000,1,67.47848489,0.5991
1628606551477000,1,0.00000001,0.5991
1628606912220000,1,67.83971390,0.5959
1628606912298000,1,0.00000001,0.5959
1628607031046000,1,1999.99999999,0.5952
1628607051596000,1,0.00000001,0.5952
1628607411133000,0,155.32000000,0.5984
1628608040398000,1,408.27750000,0.5980
1628608040454000,1,0.00009197,0.5980
1628608552017000,0,2600.00000000,0.5994
1628608552017000,0,6026.62038565,0.5994
1628608552017000,0,244.09436320,0.5995
1628608706706000,0,332.53124791,0.5984
1628608840541000,0,415.49393686,0.5987
1628609443436000,0,1970.54396497,0.5945
1628609443460000,0,4425.94139381,0.5946
1628609524768000,1,68.20252984,0.5927
1628609530553000,1,0.00000001,0.5927
1628609614298000,1,2022.01279868,0.5915
1628609614301000,1,4073.42502778,0.5915
1628609691137000,0,2512.73137594,0.5940
1628609727071000,1,228.50000000,0.5943
1628609810173000,0,1673.29501387,0.5947
1628610101518000,0,1665.41387852,0.5975
1628610553953000,0,2600.00000000,0.5976
1628610553953000,0,900.00000000,0.5977
1628610649979000,0,364.09039756,0.5971
1628611542491000,1,1539.00000000,0.5955
1628611611061000,0,1714.12656278,0.5977
1628611916586000,0,2599.99999999,0.5959
1628612469209000,1,943.00000000,0.5934
1628612675846000,0,69.40282002,0.5950
1628612841405000,1,1509.92872439,0.5900
1628612841405000,1,1871.78314001,0.5900
1628612880761000,1,1117.99437020,0.5897
1628612880765000,1,2204.99275009,0.5897
1628612881053000,1,68.56692139,0.5896
1628612881056000,1,0.00000001,0.5896
1628612906681000,1,879.15257112,0.5885
1628613009515000,1,2600.00000000,0.5883
1628613009515000,1,6135.88886089,0.5883
1628613009515000,1,1264.11113911,0.5881
1628613076237000,1,68.93405210,0.5864
1628613076237000,1,0.00000001,0.5864
1628613576953000,1,271.13453728,0.5886
1628613577005000,1,0.00000001,0.5886
1628613589292000,1,361.00000000,0.5884
1628613589420000,1,0.67247386,0.5884
1628613591089000,1,482.25455534,0.5883
1628613640890000,0,2600.00000000,0.5890
1628613640890000,0,2397.24339603,0.5890
1628613747973000,1,500.00000000,0.5880
1628613819668000,1,545.00000000,0.5880
1628614126138000,1,2600.00000000,0.5893
1628614126138000,1,400.00000000,0.5892
1628614382995000,1,2600.00000000,0.5866
1628614382995000,1,4080.34807955,0.5866
1628614541843000,1,96.50082700,0.5879
1628614910929000,1,176.93662500,0.5900
1628615232588000,0,677.60000000,0.5903
1628615490375000,0,42.11709530,0.5906
1628616011258000,0,1681.49536121,0.5917
1628616612685000,0,1440.54977173,0.5936
1628616704774000,0,2600.00000000,0.5915
1628616704774000,0,3993.93014015,0.5915
1628616792650000,0,6113.82385019,0.5912
1628616946310000,0,419.23013743,0.5916
1628616948808000,0,85.66388609,0.5916
1628616949332000,0,85.66388609,0.5916
1628616971121000,0,6110.48390027,0.5916
1628616971121000,0,1984.18609973,0.5918
1628618094055000,1,369.99999999,0.5925
1628618094419000,1,0.00000001,0.5925
1628619222336000,0,167.19735515,0.5951
1628619235336000,0,68.93400000,0.5955
1628619238748000,0,0.00005211,0.5955
1628619525528000,0,83.55935505,0.5954
1628619534409000,0,3277.40524040,0.5956
1628619942741000,1,2600.00000000,0.5945
1628619942741000,1,447.34492340,0.5942
1628620288408000,0,1670.20542173,0.5958
1628620305684000,1,576.51442670,0.5958
1628620826330000,1,2600.00000000,0.5963
1628620826330000,1,6053.12970540,0.5962
1628620826330000,1,60.96848245,0.5961
1628621058339000,0,530.70747616,0.5979
1628621293791000,0,2600.00000000,0.5963
1628621293791000,0,570.25597773,0.5964
1628621370761000,1,431.28508600,0.5975
1628621873419000,0,2599.99996652,0.5972
1628621873419000,0,2847.73503348,0.5972
1628621873454000,0,0.00014294,0.5972
1628621875328000,0,1160.85969091,0.5975
1628621875367000,0,0.00000001,0.5975
1628622049049000,0,2501.10081898,0.5983
1628622373061000,0,68.56692139,0.5987
1628622373111000,0,0.00000001,0.5987
1628622732768000,0,178.67461231,0.5988
1628622732772000,0,797.99309769,0.5988
1628622760448000,0,78.82535023,0.5996
1628622983982000,1,269.79194982,0.5993
1628622983984000,1,6022.52017553,0.5993
1628623603369000,1,690.46120000,0.5980
1628623605504000,1,0.00007372,0.5980
1628623996526000,0,68.20252984,0.6018
1628623996532000,0,0.00000001,0.6018
1628624183767000,0,86.17832283,0.6034
1628624236057000,0,40.00000000,0.6048
1628624236057000,0,160.00000000,0.6050
1628624236104000,0,40.00000000,0.6050
1628624236104000,0,27.83970000,0.6051
1628624290970000,0,40.00001391,0.6051
1628624396320000,0,2600.00000000,0.6038
1628624396320000,0,5986.42609498,0.6039
1628624396320000,0,2975.93840000,0.6039
1628624396320000,0,1402.15682619,0.6046
1628624396320000,0,3505.17483967,0.6046
1628624396320000,0,5820.13693824,0.6046
1628624396320000,0,13410.16690092,0.6046
1628624980175000,1,2600.00000000,0.6023
1628624980175000,1,54.89487516,0.6020
1628624980175000,1,137.23946494,0.6020
1628624980175000,1,705.04565990,0.6020
1628625840017000,0,164.24702464,0.6058
1628625867237000,1,610.00000000,0.6050
1628625875540000,1,0.97337234,0.6050
1628626169857000,1,114.86730000,0.6034
1628626170624000,1,0.00002850,0.6034
1628626197996000,1,153.50490000,0.6020
1628626198086000,1,0.00008338,0.6020
1628626463936000,1,64.74830000,0.6021
1628626464122000,1,0.00008066,0.6021
1628627233324000,0,82.14791209,0.6056
1628627556387000,1,509.39010836,0.6046
1628627605635000,1,2600.00000000,0.6049
1628627605635000,1,2397.24339603,0.6049
1628627784271000,0,77.41379221,0.6079
1628627784274000,0,0.00000001,0.6079
1628627795422000,0,67.47848489,0.6083
1628627795487000,0,0.00000001,0.6083
1628627973056000,1,111.80780000,0.6064
1628627987643000,1,0.00002296,0.6064
1628628237965000,0,2600.00000000,0.6077
1628628241143000,1,400.00000000,0.6077
1628628383837000,0,776.26518411,0.6089
1628628421229000,0,5930.51528204,0.6095
1628628605329000,0,334.03466086,0.6100
1628628611536000,0,1337.54293167,0.6100
1628628611580000,0,9.91776868,0.6100
1628628648958000,0,199.99999999,0.6104
1628628648961000,0,0.00000001,0.6104
1628628700793000,0,199.99999999,0.6101
1628628700816000,0,0.00000001,0.6101
1628628731845000,0,199.99999999,0.6110
1628628750970000,0,0.00000001,0.6110
1628628764683000,0,1579.97626687,0.6114
1628628892772000,0,199.99999999,0.6106
1628628892802000,0,0.00000001,0.6106
1628628910875000,0,106.20000000,0.6110
1628629016953000,0,382.04250000,0.6089
1628629017047000,0,0.00008127,0.6089
1628629172088000,0,199.99999999,0.6090
1628629172091000,0,0.00000001,0.6090
1628629181643000,0,1757.81359999,0.6092
1628629181646000,0,0.00000001,0.6092
1628629245701000,0,199.99999999,0.6100
1628629245703000,0,0.00000001,0.6100
1628629257053000,0,199.99999999,0.6105
1628629262021000,0,0.00000001,0.6105
1628629272107000,0,199.99999999,0.6110
1628629272126000,0,0.00000001,0.6110
1628629286256000,0,48.81481905,0.6115
1628629351154000,0,67.11996798,0.6116
1628629351310000,0,0.00000001,0.6116
1628629491737000,1,5580.03407395,0.6116
1628629491737000,1,320.00156176,0.6116
1628629565872000,0,2599.99999999,0.6119
1628629565880000,0,0.00000001,0.6119
1628629583874000,1,155.63896679,0.6114
1628629608405000,0,199.99999999,0.6120
1628629670352000,0,96.48000000,0.6123
1628629903240000,0,2041.31544063,0.6123
1628629923802000,0,2499.99999999,0.6120
1628629925452000,0,0.00000001,0.6120
1628629948289000,0,1458.68455937,0.6123
1628629963215000,0,199.99999999,0.6125
1628629963281000,0,0.00000001,0.6125
1628629984145000,0,199.99999999,0.6130
1628629990572000,0,0.00000001,0.6130
1628630048674000,0,199.99999999,0.6140
1628630098188000,0,13934.09591830,0.6140
1628630163840000,0,1634.13000000,0.6122
1628630221568000,1,2343.78754440,0.6091
1628630221724000,1,69.40282002,0.6085
1628630352946000,0,1636.75871291,0.6094
1628630529652000,1,589.12957889,0.6096
1628630529652000,1,431.96078654,0.6096
1628630537522000,0,81.31000000,0.6103
1628630585561000,1,2905.59530000,0.6102
1628630585561000,1,2600.00000000,0.6102
1628630585561000,1,1088.33484015,0.6102
1628630680645000,0,199.99999999,0.6132
1628630680664000,0,0.00000001,0.6132
1628630712718000,0,66.44367215,0.6148
1628630712718000,0,0.31936317,0.6148
1628630720939000,0,1412.47363829,0.6150
1628630746988000,0,592.61553747,0.6150
1628630747040000,0,1055.00406304,0.6150
1628630747046000,0,68.45423500,0.6150
1628630747117000,0,902.63000000,0.6150
1628630748435000,0,0.00000346,0.6150
1628630843379000,0,199.99999999,0.6170
1628630843389000,0,0.00000001,0.6170
1628630950261000,0,946.74550000,0.6147
1628630950261000,0,2882.48650000,0.6147
1628630950261000,0,1176.96154838,0.6147
1628630963474000,0,42.87096774,0.6141
1628631050815000,0,200.00000000,0.6159
1628631061595000,1,5869.00014040,0.6147
1628631061595000,1,326.19211953,0.6146
1628631069499000,1,89.98630954,0.6141
1628631340584000,1,2653.35984126,0.6180
1628631346084000,1,0.00000001,0.6180
1628631375749000,0,1.32815394,0.6181
1628631390168000,0,117.44319930,0.6190
1628631390215000,0,1882.55680070,0.6190
1628631403546000,0,65.00351426,0.6199
1628631427818000,0,934.99648573,0.6199
1628631427963000,0,0.00000001,0.6199
1628631431281000,0,3177.64000000,0.6206
1628631972467000,1,1000.00000000,0.6164
1628632184739000,1,77.41379222,0.6188
1628632465213000,0,2854.10980000,0.6209
1628632465213000,0,2461.83020000,0.6209
1628632491644000,0,499.99999999,0.6206
1628632491653000,0,0.00000001,0.6206
1628632495310000,1,5816.82235399,0.6203
1628632495310000,1,4818.26412919,0.6200
1628632495310000,1,998.55822480,0.6200
1628632495310000,1,942.43184000,0.6198
1628632495310000,1,2892.84650000,0.6198
1628632495325000,0,99.99999999,0.6210
1628632495325000,0,817.59659229,0.6210
1628632869111000,0,99.99999999,0.6180
1628632869145000,0,0.00000001,0.6180
1628632877653000,0,199.99999999,0.6190
1628632877795000,0,0.00000001,0.6190
1628633021176000,1,85.95933248,0.6174
1628633212079000,0,2999.99999999,0.6190
1628633215833000,0,0.00000001,0.6190
1628633217228000,0,2038.12226476,0.6191
1628633217230000,0,0.00000001,0.6191
1628633281300000,0,2204.60631492,0.6201
1628633281300000,0,1798.64723549,0.6201
1628633281526000,0,1201.35276450,0.6201
1628633281568000,0,0.00000001,0.6201
1628633373151000,0,3428.62805982,0.6210
1628633373283000,0,879.80299292,0.6210
1628633373284000,0,334.31894726,0.6210
1628633377924000,0,66.05396238,0.6214
1628633413779000,0,1000.00000000,0.6220
1628633418224000,0,97.98909601,0.6222
1628633418248000,0,281.71862589,0.6222
1628633418254000,0,1158.79774596,0.6222
1628633418525000,0,18461.49453214,0.6222
1628633436602000,1,56.94663078,0.6220
1628633459645000,0,64.65730294,0.6230
1628633482252000,1,54.41059165,0.6219
1628633482257000,1,0.00000001,0.6219
1628633488806000,1,53.22329881,0.6214
1628633488806000,1,133.05824702,0.6213
1628633488808000,1,0.00000001,0.6213
1628633639705000,1,42.13535675,0.6218
1628633639705000,1,105.38241098,0.6216
1628633780931000,1,79.48982209,0.6222
1628633780931000,1,206.64898165,0.6222
1628633780931000,1,213.86119674,0.6222
1628633937878000,1,43.95695735,0.6209
1628633937878000,1,110.73430776,0.6207
1628634020344000,0,50.00000000,0.6205
1628634020344000,0,296.80542428,0.6208
1628634117924000,1,55.23587107,0.6176
1628634117924000,1,1343.50546240,0.6175
1628634117927000,1,2511.24291379,0.6175
1628634117930000,1,1983.97530105,0.6175
1628634155184000,1,2004.30909090,0.6170
1628634279298000,1,612.14240000,0.6177
1628634536232000,0,55.53321396,0.6199
1628635448981000,0,1093.94000000,0.6197
1628635552387000,0,483.23000000,0.6193
1628636447914000,0,5880.12533952,0.6150
1628636447981000,1,5880.12533952,0.6150
1628636448011000,1,31919.74932096,0.6150
1628637924041000,1,66.05390000,0.6120
1628637925785000,1,0.00006238,0.6120
1628638277318000,1,500.00000000,0.6123
1628638370733000,1,500.00000000,0.6133
1628638418051000,1,86.65000000,0.6133
1628638420393000,1,250.00000000,0.6135
1628638792181000,1,580.00000000,0.6153
