timestamp ms,type,amount,price
1626393673219000,0,506.00000000,0.4331
1626393673281000,0,0.35548800,0.4331
1626393679438000,0,472.00000000,0.4335
1626393683907000,0,0.33947300,0.4335
1626393695488000,0,210.65772499,0.4341
1626393695489000,0,0.00000001,0.4341
1626393699509000,0,96.04648100,0.4354
1626393793034000,1,6159.00000000,0.4322
1626393793041000,1,374.00000000,0.4322
1626393858030000,1,8178.00000000,0.4318
1626393963027000,0,95.00000000,0.4306
1626393963569000,0,5204.00000000,0.4306
1626394023586000,1,477.58094804,0.4299
1626394058786000,0,8715.00000000,0.4305
1626394081170000,1,252.00000000,0.4302
1626394160069000,1,0.10483600,0.4302
1626394160069000,1,4160.89516400,0.4301
1626394160151000,1,3997.61175474,0.4301
1626394213242000,0,6612.00000000,0.4316
1626394339002000,0,357.00000000,0.4330
1626394339058000,0,0.41781300,0.4330
1626394341672000,0,508.00000000,0.4336
1626394342356000,0,140.97128200,0.4335
1626394342356000,0,0.02871800,0.4336
1626394343702000,0,105.72846100,0.4335
1626394343702000,0,0.27153900,0.4336
1626394358067000,0,0.06805400,0.4336
1626394364505000,0,130.00000000,0.4342
1626394365523000,0,140.00000000,0.4342
1626394365691000,0,0.52276500,0.4342
1626394365691000,0,0.02600200,0.4342
1626394385696000,0,105.00000000,0.4348
1626394415971000,1,1054.00000000,0.4341
1626394415982000,1,4921.00000000,0.4341
1626394416007000,1,540.00000000,0.4341
1626394434516000,0,69.25009280,0.4346
1626394434689000,0,0.39207300,0.4348
1626394494631000,0,57.81166020,0.4347
1626394496975000,0,8874.00000000,0.4349
1626394530417000,1,8700.00000000,0.4344
1626394577922000,0,8833.00000000,0.4349
1626394621927000,1,8592.00000000,0.4351
1626394656066000,1,58.86695100,0.4347
1626394856728000,1,448.56173662,0.4326
1626394856784000,1,1121.58050169,0.4325
1626394875543000,0,1975.00000000,0.4327
1626394875547000,0,0.38992785,0.4327
1626394886507000,0,8769.04489616,0.4328
1626395071832000,1,8158.00000000,0.4331
1626395084363000,1,8450.00000000,0.4326
1626395308699000,0,1454.00000000,0.4320
1626395311750000,0,5600.00000000,0.4320
1626395311836000,0,1227.22244039,0.4320
1626395382774000,0,70.36400000,0.4324
1626395511425000,1,8538.00000000,0.4316
1626395582529000,0,4386.00000000,0.4319
1626395582540000,0,527.00000000,0.4319
1626395582631000,0,3657.55096453,0.4319
1626395648283000,1,8194.00000000,0.4312
1626395652809000,1,287.00000000,0.4309
1626395735322000,0,5014.00000000,0.4313
1626395735383000,0,3129.74781171,0.4313
1626395791484000,1,0.53982700,0.4309
1626396014315000,0,382.96683800,0.4306
1626396129129000,1,220.00000000,0.4298
1626396129142000,1,880.00000000,0.4298
1626396177696000,0,51.00000000,0.4303
1626396239402000,0,575.34000000,0.4303
1626396516528000,1,1061.98680000,0.4298
1626396598905000,0,192.00000000,0.4298
1626396598970000,0,5588.00000000,0.4298
1626396598970000,0,3097.00000000,0.4298
1626396985637000,0,657.00000000,0.4339
1626396985658000,0,0.50890100,0.4339
1626396985802000,0,657.50890100,0.4340
1626397051516000,1,8659.00000000,0.4341
1626397051537000,1,0.29396530,0.4341
1626397084413000,0,8892.00000000,0.4341
1626397084473000,0,0.68113168,0.4341
1626397118013000,1,5057.00000000,0.4335
1626397118020000,1,3197.52188704,0.4335
1626397198710000,0,6260.00000000,0.4337
1626397226553000,1,7079.00000000,0.4339
1626397238192000,0,7545.00000000,0.4345
1626397393311000,0,487.00000000,0.4356
1626397393314000,0,0.40849700,0.4356
1626397460498000,0,495.25185999,0.4361
1626397460500000,0,0.00000001,0.4361
1626397462956000,0,278.57917100,0.4366
1626397465371000,0,68.25189714,0.4374
1626397505352000,1,74.24243700,0.4369
1626397524556000,0,54.56819144,0.4376
1626397524563000,0,1.11363656,0.4376
1626397530215000,0,65.57441499,0.4383
1626397530257000,0,0.00000001,0.4383
1626397546652000,0,46.55000003,0.4411
1626397546854000,0,0.95000000,0.4411
1626397575046000,0,1936.46034933,0.4416
1626397575046000,0,1937.80448507,0.4416
1626397575666000,0,1486.41353475,0.4424
1626397586476000,0,149.99999999,0.4441
1626397586507000,0,0.00000001,0.4441
1626397590410000,0,4400.00000000,0.4451
1626397590410000,0,1346.13446000,0.4451
1626397590410000,0,1239.58553392,0.4453
1626397644580000,1,4400.00000000,0.4457
1626397859112000,0,5855.00000000,0.4432
1626397950789000,1,553.66705393,0.4439
1626398136588000,1,548.30272457,0.4429
1626398136588000,1,1371.27632095,0.4429
1626398136588000,1,7958.42095448,0.4429
1626398136628000,1,0.70913623,0.4429
1626398295019000,1,166.18228690,0.4427
1626398361421000,0,8264.00000000,0.4430
1626398651245000,1,6780.00000000,0.4434
1626398651299000,1,1787.64319745,0.4434
1626398954941000,1,2717.00000000,0.4430
1626398954961000,1,144.06000000,0.4430
1626399008773000,1,4081.07970000,0.4416
1626399008773000,1,8178.16768903,0.4416
1626399008927000,1,510.75626330,0.4414
1626399009031000,1,1277.13923013,0.4413
1626399019291000,1,1180.00000000,0.4405
1626399196461000,1,1326.05126000,0.4407
1626399225452000,1,7747.95450748,0.4405
1626399624944000,1,420.00000000,0.4401
1626399624988000,1,420.00000000,0.4401
1626399625007000,1,490.00000000,0.4401
1626399625920000,1,57.03600000,0.4401
1626399626029000,1,420.00000000,0.4401
1626399626055000,1,420.00000000,0.4401
1626399626094000,1,490.00000000,0.4401
1626399626393000,1,1472.00000000,0.4401
1626399909557000,0,8714.00000000,0.4398
1626399930763000,1,8146.00000000,0.4394
1626400084087000,0,8833.00000000,0.4395
1626400084226000,0,0.12609913,0.4395
1626400231280000,1,8151.00000000,0.4388
1626400231300000,1,217.17327635,0.4388
1626400587110000,1,8572.11869343,0.4401
1626400617375000,0,8660.00000000,0.4402
1626400617383000,0,0.58866962,0.4402
1626400766255000,0,4400.00000000,0.4405
1626400802402000,0,121.07540700,0.4409
1626400802402000,0,8257.92459300,0.4409
1626401141598000,0,90.00000000,0.4421
1626401143811000,0,50.84753716,0.4420
1626401178654000,0,0.23114984,0.4420
1626401178858000,0,0.80655500,0.4421
1626401358561000,0,631.00000000,0.4429
1626401358588000,0,0.49252700,0.4429
1626401387645000,0,507.61667702,0.4435
1626401387649000,0,58.95212298,0.4435
1626401387649000,0,152.92927101,0.4435
1626401387660000,0,58.95212299,0.4435
1626401419536000,0,70.47958899,0.4436
1626401439048000,0,0.00000001,0.4436
1626401510061000,1,8090.00000000,0.4434
1626401510129000,1,0.30232331,0.4434
1626401719935000,1,7142.00000000,0.4434
1626402323449000,1,4400.00000000,0.4416
1626402469549000,0,8881.00000000,0.4417
1626402469551000,0,0.67127704,0.4417
1626402821692000,1,8530.00000000,0.4415
1626402896371000,0,8587.41902216,0.4416
1626403153491000,1,339.00000000,0.4411
1626403153572000,1,0.20435226,0.4411
1626403284900000,0,2133.00000000,0.4417
1626403284901000,0,6232.11509987,0.4417
1626403715805000,1,8207.00000000,0.4422
1626403891006000,1,5858.00000000,0.4423
1626403891030000,1,2792.00549903,0.4423
1626404085975000,0,8866.02558136,0.4424
1626404800653000,1,8244.00000000,0.4425
1626404886130000,0,8474.00000000,0.4419
1626405054235000,1,8853.00000000,0.4411
1626405125896000,0,8195.00000000,0.4415
1626405383532000,1,4040.00000000,0.4409
1626405642811000,0,1044.68000000,0.4410
1626405721656000,0,727.00000000,0.4415
1626405790579000,0,5120.00000000,0.4423
1626405979043000,1,3231.00000000,0.4418
1626406167204000,0,697.00328952,0.4422
1626406167210000,0,697.00328952,0.4422
1626406167219000,0,348.49780000,0.4422
1626406314937000,1,8250.00000000,0.4418
1626406443043000,0,8515.00000000,0.4424
1626406481673000,1,5364.00000000,0.4419
1626406558366000,0,8873.00000000,0.4422
1626406809447000,1,570.00000000,0.4425
1626406809474000,1,216.87400000,0.4425
1626406812550000,1,8035.00000000,0.4425
1626407102793000,0,295.00000000,0.4418
1626407102912000,0,1787.00000000,0.4418
1626407102954000,0,101.82200000,0.4418
1626407102970000,0,1970.00000000,0.4418
1626407242576000,1,4400.00000000,0.4419
1626407837438000,1,8800.00000000,0.4413
1626408547210000,0,5210.00000000,0.4425
1626408670468000,1,8004.00000000,0.4426
1626409201423000,0,8603.00000000,0.4427
1626409249467000,1,8322.00000000,0.4425
1626409249481000,1,0.62387381,0.4425
1626409643522000,1,6516.00000000,0.4409
1626409698363000,0,8581.30352059,0.4411
1626409698370000,0,175.12864328,0.4411
1626409805720000,1,138.18000000,0.4405
1626409805834000,1,903.00000000,0.4405
1626409805875000,1,6982.00000000,0.4405
1626409813707000,1,444.15985467,0.4404
1626409829588000,1,9.06448683,0.4404
1626409926497000,0,7468.00000000,0.4405
1626410132846000,0,2005.00000000,0.4409
1626410132851000,0,2239.00000000,0.4409
1626410336265000,1,8138.00000000,0.4409
1626410336265000,1,0.07862837,0.4409
1626410764599000,0,8122.00000000,0.4423
1626410802580000,1,7877.30386102,0.4420
1626410802604000,1,160.76130329,0.4420
1626410968877000,0,109.53000000,0.4421
1626411043029000,0,2077.00000000,0.4420
1626411319270000,0,405.00000000,0.4421
1626411319400000,0,7797.26347213,0.4421
1626411363293000,1,2035.00000000,0.4416
1626411363337000,1,6206.95547609,0.4416
1626411658253000,1,5234.86137458,0.4414
1626411665048000,1,4400.00000000,0.4414
1626411665547000,0,834.00000000,0.4414
1626411665606000,0,0.86137458,0.4414
1626411885703000,1,4400.00000000,0.4408
1626411885703000,1,8620.00000000,0.4407
1626411984787000,1,446.00000000,0.4403
1626411984886000,1,0.88730000,0.4403
1626412036090000,0,150.20005700,0.4405
1626412141471000,0,1011.00000000,0.4397
1626412141589000,0,7522.14425171,0.4397
1626412564974000,1,8686.00000000,0.4396
1626412587130000,1,60.00000000,0.4390
1626412821138000,0,1398.65600000,0.4381
1626412826647000,0,392.00000000,0.4381
1626412828769000,0,6916.84000000,0.4381
1626412883280000,0,8119.00000000,0.4389
1626413113532000,0,389.42859736,0.4390
1626413229236000,0,59.33758642,0.4397
1626413247845000,1,119.33758642,0.4388
1626413358313000,1,8559.84618954,0.4384
1626413421770000,0,8813.00000000,0.4389
1626413421784000,0,0.70639752,0.4389
1626413680546000,1,7892.96227385,0.4396
1626413680563000,1,161.08086273,0.4396
1626413740515000,0,214.89351641,0.4399
1626413779396000,0,1607.00000000,0.4399
1626413925854000,1,8539.00000000,0.4394
1626414049376000,0,386.00000000,0.4396
1626414337623000,0,6338.00000000,0.4394
1626414337649000,0,322.59640000,0.4394
1626414996947000,0,494.84071845,0.4389
1626415092651000,0,1076.35175696,0.4391
1626415292668000,0,3325.00000000,0.4387
1626415292700000,0,2423.00000000,0.4387
1626415292798000,0,807.94140000,0.4387
1626415367370000,1,4984.00000000,0.4384
1626415367376000,1,3897.13143338,0.4384
1626415496155000,0,8671.00000000,0.4384
1626415496169000,0,0.32713678,0.4384
1626415569976000,1,8552.00000000,0.4383
1626415570033000,1,0.89259400,0.4383
1626415639921000,0,8798.00000000,0.4388
1626415640306000,0,4092.00000000,0.4389
1626415640324000,0,308.00000000,0.4389
1626415656152000,0,2437.00000000,0.4399
1626415713406000,1,198.00000000,0.4393
1626415713428000,1,8132.32194378,0.4393
1626415841550000,0,7798.00000000,0.4391
1626415879455000,1,569.80502769,0.4389
1626415911549000,1,8628.00000000,0.4388
1626415911645000,1,0.67180139,0.4388
1626416333748000,0,3947.00000000,0.4382
1626416333780000,0,3947.00000000,0.4382
1626416367696000,1,8617.00000000,0.4377
1626416367780000,1,0.72308847,0.4377
1626416399584000,0,8824.00000000,0.4379
1626416899536000,1,8171.00000000,0.4385
1626417550058000,0,111.14000000,0.4357
1626417739995000,0,3033.99829439,0.4361
1626417755973000,0,950.11000000,0.4361
1626417758198000,0,384.35600000,0.4361
1626417758414000,0,583.10000000,0.4361
1626417762662000,0,7413.35031349,0.4361
1626417887726000,1,8550.37876414,0.4353
1626417926791000,0,2430.30200000,0.4356
1626417928055000,0,1469.75500000,0.4356
1626417988084000,0,208.25000000,0.4360
1626417988922000,0,269.59800000,0.4360
1626417989499000,0,181.88800000,0.4360
1626417989998000,0,504.89087558,0.4360
1626417990246000,0,387.19800000,0.4360
1626418322408000,0,741.01720000,0.4351
1626418322417000,0,3658.98280000,0.4351
1626418326562000,0,4312.00000000,0.4352
1626419065887000,1,8063.00000000,0.4362
1626419318744000,1,4400.00000000,0.4356
1626419386307000,0,2537.00000000,0.4360
1626419386332000,0,973.25480557,0.4360
1626419386344000,0,5065.80268627,0.4360
1626419601175000,1,3684.33000000,0.4360
1626421534203000,0,8619.00000000,0.4355
1626421605587000,1,8456.00000000,0.4355
1626421779668000,1,4312.00000000,0.4353
1626421786037000,1,768.00000000,0.4351
1626421789191000,1,99.80372458,0.4351
1626421789218000,1,99.80372458,0.4351
1626422518348000,1,3242.06847334,0.4355
1626422665420000,1,5262.00000000,0.4346
1626422665441000,1,1036.62261150,0.4346
1626422702294000,0,8634.00000000,0.4352
1626422736918000,1,8433.00000000,0.4350
1626422736928000,1,0.75031631,0.4350
1626422892518000,1,3221.00000000,0.4343
1626422892591000,1,1179.00000000,0.4343
1626422907335000,1,1603.00000000,0.4340
1626422907527000,1,2312.00000000,0.4340
1626422937414000,1,4400.00000000,0.4338
1626423034272000,1,1676.45927500,0.4329
1626423065630000,0,745.00652675,0.4336
1626423117617000,0,404.00090400,0.4332
1626423120508000,0,442.60023400,0.4332
1626423403909000,0,291.00000000,0.4331
1626423403925000,0,203.27160000,0.4331
1626423403950000,0,3966.00000000,0.4331
1626423618270000,0,111.71000000,0.4334
1626424329455000,0,1537.00000000,0.4329
1626424329457000,0,7014.45001209,0.4329
1626424392769000,1,4043.00000000,0.4327
1626424392832000,1,2400.00000000,0.4327
1626424438816000,1,4796.00000000,0.4322
1626424438888000,1,3995.65709502,0.4322
1626424632991000,0,46.06810500,0.4320
1626424845306000,1,1112.17246169,0.4293
1626424845324000,1,3033.55773831,0.4293
1626424845324000,1,7567.64181396,0.4293
1626424882904000,1,149.99999999,0.4291
1626424882904000,1,0.00000001,0.4291
1626424893527000,0,378.65843300,0.4290
1626424919039000,1,6232.00000000,0.4272
1626424922161000,0,1800.00000000,0.4280
1626424958858000,0,8742.00000000,0.4278
1626424959951000,0,322.44000000,0.4285
1626425010774000,1,8713.29422151,0.4274
1626425041329000,0,4323.00000000,0.4285
1626425041420000,0,4664.16330869,0.4285
1626425058093000,0,510.26916083,0.4290
1626425119859000,1,8918.00000000,0.4281
1626425297432000,1,149.00060000,0.4271
1626425313931000,1,8337.00000000,0.4271
1626425331852000,0,8210.22222676,0.4275
1626425331977000,0,167.55555565,0.4275
1626425433617000,0,211.00000000,0.4280
1626425459548000,0,110.06655643,0.4294
1626425665373000,0,1732.00000000,0.4287
1626425834178000,0,4183.85900000,0.4290
1626425834178000,0,1180.99736053,0.4290
1626425866640000,0,2680.98334226,0.4292
1626426003665000,1,8352.00000000,0.4284
1626426056536000,0,220.00000000,0.4288
1626426071709000,0,8152.00000000,0.4289
1626426071711000,0,0.18919347,0.4289
1626426269872000,1,5025.00000000,0.4301
1626426269884000,1,3051.00000000,0.4301
1626426269884000,1,818.15819417,0.4301
1626426705548000,0,8346.00000000,0.4279
1626426705554000,0,0.32630455,0.4279
1626426797731000,0,739.00000000,0.4286
1626426969370000,1,8230.00000000,0.4281
1626427014799000,0,8559.84084907,0.4284
1626427087081000,1,8416.00000000,0.4293
1626427192736000,0,3381.98000000,0.4289
1626427194469000,0,4862.73969898,0.4289
1626427548537000,1,8408.77197089,0.4295
1626427548556000,1,171.60759124,0.4295
1626427807756000,0,220.00000000,0.4290
1626427816408000,0,493.92000000,0.4290
1626427818217000,0,8162.55869730,0.4290
1626427818248000,0,166.58283056,0.4290
1626427819327000,0,97.00000000,0.4296
1626427863099000,0,8480.19508785,0.4298
1626427912514000,0,4400.00000000,0.4303
1626427912514000,0,727.00000000,0.4304
1626427912514000,0,4400.00000000,0.4304
1626427912514000,0,5608.05360000,0.4305
1626427912514000,0,2174.00000000,0.4311
1626427912514000,0,7797.89522379,0.4311
1626427912514000,0,2686.76219235,0.4311
1626428021589000,0,112.59000000,0.4301
1626428083811000,1,220.00000000,0.4294
1626428120002000,1,4312.00000000,0.4294
1626428210543000,1,8465.00000000,0.4294
1626428210611000,1,0.00348661,0.4294
1626428338893000,1,8623.00000000,0.4291
1626428338916000,1,0.52363837,0.4291
1626428427422000,1,4312.00000000,0.4289
1626428787702000,0,163.66000000,0.4287
1626428787704000,0,3.34000000,0.4287
1626428992685000,1,100.00000000,0.4289
1626429195305000,1,50.00000000,0.4305
1626429254890000,0,3461.83910098,0.4311
1626429265629000,1,1206.00000000,0.4306
1626429265679000,1,1003.50884378,0.4306
1626429265699000,1,1003.50884378,0.4306
1626429469999000,0,559.67836556,0.4302
1626429490252000,0,8837.00000000,0.4304
1626429497673000,0,4400.00000000,0.4307
1626429497673000,0,2513.42000000,0.4307
1626429549624000,1,333.00000000,0.4299
1626429549655000,1,740.00000000,0.4299
1626429549662000,1,7801.75347627,0.4299
1626429705343000,0,256.95000000,0.4300
1626429730418000,0,220.00000000,0.4300
1626429730582000,0,7938.00000000,0.4300
1626430040185000,1,1897.00000000,0.4301
1626430040216000,1,6614.94980287,0.4301
1626430547326000,0,3455.00000000,0.4294
1626430613305000,1,8477.00000000,0.4292
1626430673098000,0,72.87721300,0.4292
1626430673881000,0,54.71107900,0.4292
1626430677116000,0,1280.00000000,0.4292
1626430682516000,0,80.21196377,0.4292
1626430688779000,0,153.86000000,0.4292
1626430704751000,0,2548.00000000,0.4292
1626430840078000,0,78.52740000,0.4294
1626430840292000,0,175.60620000,0.4294
1626431008372000,0,8081.25863336,0.4294
1626431068415000,1,8301.00000000,0.4290
1626431068429000,1,0.78181266,0.4290
1626431097584000,1,294.16992661,0.4284
1626431366963000,0,8504.43972248,0.4290
1626431585433000,1,8537.00000000,0.4291
1626431739925000,0,298.16994739,0.4283
1626432160487000,0,8257.00000000,0.4279
1626432332870000,0,867.00000000,0.4313
1626432332905000,0,0.00134500,0.4313
1626432344744000,0,540.00000000,0.4319
1626432367301000,1,8904.00000000,0.4311
1626432367444000,1,0.39006890,0.4311
1626432390334000,0,4824.00000000,0.4317
1626432390353000,0,3379.22192571,0.4317
1626432430519000,1,8102.00000000,0.4301
1626432472038000,1,883.00000000,0.4293
1626432472578000,1,281.68025799,0.4291
1626432629100000,1,8807.00000000,0.4271
1626432639113000,0,54.83250000,0.4276
1626432643523000,0,79.93250000,0.4276
1626432699861000,0,3708.00000000,0.4276
1626432699927000,0,3702.00000000,0.4276
1626432700320000,0,166.28640000,0.4276
1626432725369000,0,8810.39970631,0.4291
1626432804814000,1,276.00000000,0.4279
1626432804972000,1,0.54332900,0.4279
1626432825866000,1,8635.00000000,0.4276
1626432865580000,0,8782.62704407,0.4279
1626432908956000,1,8428.00000000,0.4277
1626432963103000,0,1677.80900000,0.4286
1626432963474000,0,7045.22066308,0.4286
1626433074139000,1,207.00000000,0.4286
1626433074338000,1,8201.00000000,0.4286
1626433168182000,0,8230.91963200,0.4293
1626433205087000,1,8481.00000000,0.4288
1626433273490000,0,70.32079200,0.4285
1626433460417000,0,7969.78785911,0.4280
1626433908147000,1,8159.00000000,0.4287
1626434041775000,0,358.44737300,0.4281
1626434044366000,0,233.64419100,0.4281
1626434070487000,0,6625.68200000,0.4281
1626434119193000,1,220.00000000,0.4277
1626434218542000,1,8207.00000000,0.4280
1626434375640000,0,8061.77177252,0.4276
1626434375664000,0,164.52595454,0.4276
1626434568165000,1,8666.00000000,0.4275
1626434643912000,0,226.45000000,0.4275
1626434777552000,0,269.78376000,0.4279
1626434973641000,0,220.00000000,0.4275
1626434995975000,0,830.06000000,0.4275
1626434996202000,0,7754.39071930,0.4275
1626435155819000,0,58.33781666,0.4282
1626435188431000,1,4646.00000000,0.4275
1626435188461000,1,1875.42599118,0.4275
1626435198120000,1,4400.00000000,0.4273
1626435198120000,1,1370.00000000,0.4273
1626435281040000,0,339.58000000,0.4278
1626435332425000,1,4312.00000000,0.4265
1626435361791000,0,220.00000000,0.4268
1626435363351000,0,213.65193700,0.4268
1626435365221000,0,8367.00000000,0.4268
1626435489664000,0,1166.09033165,0.4266
1626435528954000,1,61.15200000,0.4260
1626435529551000,1,8179.91633252,0.4260
1626435544061000,1,49.44057093,0.4260
1626435544211000,1,1.00899124,0.4260
1626435624327000,0,88.02360000,0.4267
1626435626483000,0,287.00000000,0.4274
1626435641476000,0,8409.00000000,0.4274
1626435677754000,1,128.67400000,0.4272
1626435680114000,1,90.06200000,0.4272
1626435709025000,1,8741.13436772,0.4266
1626435709097000,1,178.39049730,0.4266
1626435877610000,0,1401.18036518,0.4261
1626435897156000,0,221.81190163,0.4262
1626436084498000,0,2500.00000000,0.4264
1626436084562000,0,5751.70083551,0.4264
1626436202450000,0,4400.00000000,0.4275
1626436202450000,0,3011.61423124,0.4275
1626436215817000,1,8759.00000000,0.4268
1626436215822000,1,0.24503543,0.4268
1626437008057000,0,4815.00000000,0.4267
1626437294137000,0,8211.00000000,0.4284
1626437323513000,1,275.00000000,0.4282
1626437367782000,1,6588.00000000,0.4282
1626437467827000,1,362.00000000,0.4282
1626437467845000,1,284.00000000,0.4282
1626437467856000,1,7713.03949311,0.4282
1626437694430000,1,560.00000000,0.4273
1626437694576000,1,482.00000000,0.4273
1626437694796000,1,118.00000000,0.4273
1626437752551000,0,196.06000000,0.4283
1626437779444000,0,2963.00000000,0.4283
1626437853070000,0,8906.00000000,0.4289
1626437908458000,0,119.00000000,0.4300
1626437908581000,0,0.14545600,0.4300
1626438009078000,0,217.00000000,0.4314
1626438009165000,0,0.46926100,0.4314
1626438010477000,0,0.77968600,0.4319
1626438011371000,0,174.62496199,0.4319
1626438011401000,0,0.00000001,0.4319
1626438072985000,1,4173.57620000,0.4307
1626438072985000,1,4400.00000000,0.4307
1626438072985000,1,593.75011594,0.4307
1626438072985000,1,8557.85694248,0.4306
1626438072985000,1,594.12202922,0.4306
1626438072985000,1,4681.10979301,0.4306
1626438121483000,1,8244.84341134,0.4302
1626438301052000,0,442.96000000,0.4297
1626438301096000,0,8516.58063773,0.4297
1626438575339000,0,273.22400000,0.4291
1626438575534000,0,4444.25391741,0.4291
1626438583094000,0,3121.25036165,0.4297
1626438583172000,0,206.09400000,0.4297
1626438682037000,1,8359.00000000,0.4287
1626438802500000,0,4400.00000000,0.4289
1626438802500000,0,8153.48640000,0.4290
1626438802500000,0,8694.55241213,0.4290
1626438802500000,0,1947.54797369,0.4290
1626438889116000,0,8028.90572895,0.4292
1626438976470000,1,8941.00000000,0.4292
1626438976508000,1,0.10655042,0.4292
1626439044324000,1,8508.00000000,0.4283
1626439129907000,0,317.39320100,0.4282
1626439155670000,1,90.00000000,0.4276
1626439155705000,1,0.08488600,0.4276
1626439206076000,0,8673.45498664,0.4280
1626439475028000,1,8810.00000000,0.4268
1626439576261000,0,98.00000000,0.4271
1626439576624000,0,912.38000000,0.4271
1626439782168000,0,320.47393100,0.4271
1626439883898000,0,379.00000000,0.4271
1626439940209000,0,1280.00000000,0.4271
1626439940231000,0,1280.00000000,0.4271
1626439940240000,0,3576.00000000,0.4271
1626440008522000,0,4936.79125760,0.4281
1626440040530000,1,1800.00000000,0.4292
1626440346462000,1,8796.24512104,0.4313
1626440346481000,1,179.51520655,0.4313
1626440424665000,0,181.30498183,0.4326
1626440425446000,0,8496.47194472,0.4326
1626440439787000,0,563.03283100,0.4330
1626440458170000,0,189.41523399,0.4341
1626440458198000,0,0.00000001,0.4341
1626440499623000,1,8508.00000000,0.4331
1626440583577000,1,55.15000000,0.4327
1626440597921000,1,500.00000000,0.4325
1626440770459000,0,6297.95293107,0.4321
1626440770477000,0,1929.80911646,0.4321
1626440791526000,1,8862.00000000,0.4316
1626440831699000,0,184.00000000,0.4320
1626440832017000,0,3487.00000000,0.4320
1626440832025000,0,4845.85632336,0.4320
1626440853582000,1,928.84000000,0.4320
1626440871416000,0,690.07896987,0.4326
1626440902718000,1,3021.00000000,0.4321
1626440902771000,1,2815.00000000,0.4321
1626440902780000,1,2672.69565184,0.4321
1626440967551000,0,2318.00000000,0.4326
1626440967594000,0,2421.00000000,0.4326
1626440967706000,0,4269.16912564,0.4326
1626441033815000,1,9033.00000000,0.4322
1626441177253000,0,5273.00000000,0.4321
1626441177406000,0,3522.66257692,0.4321
1626441307256000,1,196.00000000,0.4317
1626441314166000,1,56.55580000,0.4316
1626441394171000,1,4400.00000000,0.4312
1626441394460000,1,4560.00000000,0.4311
1626441458491000,1,4400.00000000,0.4306
1626441462566000,0,151.77530600,0.4311
1626441514806000,0,9061.00000000,0.4310
1626441514849000,0,0.50838331,0.4310
1626441607024000,1,687.00000000,0.4322
1626441611179000,1,7962.00000000,0.4322
1626441611291000,1,0.22172282,0.4322
1626441760001000,0,230.60207652,0.4315
1626441872903000,0,8087.42183642,0.4318
1626441872927000,0,165.04942523,0.4318
1626441936153000,1,1800.00000000,0.4317
1626441936198000,1,6900.00000000,0.4317
1626442003422000,0,2104.00000000,0.4320
1626442011986000,0,1677.00000000,0.4320
1626442012024000,0,1677.00000000,0.4320
1626442405138000,1,6340.40048477,0.4329
1626442405189000,1,2314.42349869,0.4329
1626442490551000,0,3257.00000000,0.4331
1626442490900000,0,1407.00000000,0.4331
1626442853111000,0,2834.00000000,0.4333
1626442853157000,0,1566.00000000,0.4333
1626442862976000,0,4312.00000000,0.4333
1626442868341000,0,93.23720000,0.4334
1626442868545000,0,73.69600000,0.4334
1626442868906000,0,803.89400000,0.4334
1626442929885000,0,4400.00000000,0.4333
1626442996909000,0,4400.00000000,0.4334
1626443142758000,1,4400.00000000,0.4323
1626443142758000,1,3645.83970279,0.4322
1626443174277000,0,1739.00000000,0.4329
1626443174334000,0,1739.00000000,0.4329
1626443174376000,0,323.47840000,0.4329
1626443174759000,0,128.00000000,0.4329
1626443187021000,0,470.00000000,0.4329
1626443224591000,0,4400.00000000,0.4329
1626443239262000,0,8666.00000000,0.4331
1626443256993000,0,313.00000000,0.4332
1626443257057000,0,313.00000000,0.4332
1626443257300000,0,3774.00000000,0.4332
1626443264410000,0,121.52000000,0.4333
1626443264426000,0,121.52000000,0.4333
1626443264442000,0,60.76000000,0.4333
1626443468570000,0,111.73000000,0.4334
1626443734693000,1,4400.00000000,0.4329
1626443734693000,1,8315.00000000,0.4328
1626443734752000,1,0.47839652,0.4328
1626443734752000,1,4400.00000000,0.4328
1626443896927000,1,8551.00000000,0.4325
1626443897037000,1,0.35101233,0.4325
1626444011523000,0,2547.00000000,0.4325
1626444011584000,0,6192.53830419,0.4325
1626444069019000,0,8696.77953737,0.4334
1626444069033000,0,177.48529668,0.4334
1626444138680000,1,8230.00000000,0.4331
1626444207792000,1,8627.00000000,0.4323
1626444474110000,0,6792.00000000,0.4332
1626444676869000,0,110.74000000,0.4341
1626444677354000,0,163.76780000,0.4341
1626444678040000,0,4042.98235600,0.4341
1626444678056000,0,82.50984400,0.4341
1626444756595000,0,223.05000000,0.4342
1626444771434000,0,88.04677113,0.4342
1626444771567000,0,142.98200000,0.4342
1626444777194000,0,859.78340000,0.4342
1626445281391000,1,1000.00000000,0.4344
1626445542120000,0,1469.74520000,0.4347
1626445542261000,0,220.00000000,0.4347
1626445589926000,1,381.00000000,0.4342
1626445856752000,1,1468.00000000,0.4345
1626445856801000,1,1468.00000000,0.4345
1626445856823000,1,302.62400000,0.4345
1626446158677000,0,54.36133486,0.4344
1626446267793000,0,435.07865970,0.4345
1626447464960000,1,4400.00000000,0.4344
1626447537762000,1,183.00000000,0.4341
1626447537798000,1,8222.80470379,0.4341
1626447599106000,1,988.00000000,0.4336
1626447649458000,0,9020.00000000,0.4343
1626447649470000,0,0.47234851,0.4343
1626447817637000,1,9054.00000000,0.4341
1626448272606000,0,158.00000000,0.4336
1626448272712000,0,128.00000000,0.4336
1626448273241000,0,8067.00000000,0.4336
1626448298982000,0,8891.00000000,0.4341
1626448746584000,1,1414.00000000,0.4347
1626448746594000,1,6927.44699449,0.4347
1626449119839000,0,220.00000000,0.4354
1626449208729000,1,364.00000000,0.4355
1626449250012000,1,273.00000000,0.4358
1626449302552000,1,399.32000000,0.4358
1626449305483000,1,371.00000000,0.4358
1626449305555000,1,7539.94942207,0.4358
1626449333970000,1,299.14000000,0.4354
1626449403798000,0,597.00000000,0.4357
1626449522603000,0,4204.00000000,0.4357
1626449522653000,0,358.00000000,0.4357
1626449522653000,0,3747.13700209,0.4357
1626449554581000,1,341.29000000,0.4356
1626449574306000,1,255.97000000,0.4355
1626449574438000,1,255.00000000,0.4355
1626449576192000,1,341.00000000,0.4355
1626449676506000,1,637.22860733,0.4363
1626449738710000,1,998.16000000,0.4364
1626449739016000,1,998.00000000,0.4364
1626449739594000,1,274.00000000,0.4364
1626449743585000,1,337.45000000,0.4364
1626449746114000,1,349.96000000,0.4362
1626449843147000,0,4400.00000000,0.4370
1626449843580000,0,7119.00000000,0.4370
1626449843646000,0,1358.53316111,0.4370
1626449895591000,0,663.00000000,0.4377
1626449895672000,0,0.89106400,0.4377
1626449917241000,1,145.00000000,0.4378
1626449926117000,1,57.00000000,0.4378
1626449927855000,1,2175.00000000,0.4378
1626449927939000,1,6238.22292893,0.4378
1626449929038000,1,57.00000000,0.4375
1626450012797000,1,120.05000000,0.4373
1626450013381000,1,120.00000000,0.4373
1626450013403000,1,120.00000000,0.4373
1626450021931000,1,58.00000000,0.4373
1626450031976000,0,567.94954222,0.4380
1626450195830000,1,62.00000000,0.4375
1626450502925000,0,8723.57981822,0.4385
1626450502971000,0,178.03224119,0.4385
1626450638029000,1,58.00000000,0.4380
1626450671276000,1,153.75000000,0.4380
1626450712198000,1,442.00000000,0.4381
1626450714079000,1,567.00000000,0.4380
1626450714093000,1,5371.00000000,0.4380
1626450714095000,1,2448.54352470,0.4380
1626450727857000,1,99.75000000,0.4378
1626450739128000,1,4300.00000000,0.4378
1626450739167000,1,0.25000000,0.4378
1626450740111000,1,335.00000000,0.4376
1626450758458000,1,998.16000000,0.4373
1626450758615000,1,251.00000000,0.4373
1626450828462000,0,909.15516926,0.4378
1626450883182000,1,3664.00000000,0.4375
1626451129741000,0,331.85679367,0.4378
1626451189220000,0,860.00000000,0.4379
1626451189237000,0,7630.62282899,0.4379
1626451298119000,1,8565.00000000,0.4378
1626451778943000,0,8801.00000000,0.4365
1626451851419000,1,4400.00000000,0.4365
1626451960336000,1,744.00000000,0.4351
1626451960567000,1,0.57892800,0.4351
1626451960567000,1,8450.42107200,0.4351
1626451961706000,1,531.00000000,0.4351
1626452019832000,1,0.32892800,0.4351
1626452049099000,0,8478.00000000,0.4355
1626452095930000,1,8407.00000000,0.4353
1626452096007000,1,0.27427674,0.4353
1626452156079000,0,220.00000000,0.4360
1626452156592000,0,7962.00000000,0.4360
1626452242751000,1,8459.00000000,0.4363
1626452320386000,0,1085.00000000,0.4371
1626452320893000,0,7508.00000000,0.4371
1626452460337000,1,4400.00000000,0.4366
1626452460337000,1,8045.91711676,0.4366
1626452859997000,0,8496.00000000,0.4367
1626452929665000,1,1939.21162200,0.4369
1626453072342000,1,4295.00000000,0.4378
1626453617816000,1,8668.00000000,0.4373
1626453686748000,0,8433.00000000,0.4365
1626453802281000,1,8514.98732922,0.4370
1626453802298000,1,173.77525162,0.4370
1626453970738000,0,8381.00000000,0.4373
1626453970752000,0,0.14921975,0.4373
1626454032241000,1,8523.00000000,0.4367
1626454032458000,1,0.67537622,0.4367
1626454049213000,0,59.18838225,0.4371
1626454080810000,0,938.00000000,0.4371
1626454080949000,0,7703.00000000,0.4371
1626454266346000,1,4312.00000000,0.4373
1626454334290000,1,8718.00000000,0.4371
1626454401775000,1,2229.53020707,0.4369
1626454913510000,0,682.84904495,0.4371
1626455130408000,0,78.20400000,0.4370
1626455138150000,0,220.00000000,0.4370
1626455227571000,0,2145.00000000,0.4370
1626456029433000,0,8337.00000000,0.4364
1626456562399000,1,8539.00000000,0.4365
1626456912816000,1,105.00000000,0.4354
1626456983959000,0,58.65300000,0.4357
1626456985944000,0,8360.00000000,0.4357
1626457021937000,0,259.98817327,0.4363
1626457190217000,1,0.18307800,0.4354
1626457190217000,1,113.81692200,0.4352
1626457190548000,1,0.49570868,0.4352
1626457191895000,1,396.00000000,0.4350
1626457193412000,1,950.00000000,0.4350
1626457193515000,1,1852.00000000,0.4350
1626457193539000,1,1402.89771244,0.4350
1626457378285000,0,272.73471683,0.4356
1626457577268000,0,220.00000000,0.4359
1626457931574000,1,499.00000000,0.4358
1626457931587000,1,0.53102929,0.4358
1626457976012000,1,8200.00000000,0.4357
1626457976063000,1,0.16170323,0.4357
1626458131359000,0,837.00000000,0.4362
1626458131411000,0,579.00000000,0.4362
1626458132066000,0,2957.00000000,0.4362
1626459259537000,0,220.00000000,0.4352
1626459269443000,0,8193.00000000,0.4352
1626459269454000,0,0.01500870,0.4352
1626459420361000,1,149.06054000,0.4355
1626459522042000,1,8180.00000000,0.4355
1626459575843000,1,4128.00000000,0.4351
1626459611261000,0,2284.26280991,0.4356
1626460111509000,0,100.00000000,0.4358
1626460315022000,0,1000.00000000,0.4359
1626460820135000,1,1487.00000000,0.4360
1626460820311000,1,7101.41742589,0.4360
1626460847255000,1,4400.00000000,0.4356
1626461065931000,0,100.00000000,0.4355
1626461086615000,0,8492.00000000,0.4356
1626461112710000,0,100.00000000,0.4360
1626461215693000,0,100.00000000,0.4365
1626461376427000,1,1541.00000000,0.4360
1626461619312000,0,333.53000000,0.4355
1626461962224000,1,8168.45247136,0.4354
1626462065089000,0,246.00000000,0.4359
1626462065097000,0,3231.00000000,0.4359
1626462065125000,0,4097.06013750,0.4359
1626462249946000,1,2010.00000000,0.4354
1626462249976000,1,6416.79004066,0.4354
1626462932573000,0,100.00000000,0.4355
1626463473510000,0,49.00000000,0.4358
1626463473543000,0,1.00000000,0.4358
1626463488815000,0,49.00000000,0.4360
1626463499884000,0,1.00000000,0.4360
1626463769553000,1,3042.00000000,0.4351
1626463769584000,1,5670.92106824,0.4351
1626463843848000,1,111.00000000,0.4346
1626463843972000,1,0.94187700,0.4346
1626463862491000,1,135.00000000,0.4344
1626463994412000,0,499.41546200,0.4343
1626464004120000,1,832.35910400,0.4337
1626464158040000,0,187.00000000,0.4341
1626464158222000,0,2357.00000000,0.4341
1626464438283000,0,8350.00000000,0.4345
1626464438968000,0,98.00000000,0.4345
1626464457583000,0,2.00000000,0.4345
1626464457583000,0,2653.03452244,0.4349
1626464539355000,1,8358.00000000,0.4344
1626464554722000,0,111.38000000,0.4348
1626465181258000,1,8352.00000000,0.4347
1626465301044000,1,8352.00000000,0.4347
1626465301094000,1,0.70190211,0.4347
1626465312800000,0,2000.00000000,0.4350
1626465395484000,1,8346.00000000,0.4349
1626465395691000,1,0.30442325,0.4349
1626465478592000,0,100.00000000,0.4355
1626465497531000,1,8343.00000000,0.4351
1626465717215000,0,176.00000000,0.4359
1626465717232000,0,1824.00000000,0.4359
1626465732320000,0,50.00000000,0.4362
1626465732320000,0,50.00000000,0.4363
1626465816053000,1,8604.00000000,0.4358
1626466073288000,1,0.74758689,0.4351
1626466208189000,0,7690.00000000,0.4350
1626466373500000,0,8514.00000000,0.4355
1626466455552000,1,8620.00000000,0.4353
1626466455572000,1,0.22354232,0.4353
1626466526832000,1,6324.00000000,0.4347
1626466526873000,1,1370.00000000,0.4347
1626466526971000,1,675.35603512,0.4347
1626466526971000,1,0.72580893,0.4347
1626466705120000,1,49.92194284,0.4338
1626466820770000,0,2000.00000000,0.4340
1626466843657000,0,8196.00000000,0.4342
1626466897371000,0,1000.00000000,0.4350
1626467310535000,0,114.19664945,0.4358
1626467784177000,0,50.00000000,0.4350
1626468123439000,1,231.00000000,0.4340
1626468123587000,1,231.00000000,0.4340
1626468124006000,1,540.00000000,0.4340
1626468124111000,1,540.00000000,0.4340
1626468124128000,1,140.63000000,0.4340
1626468124240000,1,1726.00000000,0.4340
1626468124421000,1,1486.00000000,0.4340
1626468308347000,0,5759.00000000,0.4342
1626468323536000,0,500.00000000,0.4345
1626468616791000,1,6349.00000000,0.4341
1626468617049000,1,2722.00000000,0.4341
1626468617100000,1,0.43627261,0.4341
1626468911270000,0,9013.00000000,0.4331
1626468991460000,1,3582.00000000,0.4330
1626468991499000,1,1110.24200000,0.4330
1626469305592000,0,6030.00000000,0.4325
1626469305624000,0,191.29600000,0.4325
1626469321932000,0,8482.00000000,0.4331
1626469347410000,1,8309.00000000,0.4324
1626469347461000,1,0.32996606,0.4324
1626469525243000,0,111.91000000,0.4327
1626469803363000,0,980.00000000,0.4330
1626469844610000,0,20.00000000,0.4330
1626469856336000,0,1000.00000000,0.4330
1626469881080000,0,111.69000000,0.4335
1626470038285000,1,8597.00000000,0.4327
1626470323672000,1,100.00000000,0.4317
1626470486710000,0,651.92872165,0.4327
1626470563601000,1,8385.00000000,0.4327
1626470589875000,1,0.92350005,0.4327
1626471440334000,0,1293.00000000,0.4318
1626471440385000,0,1293.00000000,0.4318
1626471440526000,0,2452.00000000,0.4318
1626471468126000,0,100.00000000,0.4320
1626471864516000,1,786.00000000,0.4309
1626471864526000,1,5111.00000000,0.4309
1626471876941000,1,115.72093023,0.4300
1626471897284000,0,162.00000000,0.4303
1626471897705000,0,976.00000000,0.4303
1626471897725000,0,7663.86971311,0.4303
1626471944628000,0,100.00000000,0.4330
1626471967000000,1,9005.00000000,0.4325
1626471967041000,1,4945.00000000,0.4325
1626471979460000,1,1387.00000000,0.4322
1626471979860000,1,944.00000000,0.4322
1626471980263000,1,944.00000000,0.4322
1626471981106000,1,239.00000000,0.4322
1626471981309000,1,239.00000000,0.4322
1626471981337000,1,102.00000000,0.4322
1626471981356000,1,117.30600000,0.4322
1626471993016000,0,100.00000000,0.4331
1626472099997000,0,310.00000000,0.4339
1626472101180000,0,130.74904500,0.4340
1626472101180000,0,1000.00000000,0.4340
1626472101180000,0,1968.25095500,0.4340
1626472102970000,0,74.74487048,0.4340
1626472103185000,0,31.74904500,0.4340
1626472127278000,0,1471.00000000,0.4342
1626472127356000,0,1471.00000000,0.4342
1626472127376000,0,258.42600000,0.4342
1626472286666000,1,8217.00000000,0.4333
1626472286691000,1,0.71991496,0.4333
1626472444043000,0,3220.00000000,0.4335
1626472446804000,0,805.00000000,0.4335
1626472706527000,1,100.00000000,0.4318
1626472818926000,0,100.00000000,0.4320
1626472932618000,0,362.00000000,0.4318
1626472932675000,0,8002.85811471,0.4318
1626472966365000,1,5457.00000000,0.4318
1626472967024000,1,415.00000000,0.4318
1626473000489000,1,2516.00000000,0.4316
1626473089754000,1,17381.00000000,0.4319
1626473090078000,1,1669.00000000,0.4319
1626473139821000,0,6558.00000000,0.4321
1626473139851000,0,1738.10350477,0.4321
1626473175398000,1,8756.98917946,0.4319
1626473175398000,1,8057.23899622,0.4319
1626473222511000,0,123.00000000,0.4326
1626473315739000,0,760.00000000,0.4327
1626473315823000,0,551.00000000,0.4327
1626473372862000,1,9056.00000000,0.4327
1626473372902000,1,0.24737649,0.4327
1626473374780000,1,2650.00000000,0.4325
1626473375445000,1,14200.00000000,0.4325
1626473550887000,0,8771.00000000,0.4326
1626473606205000,0,9033.00000000,0.4328
1626473607593000,0,100.00000000,0.4330
1626473673938000,1,8988.00000000,0.4326
1626473674007000,1,0.06295929,0.4326
1626474050255000,0,1000.00000000,0.4330
1626474227593000,0,100.00000000,0.4333
1626474461357000,1,607.00000000,0.4317
1626474461370000,1,1045.00000000,0.4317
1626474461382000,1,3823.00000000,0.4317
1626474694852000,1,55.93111800,0.4303
1626474835688000,0,209.81000000,0.4303
1626474923251000,0,8858.00000000,0.4299
1626475023514000,0,100.00000000,0.4301
1626475042570000,1,2185.00000000,0.4295
1626475042591000,1,2508.00000000,0.4295
1626475042653000,1,1832.00000000,0.4295
1626475071286000,1,3993.06153613,0.4290
1626475204903000,1,296.00000000,0.4289
1626475205033000,1,5148.00000000,0.4289
1626475205071000,1,8256.00000000,0.4289
1626475267301000,1,1225.00000000,0.4279
1626475294539000,0,100.00000000,0.4284
1626475332864000,1,113.00000000,0.4280
1626475332965000,1,0.43563500,0.4280
1626475351603000,0,152.07227600,0.4285
1626475373591000,0,3396.00000000,0.4285
1626475397459000,1,8296.00000000,0.4285
1626475508727000,1,500.00000000,0.4277
1626475530208000,0,8831.00000000,0.4285
1626475571824000,1,9006.00000000,0.4289
1626475576910000,1,2000.00000000,0.4286
1626475607017000,1,1495.98361852,0.4289
1626475614558000,0,540.00000000,0.4295
1626475614720000,0,4678.00000000,0.4295
1626475614853000,0,3003.00000000,0.4295
1626475614871000,0,18.50644572,0.4295
1626475682874000,1,3333.00000000,0.4292
1626475709277000,1,8976.00000000,0.4288
1626475709294000,1,0.00298138,0.4288
1626475709582000,1,9043.00000000,0.4287
1626475710988000,1,3007.00000000,0.4287
1626476052412000,1,3583.00000000,0.4282
1626476052456000,1,10917.00000000,0.4282
1626476116790000,0,8807.00000000,0.4286
1626476298542000,1,7210.00000000,0.4289
1626476298607000,1,637.12927271,0.4289
1626476298737000,1,7588.00000000,0.4289
1626476307249000,0,110.34875867,0.4294
1626476317258000,1,8649.00000000,0.4288
1626476317286000,1,0.75126623,0.4288
1626476373600000,0,8550.00000000,0.4291
1626476373638000,0,0.93760617,0.4291
1626476474518000,0,8724.00000000,0.4287
1626476506734000,1,1192.00000000,0.4295
1626476550104000,0,2000.00000000,0.4308
1626476589209000,1,7743.00000000,0.4300
1626476589232000,1,65.66000000,0.4300
1626476866956000,0,8969.00000000,0.4297
1626476970179000,0,988.64205364,0.4303
1626477325750000,0,1993.88860403,0.4304
1626477325750000,0,1697.60445152,0.4304
1626477377990000,0,4133.35380000,0.4305
1626477377990000,0,4866.64620000,0.4305
1626477509344000,1,7331.00000000,0.4299
1626477509376000,1,1600.14958097,0.4299
1626477583697000,0,3716.13790138,0.4304
1626477866405000,1,100.00000000,0.4290
1626477972573000,0,116.00000000,0.4294
1626477972774000,0,1721.00000000,0.4294
1626478026048000,1,9017.00000000,0.4289
1626478083702000,0,2593.00000000,0.4288
1626478083744000,0,5742.00000000,0.4288
1626478083781000,0,39.10781614,0.4288
1626478097766000,0,8874.00000000,0.4294
1626478097776000,0,0.74839623,0.4294
1626478185555000,1,6924.00000000,0.4288
1626478210150000,1,9018.00000000,0.4284
1626478212815000,1,100.00000000,0.4280
1626478253408000,1,1000.00000000,0.4281
1626478291833000,1,2000.00000000,0.4280
1626478343665000,1,1000.00000000,0.4276
1626478359055000,0,151.00000000,0.4283
1626478395347000,0,2944.00000000,0.4283
1626478395428000,0,5426.95207942,0.4283
1626478649550000,0,4359.00000000,0.4290
1626478649567000,0,2506.00000000,0.4290
1626478695278000,1,8709.00000000,0.4286
1626478859648000,0,777.00000000,0.4281
1626478859768000,0,7782.16781352,0.4281
1626478984978000,1,8844.00000000,0.4284
1626479058524000,1,545.00000000,0.4279
1626479058584000,1,0.36727500,0.4279
1626479093990000,0,8716.00000000,0.4285
1626479094027000,0,0.70983617,0.4285
1626479238763000,1,659.00000000,0.4293
1626479238798000,1,238.00000000,0.4293
1626479238813000,1,7903.94288527,0.4293
1626479437950000,0,8972.00000000,0.4293
1626479536504000,1,8975.00000000,0.4292
1626479536587000,1,0.47203902,0.4292
1626479976927000,1,8590.00000000,0.4280
1626480007255000,1,60.51034299,0.4279
1626480007279000,1,0.00000001,0.4279
1626480018088000,0,101.68456500,0.4282
1626480031575000,0,8764.00000000,0.4282
1626480044204000,0,73.43043300,0.4287
1626480054874000,0,2745.00000000,0.4287
1626480177932000,1,979.00000000,0.4279
1626480177985000,1,0.70207826,0.4279
1626480279406000,0,8512.27668743,0.4299
1626480311231000,1,8967.00000000,0.4299
1626480371146000,0,253.00000000,0.4314
1626480373584000,0,126.00000000,0.4314
1626480377945000,0,126.64633999,0.4313
1626480377959000,0,0.00000001,0.4313
1626480377965000,0,0.64634000,0.4314
1626480377965000,0,0.29268100,0.4314
1626480383729000,0,63.32316999,0.4318
1626480383859000,0,0.00000001,0.4318
1626480416891000,1,8520.00000000,0.4308
1626480416908000,1,0.22029940,0.4308
1626480508097000,1,3059.00000000,0.4300
1626480508159000,1,171.00000000,0.4300
1626480508217000,1,2372.00000000,0.4300
1626480508275000,1,3189.65500000,0.4300
1626480668885000,1,193.00000000,0.4283
1626480668934000,1,0.72538300,0.4283
1626480765260000,0,5230.00000000,0.4277
1626480777269000,0,3079.00000000,0.4282
1626480781347000,1,77.84400799,0.4277
1626480781352000,1,0.00000001,0.4277
1626480783271000,1,5997.00000000,0.4274
1626480783893000,1,846.69924458,0.4274
1626480783936000,1,5356.30075542,0.4274
1626480792488000,1,574.39661955,0.4268
1626480826055000,0,8874.00000000,0.4276
1626480826076000,0,0.21400564,0.4276
1626480919840000,0,229.23725400,0.4277
1626481028933000,1,123.00000000,0.4273
1626481031092000,1,0.83336900,0.4273
1626481031092000,1,7635.16663100,0.4273
1626481246872000,1,91.00000000,0.4277
1626481247064000,1,0.25558200,0.4277
1626481402334000,1,8603.00000000,0.4275
1626481431039000,0,3769.00000000,0.4279
1626481431061000,0,3702.00000000,0.4279
1626481479838000,0,226.14000000,0.4283
1626481625535000,1,8254.64228266,0.4282
1626481625540000,1,168.46208740,0.4282
1626481719480000,0,2000.00000000,0.4289
1626481727544000,0,3153.00000000,0.4291
1626481727609000,0,5513.78194077,0.4291
1626481814782000,0,2854.00000000,0.4290
1626481875771000,0,0.71000064,0.4290
1626481900781000,0,459.00000000,0.4300
1626481900919000,0,459.00000000,0.4300
1626481900946000,0,252.84000000,0.4300
1626481900963000,0,596.00000000,0.4300
1626481901200000,0,3233.00000000,0.4300
1626481902223000,0,0.16000000,0.4300
1626481906490000,0,102.89428100,0.4308
1626481917399000,0,69.32502164,0.4319
1626481917486000,0,1.41479636,0.4319
1626482080252000,1,8308.50557150,0.4311
1626482161595000,0,8292.00000000,0.4313
1626482161629000,0,0.03942129,0.4313
1626482296108000,0,49.00000000,0.4315
1626482296166000,0,1.00000000,0.4315
1626482342971000,1,8139.00000000,0.4309
1626482369005000,0,8460.00000000,0.4312
1626482399150000,0,349.00000000,0.4320
1626482399251000,0,1651.00000000,0.4320
1626482478365000,1,5505.00000000,0.4309
1626482501170000,0,8940.00000000,0.4315
1626482864587000,0,49.00000000,0.4312
1626482864939000,0,1.00000000,0.4312
1626483039653000,0,49.00000000,0.4316
1626483044108000,0,1.00000000,0.4316
1626483044500000,0,100.00000000,0.4320
1626483217587000,0,866.00000000,0.4323
1626483217710000,0,0.10781100,0.4323
1626483218822000,0,2000.00000000,0.4326
1626483219916000,0,1002.86167600,0.4327
1626483220379000,0,3262.35194096,0.4333
1626483255277000,1,2854.00000000,0.4317
1626483255375000,1,174.00000000,0.4317
1626483255560000,1,5597.00000000,0.4317
1626483255595000,1,0.06688637,0.4317
1626483347462000,1,8373.00000000,0.4324
1626483389247000,0,8284.26885860,0.4327
1626483389257000,0,169.06671140,0.4327
1626483477676000,0,3235.00000000,0.4334
1626483477861000,0,2010.00000000,0.4334
1626483477882000,0,422.38000000,0.4334
1626483599724000,0,1000.00000000,0.4340
1626483599724000,0,880.14194471,0.4340
1626483599725000,0,1119.85805529,0.4340
1626483762905000,1,533.51820407,0.4334
1626483762920000,1,266.75600000,0.4334
1626484261929000,0,769.00000000,0.4324
1626484261997000,0,7621.81801486,0.4324
1626484480857000,1,100.00000000,0.4324
1626484571847000,1,8028.73821789,0.4323
1626484808556000,0,8782.76683251,0.4315
1626484808565000,0,179.24013944,0.4315
1626484886089000,1,1277.00000000,0.4312
1626484886102000,1,7599.72558167,0.4312
1626485114361000,0,550.34233366,0.4319
1626485114371000,0,1680.60641802,0.4319
1626485114783000,0,1910.38994832,0.4319
1626485114783000,0,100.00000000,0.4319
1626485115974000,0,100.00000000,0.4320
1626485115974000,0,100.00000000,0.4321
1626485191885000,0,100.00000000,0.4323
1626485198874000,0,6788.00000000,0.4324
1626485198912000,0,2042.33694858,0.4324
1626485388548000,1,8124.00000000,0.4324
1626485388600000,1,0.27509519,0.4324
1626485439899000,1,5141.00000000,0.4319
1626485523243000,0,1345.00000000,0.4321
1626485524061000,0,7317.00000000,0.4321
1626485681003000,1,8664.00000000,0.4316
1626486264602000,0,1865.00000000,0.4289
1626486264854000,0,1296.00000000,0.4289
1626486265056000,0,1036.00000000,0.4289
1626486265717000,0,3083.00000000,0.4289
1626486344051000,0,929.00000000,0.4293
1626486530529000,1,8543.00000000,0.4292
1626486626360000,0,6705.00000000,0.4297
1626486626417000,0,1626.29053684,0.4297
1626486978273000,1,8182.24134467,0.4272
1626487004321000,1,50.00000000,0.4268
1626487011392000,1,2096.17160879,0.4250
1626487011407000,1,2974.06368533,0.4250
1626487015598000,0,61.49437000,0.4251
1626487017790000,1,49.00000000,0.4238
1626487018386000,1,1.00000000,0.4238
1626487018530000,1,2247.00000000,0.4222
1626487018530000,1,500.00000000,0.4220
1626487018530000,1,2186.41989536,0.4216
1626487020521000,1,3963.87121721,0.4217
1626487020522000,1,736.12878279,0.4217
1626487022494000,1,1062.06447604,0.4200
1626487022494000,1,231.59951615,0.4200
1626487023355000,1,5683.14285714,0.4200
1626487023355000,1,318.69000000,0.4200
1626487023355000,1,59.22619048,0.4200
1626487023355000,1,1723.98197178,0.4200
1626487023953000,1,4700.00000000,0.4200
1626487023953000,1,276.01802822,0.4200
1626487024204000,0,77.88407000,0.4202
1626487027008000,1,153.52431801,0.4172
1626487030460000,1,4700.00000000,0.4132
1626487031970000,1,153.52431801,0.4103
1626487032515000,1,148.00000000,0.4103
1626487032703000,1,4398.47568199,0.4103
1626487033618000,1,316.66000000,0.4100
1626487034565000,0,94.80366000,0.4143
1626487036415000,0,46650.00000000,0.4077
1626487040321000,0,11358.00000000,0.4126
1626487040779000,0,47842.00000000,0.4126
1626487042715000,0,316.00000000,0.4143
1626487043038000,0,0.65997561,0.4143
1626487061205000,0,740.92755013,0.4183
1626487082415000,0,4725.77570000,0.4184
1626487082415000,0,274.22430000,0.4184
1626487138886000,1,18803.71428571,0.4200
1626487277707000,1,4317.57890000,0.4175
1626487283651000,0,13001.00000000,0.4167
1626487283656000,0,8830.00000000,0.4167
1626487283674000,0,688.94000000,0.4167
1626487311391000,0,8372.00000000,0.4178
1626487414306000,0,46953.72282940,0.4170
1626487697737000,1,9165.00000000,0.4173
1626487921238000,0,434.81755268,0.4176
1626488014913000,1,1050.00000000,0.4163
1626488026552000,0,8869.00000000,0.4171
1626488060228000,1,525.00000000,0.4168
1626488161390000,0,199.59181526,0.4183
1626488189606000,1,8762.00000000,0.4182
1626488259752000,1,8690.00000000,0.4175
1626488408946000,0,8401.00000000,0.4179
1626488491637000,1,4385.00000000,0.4176
1626488502603000,1,1000.00000000,0.4176
1626488539547000,1,100.00000000,0.4170
1626488539547000,1,1000.00000000,0.4170
1626488544175000,1,1042.00000000,0.4166
1626488544312000,1,1041.53322500,0.4162
1626488550907000,0,157.91000000,0.4170
1626488558419000,1,1000.00000000,0.4168
1626488647580000,1,1999.99999999,0.4160
1626488647602000,1,0.00000001,0.4160
1626488692344000,0,9139.00000000,0.4175
1626488726537000,1,4235.00000000,0.4170
1626488726593000,1,4233.52864666,0.4170
1626488811862000,0,8998.00000000,0.4168
1626489054773000,1,1704.64140000,0.4181
1626489054795000,1,7408.75618349,0.4181
1626489067550000,0,7373.00000000,0.4187
1626489142176000,1,6852.00000000,0.4188
1626489497746000,0,4083.00000000,0.4195
1626489548159000,0,274.00000000,0.4201
1626489548219000,0,0.02457400,0.4201
1626489553259000,0,205.51842999,0.4205
1626489553260000,0,0.00000001,0.4205
1626489709131000,1,8971.00000000,0.4198
1626489755002000,0,8942.00000000,0.4203
1626489755023000,0,0.03938847,0.4203
1626489787788000,0,75.52802376,0.4212
1626489787809000,0,1.54138824,0.4212
1626489798369000,1,65.84323000,0.4210
1626489828695000,1,2563.00000000,0.4215
1626489956384000,0,876.00000000,0.4219
1626489956410000,0,0.63673100,0.4219
1626490208100000,1,553.33563302,0.4204
1626490208170000,1,731.94595480,0.4204
1626490208174000,1,1000.43378957,0.4204
1626490208287000,1,1732.27589705,0.4204
1626490208391000,1,217.33282556,0.4204
1626490228972000,1,8551.00000000,0.4190
1626490267471000,0,8030.00000000,0.4196
1626490470671000,0,6800.00000000,0.4192
1626490595448000,1,4989.00000000,0.4189
1626490595448000,1,3613.99921310,0.4189
1626490859931000,1,938.00000000,0.4179
1626490859945000,1,7690.39433162,0.4179
1626490888415000,0,6587.00000000,0.4185
1626491113487000,0,8782.00000000,0.4189
1626491230380000,1,8878.00000000,0.4187
1626491262956000,1,497.00000000,0.4179
1626491370565000,0,2962.00000000,0.4189
1626491370577000,0,1738.00000000,0.4189
1626491426154000,1,9024.00000000,0.4178
1626491426195000,1,0.50303479,0.4178
1626491481850000,0,660.00000000,0.4176
1626491484307000,0,8328.00000000,0.4176
1626491484366000,0,0.01243186,0.4176
1626491681564000,0,5036.00000000,0.4180
1626491712465000,0,2047.50979659,0.4189
1626492126198000,1,8308.00000000,0.4203
1626492174107000,0,452.00000000,0.4208
1626492174132000,0,6172.00000000,0.4208
1626492174142000,0,1026.00000000,0.4208
1626492198336000,0,331.00000000,0.4212
1626492198383000,0,0.96151400,0.4212
1626492227227000,1,9060.00000000,0.4207
1626492313546000,0,9148.00000000,0.4211
1626492313706000,0,0.88172327,0.4211
1626492405633000,0,248.00000000,0.4214
1626492405655000,0,209.49080700,0.4214
1626492486652000,0,352.00000000,0.4217
1626492486669000,0,0.19621900,0.4217
1626492623742000,1,8572.00000000,0.4216
1626492769595000,0,9015.00000000,0.4217
1626492809237000,1,8557.00000000,0.4214
1626493022008000,0,1024.00000000,0.4213
1626493022013000,0,163.83640000,0.4213
1626493148045000,0,2116.00000000,0.4210
1626493148067000,0,6282.33617044,0.4210
1626493231633000,1,6015.00000000,0.4207
1626493231671000,1,2109.00000000,0.4207
1626493302431000,0,630.00000000,0.4209
1626493305000000,0,186.00000000,0.4209
1626493305040000,0,186.00000000,0.4209
1626493305063000,0,1346.81400000,0.4209
1626493422529000,0,4700.00000000,0.4215
1626493528830000,1,893.00000000,0.4205
1626493528835000,1,8116.79102614,0.4205
1626493554098000,0,1535.00000000,0.4210
1626493554106000,0,2762.00000000,0.4210
1626493554162000,0,142.10000000,0.4210
1626493554312000,0,4355.00000000,0.4210
1626493554336000,0,0.52669298,0.4210
1626494011648000,1,8428.00000000,0.4214
1626494011762000,1,0.46090274,0.4214
1626494064051000,0,8913.00000000,0.4209
1626494404205000,1,8504.00000000,0.4209
1626494482117000,0,8927.00000000,0.4216
1626494545304000,1,8571.00000000,0.4214
1626494713604000,1,2353.00000000,0.4201
1626494806932000,1,200.00000000,0.4187
1626494933801000,0,4729.00000000,0.4190
1626494933830000,0,4102.56207471,0.4190
1626495007418000,1,4474.00000000,0.4186
1626495007419000,1,3838.54118743,0.4186
1626495029445000,0,2115.00000000,0.4192
1626495029581000,0,6329.77509365,0.4192
1626495042653000,0,4438.00000000,0.4201
1626495107334000,1,4079.00000000,0.4195
1626495107414000,1,4219.01022419,0.4195
1626495344895000,0,3371.00000000,0.4203
1626495565578000,1,927.00000000,0.4201
1626495565601000,1,240.00000000,0.4201
1626495565737000,1,514.00000000,0.4201
1626495565781000,1,2787.00000000,0.4201
1626495596212000,0,8670.00000000,0.4203
1626495734492000,1,856.00000000,0.4206
1626495734608000,1,856.00000000,0.4206
1626495735845000,1,836.00000000,0.4206
1626495735880000,1,836.00000000,0.4206
1626495736234000,1,210.00000000,0.4206
1626495737051000,1,4311.00000000,0.4206
1626495929713000,0,2195.00000000,0.4200
1626496414211000,0,1247.00000000,0.4214
1626496414275000,0,7253.58642147,0.4214
1626496472504000,1,1170.00000000,0.4215
1626496472580000,1,7674.32172119,0.4215
1626496483396000,0,4700.00000000,0.4218
1626496483396000,0,30.34183637,0.4218
1626496696825000,1,1292.00000000,0.4214
1626496774695000,0,8656.00000000,0.4224
1626496815659000,1,8505.00000000,0.4221
1626497027084000,0,845.00000000,0.4220
1626497027106000,0,4872.00000000,0.4220
1626497027109000,0,845.00000000,0.4220
1626497120875000,1,8552.00000000,0.4214
1626497256846000,0,4565.00000000,0.4212
1626497256881000,0,1005.82296962,0.4212
1626497552996000,0,316.00000000,0.4224
1626497665579000,0,0.38885000,0.4224
1626497665579000,0,4605.99222300,0.4224
1626497665607000,0,94.00777700,0.4224
1626497746635000,1,3614.00000000,0.4217
1626497746678000,1,3614.00000000,0.4217
1626498051702000,0,8948.00000000,0.4220
1626498186297000,0,173.00000000,0.4226
1626498186334000,0,0.12511700,0.4226
1626498395435000,1,3320.00000000,0.4228
1626498727148000,0,8387.16953587,0.4233
1626499104775000,1,8387.00000000,0.4240
1626499185987000,0,9130.00000000,0.4244
1626499186013000,0,0.20518553,0.4244
1626499223565000,1,9084.00000000,0.4240
1626499282376000,0,470.21585722,0.4251
1626499282377000,0,404.01194278,0.4251
1626499603543000,0,1365.00000000,0.4245
1626499682938000,0,9029.15155340,0.4247
1626499759532000,1,8280.00000000,0.4243
1626499759552000,1,0.81359425,0.4243
1626500318746000,0,101.87000000,0.4247
1626500715792000,0,8721.00000000,0.4246
1626500715831000,0,0.36630022,0.4246
1626500897241000,1,8747.00000000,0.4238
1626501416872000,1,8746.00000000,0.4242
1626501416897000,1,0.15451431,0.4242
1626501626381000,0,8675.00000000,0.4245
1626501735607000,1,7279.00000000,0.4237
1626501747450000,1,3454.21665913,0.4229
1626501812946000,1,770.00000000,0.4235
1626501812974000,1,0.31382828,0.4235
1626501914538000,0,8264.00000000,0.4236
1626503414994000,0,200.00000000,0.4260
1626503414996000,0,0.35664800,0.4260
1626503597781000,1,18159.42202510,0.4263
1626503597798000,1,8988.04319647,0.4263
1626503598256000,0,1207.00000000,0.4263
1626503667239000,1,9083.00000000,0.4260
1626504056694000,0,8924.00000000,0.4259
1626505347352000,1,4498.00000000,0.4255
1626505859503000,1,20828.00000000,0.4250
1626505859608000,1,826.00000000,0.4250
1626505859645000,1,3760.00000000,0.4250
1626505859671000,1,4987.80800000,0.4250
1626505860206000,1,3502.00000000,0.4250
1626505881823000,1,0.19200000,0.4250
1626506105518000,1,872.55903500,0.4240
1626506105518000,1,8565.44096500,0.4239
1626506309128000,0,2136.00000000,0.4240
1626506309138000,0,6254.00000000,0.4240
1626506309145000,0,570.66161772,0.4240
1626506494087000,0,2612.00000000,0.4243
1626506822533000,1,25000.00000000,0.4240
1626506910221000,1,502.74533300,0.4231
1626506910221000,1,4700.00000000,0.4231
1626506910221000,1,414.23351564,0.4230
1626506910221000,1,762.17295899,0.4230
1626506961420000,1,457.00000000,0.4230
1626506961473000,1,0.27150000,0.4230
1626507306176000,1,8892.00000000,0.4234
1626507306202000,1,0.68115831,0.4234
1626507617390000,0,8336.00000000,0.4236
1626507818473000,1,527.00000000,0.4236
1626507820183000,1,2662.00000000,0.4236
1626507820262000,1,2662.00000000,0.4236
1626507820298000,1,2875.01620000,0.4236
1626507829634000,1,308.42000000,0.4236
1626508027830000,1,40182.00000000,0.4236
1626508028189000,1,0.64128555,0.4236
1626508052528000,1,745.00652675,0.4235
1626508235093000,1,9039.00000000,0.4238
1626508580203000,0,8821.00000000,0.4239
1626508929434000,1,457.00000000,0.4224
1626508929557000,1,0.72745800,0.4224
1626508929557000,1,6509.27254200,0.4224
1626509030361000,1,370.12754520,0.4214
1626509030365000,1,0.00000001,0.4214
1626509046438000,0,502.74000000,0.4219
1626509047983000,0,98.01960000,0.4219
1626509105233000,0,120.02914398,0.4218
1626509116251000,0,3377.08000000,0.4218
1626509116263000,0,5140.33351011,0.4218
1626509204897000,1,8691.00000000,0.4213
1626509265584000,0,8526.50127431,0.4214
1626509309507000,0,499.59032900,0.4216
1626509323307000,0,319.01693900,0.4215
1626509325974000,0,283.12753400,0.4215
1626509345803000,1,132.00000000,0.4201
1626509345841000,1,0.80153400,0.4201
1626509345885000,1,1451.00000000,0.4200
1626509443335000,1,5171.00000000,0.4199
1626509534567000,0,8367.26839280,0.4198
1626509811363000,1,8651.00000000,0.4201
1626509811442000,1,0.94966627,0.4201
1626509875283000,0,8769.89827125,0.4204
1626509944712000,1,8882.00000000,0.4209
1626510697442000,1,378.00000000,0.4204
1626510700035000,1,1886.00000000,0.4204
1626510764568000,0,8298.00000000,0.4212
1626510829851000,0,4732.56823786,0.4218
1626510975375000,1,1523.00000000,0.4212
1626510975405000,1,6781.34464294,0.4212
1626511052486000,0,8498.00000000,0.4216
1626511067151000,0,44501.00000000,0.4220
1626511069838000,0,5499.00000000,0.4220
1626511260989000,1,2483.00000000,0.4260
1626511260993000,1,6342.03379925,0.4260
1626511287975000,0,309.00000000,0.4258
1626511288052000,0,0.53310600,0.4258
1626511291311000,1,220.54233800,0.4255
1626511303860000,0,245.04378346,0.4263
1626511313576000,0,214.77912699,0.4268
1626511321976000,0,311.53890517,0.4267
1626511322005000,0,6.35793683,0.4267
1626511322005000,0,0.00000001,0.4268
1626511359537000,0,4700.00000000,0.4268
1626511453280000,0,382.20000000,0.4261
1626511458613000,0,183.78411200,0.4266
1626511458613000,0,584.82988800,0.4266
1626511459246000,0,338.16570100,0.4266
1626511459246000,0,601.77275013,0.4266
1626511475287000,0,174.71699482,0.4271
1626511508281000,0,8322.00000000,0.4269
1626511527242000,0,4700.00000000,0.4278
1626511527242000,0,5706.81330297,0.4278
1626511552845000,1,92.42647000,0.4271
1626511555718000,0,1251.60274291,0.4278
1626511555718000,0,4700.00000000,0.4278
1626511555718000,0,332.24091421,0.4278
1626511563412000,1,8688.00000000,0.4270
1626511595221000,1,4700.00000000,0.4261
1626511595221000,1,32.00000000,0.4261
1626511598362000,0,4606.00000000,0.4271
1626511619035000,0,4606.00000000,0.4273
1626511687194000,1,63.16096853,0.4264
1626511737382000,1,136.37379446,0.4265
1626511843871000,1,8812.00000000,0.4263
1626511997379000,0,9013.46790879,0.4259
1626511997431000,0,183.94832467,0.4259
1626512149826000,1,8740.00000000,0.4253
1626512168327000,0,8227.26906145,0.4256
1626512622404000,0,586.84144471,0.4239
1626512773367000,0,420.00546192,0.4246
1626513070074000,0,175.22400000,0.4244
1626513070401000,0,8386.87996620,0.4244
1626513143405000,1,8552.60587419,0.4243
1626513507458000,0,98.00000000,0.4253
1626513508218000,0,679.03220000,0.4253
1626514939106000,0,111.29507617,0.4247
1626515065349000,0,806.94516478,0.4240
1626515135474000,1,9128.00000000,0.4233
1626515283125000,0,8394.00000000,0.4236
1626515553854000,0,1500.00000000,0.4235
1626516045700000,1,4700.00000000,0.4228
1626516045700000,1,1583.84365712,0.4228
1626516442085000,0,900.46972600,0.4211
1626516445527000,0,832.00000000,0.4213
1626516719726000,0,421.61734200,0.4211
1626516723251000,1,148.00000000,0.4207
1626516723343000,1,0.01936400,0.4207
1626516735776000,1,8439.00000000,0.4201
1626516824707000,0,450.15174532,0.4200
1626516900808000,0,1759.19065732,0.4192
1626516900914000,0,1070.16000000,0.4192
1626516900984000,0,2493.27582362,0.4192
1626516903362000,0,195.99999118,0.4197
1626516903671000,0,1738.52000000,0.4197
1626516904390000,0,198.94000000,0.4197
1626516919656000,0,8499.73104001,0.4203
1626517056709000,0,1187.62053528,0.4200
1626517066196000,0,4751.38179913,0.4201
1626517092655000,1,9019.00000000,0.4196
1626517267222000,0,8528.22198181,0.4203
1626517267275000,0,174.04534657,0.4203
1626517277392000,0,581.86044520,0.4205
1626517391554000,1,6415.00000000,0.4198
1626517391569000,1,849.66000000,0.4198
1626517605593000,1,296.69047119,0.4193
1626517635985000,1,59.26269360,0.4190
1626517635985000,1,154.08300336,0.4189
1626517635993000,1,0.00000001,0.4189
1626517637212000,1,59.26269360,0.4185
1626517637212000,1,153.73730640,0.4185
1626517637470000,1,0.34569697,0.4185
1626517673876000,0,4700.00000000,0.4190
1626517675550000,0,8890.00000000,0.4190
1626519151635000,0,73.63813000,0.4180
1626519605255000,1,214.31147100,0.4173
1626520028048000,1,5859.00000000,0.4185
1626520028066000,1,327.00000000,0.4185
1626520028067000,1,1300.00000000,0.4185
1626520053247000,0,2047.40336961,0.4187
1626520074475000,0,8921.18582510,0.4189
1626520074579000,0,182.06501684,0.4189
1626520268628000,1,9045.00000000,0.4193
1626520268630000,1,0.89597141,0.4193
1626520560878000,0,337.34797756,0.4190
1626520701581000,0,4700.00000000,0.4185
1626521049838000,0,354.07400000,0.4188
1626521050406000,0,8594.02311617,0.4188
1626521738476000,1,3627.00000000,0.4194
1626521738477000,1,3550.00000000,0.4194
1626522007315000,1,1000.00000000,0.4190
1626522013970000,0,94.07999902,0.4196
1626522014845000,0,8737.26290298,0.4196
1626522069590000,1,125.00000000,0.4194
1626522253893000,0,8657.57898415,0.4201
1626522253893000,0,4700.00000000,0.4202
1626522253893000,0,6004.79060000,0.4202
1626522253893000,0,4390.59411824,0.4202
1626522405879000,1,7016.00000000,0.4190
1626522405900000,1,326.27140000,0.4190
1626522405938000,1,1394.27364662,0.4190
1626522573863000,0,8796.05012581,0.4196
1626522840866000,1,8360.32832641,0.4186
1626522862693000,0,8686.87197271,0.4187
1626523220548000,0,1153.82000000,0.4197
1626523559027000,0,588.00000000,0.4198
1626524141438000,0,236.47152906,0.4208
1626524708122000,0,773.22747800,0.4213
1626524708126000,0,1263.07134610,0.4213
1626525172470000,0,474.00000000,0.4224
1626525172544000,0,0.10859800,0.4224
1626526654248000,0,8388.00000000,0.4212
1626526700119000,1,200.00000000,0.4209
1626526729642000,0,4137.58000000,0.4213
1626526832556000,1,8672.37889132,0.4209
1626526963003000,0,5933.00000000,0.4214
1626526963007000,0,2739.89284398,0.4214
1626527097471000,1,8765.28905171,0.4211
1626527097477000,1,178.88345003,0.4211
1626527176752000,1,3716.14000000,0.4212
1626527452786000,0,1462.00000000,0.4215
1626527452804000,0,7119.92984901,0.4215
1626527747397000,1,4042.00000000,0.4216
1626527747401000,1,4413.81372478,0.4216
1626527857516000,0,70.70000000,0.4213
1626528022302000,0,4427.00000000,0.4212
1626528555611000,1,214.18405592,0.4203
1626528600312000,1,607.00000000,0.4203
1626528600318000,1,8275.67514152,0.4203
1626528607299000,0,9083.32985048,0.4206
1626529463582000,0,1816.30888263,0.4231
1626529465155000,0,1188.18873198,0.4233
1626529465232000,0,65361.81126802,0.4233
1626529485796000,1,9036.00000000,0.4232
1626529522307000,1,64.17453000,0.4240
1626529932548000,0,2334.00000000,0.4222
1626529932569000,0,6613.84725478,0.4222
1626529973733000,0,9178.00000000,0.4223
1626530292510000,1,1815.00000000,0.4230
1626530292525000,1,4198.00000000,0.4230
1626530293378000,0,223.34221718,0.4232
1626530398314000,0,343.32000000,0.4231
1626530867996000,1,4700.00000000,0.4239
1626530867996000,1,52.00000000,0.4239
1626531710172000,1,9054.64200689,0.4233
1626531840109000,0,8192.66950839,0.4238
1626531840129000,0,167.19733691,0.4238
1626532716079000,1,509.25502299,0.4229
1626532716079000,1,1490.74497701,0.4228
1626532988013000,1,4700.00000000,0.4234
1626532988013000,1,362.10258098,0.4233
1626533506511000,0,8626.36638051,0.4236
1626533910539000,1,9128.00000000,0.4234
1626534106333000,1,256.00000000,0.4224
1626534106358000,1,0.46360500,0.4224
1626534189274000,1,222.00000000,0.4222
1626534189320000,1,0.36020400,0.4222
1626534215466000,0,153.35863600,0.4223
1626534815107000,1,888.00000000,0.4221
1626536046917000,0,224.01440860,0.4220
1626536738498000,0,525.19085500,0.4212
1626536741048000,0,302.15335500,0.4212
1626536786451000,0,3750.00000000,0.4219
1626536786452000,0,1830.00000000,0.4219
1626536837626000,1,8942.00000000,0.4218
1626536907677000,1,4700.00000000,0.4214
1626536907677000,1,4233.85060000,0.4213
1626536907677000,1,8354.76441613,0.4213
1626536907677000,1,8614.14904547,0.4213
1626537007699000,0,329.00000000,0.4222
1626537007771000,0,1954.00000000,0.4222
1626537007775000,0,6783.79441672,0.4222
1626537424610000,0,142.49927321,0.4222
1626537424679000,0,175.95261463,0.4222
1626537426035000,0,17773.00000000,0.4222
1626537426185000,0,21058.54811216,0.4222
1626537636606000,1,503.00000000,0.4214
1626537638529000,1,4700.00000000,0.4214
1626537638879000,1,0.82027037,0.4214
1626537695210000,1,147.00000000,0.4216
1626537697608000,1,1004.00000000,0.4216
1626537698489000,1,0.01054776,0.4216
1626538086403000,1,449.73197073,0.4211
1626538192105000,1,1045.03939960,0.4210
1626538387290000,0,2454.00000000,0.4223
1626538531162000,0,3510.00000000,0.4237
1626538531194000,0,999.00000000,0.4237
1626538531257000,0,4694.32609229,0.4237
1626538672926000,1,6276.00000000,0.4235
1626538672927000,1,2776.92569924,0.4235
1626539188068000,1,8792.00000000,0.4239
1626539269931000,0,8610.00000000,0.4244
1626539269944000,0,0.62543686,0.4244
1626539547180000,1,8391.00000000,0.4251
1626539573627000,0,6396.95162267,0.4253
1626539573641000,0,2546.58421476,0.4253
1626540951250000,0,456.62000000,0.4242
1626541540361000,0,125.91000000,0.4230
1626542270815000,1,8680.00000000,0.4224
1626542395693000,0,8988.00000000,0.4220
1626542395736000,0,0.14903117,0.4220
1626542399404000,0,556.00000000,0.4224
1626542399427000,0,4144.00000000,0.4224
1626542476022000,0,4653.00000000,0.4227
1626543224733000,1,8412.00000000,0.4222
1626543289306000,0,8832.00000000,0.4224
1626543530382000,0,714.86401663,0.4231
1626543610932000,0,151.00000000,0.4231
1626543953339000,0,2100.00000000,0.4230
1626544043829000,0,4102.00000000,0.4234
1626544208804000,0,469.30709367,0.4240
1626544510771000,0,45609.00000000,0.4244
1626544551842000,0,2860.86000000,0.4244
1626544663285000,1,8433.05039525,0.4239
1626544664214000,1,265.00000000,0.4237
1626544994340000,0,8948.95771370,0.4237
1626545233289000,1,469.04564536,0.4238
1626545233289000,1,4530.95435464,0.4238
1626545397754000,1,8392.00000000,0.4242
1626545484107000,0,3716.51508700,0.4254
1626546447066000,0,4700.00000000,0.4264
1626546447066000,0,158.12668261,0.4264
1626547169397000,1,8550.00000000,0.4266
1626547385076000,0,1062.00000000,0.4271
1626547385093000,0,1062.00000000,0.4271
1626547386186000,0,6462.00000000,0.4271
1626547510910000,1,8839.00000000,0.4266
1626547674930000,1,414.81845999,0.4261
1626547674930000,1,1037.04614997,0.4261
1626547674930000,1,74.52947504,0.4261
1626547686005000,0,8442.00000000,0.4266
1626547686298000,0,221.00000000,0.4266
1626547686318000,0,0.51188944,0.4266
1626548227553000,1,48.50694368,0.4255
1626548397447000,1,82.13333206,0.4256
1626548485173000,0,932.43516457,0.4269
1626548875254000,1,8643.00000000,0.4277
1626548886370000,1,70.43426594,0.4270
1626549042056000,0,4572.00000000,0.4271
1626549042477000,0,4332.00000000,0.4271
1626549056769000,1,470.90814700,0.4269
1626549130061000,0,4700.00000000,0.4272
1626549130061000,0,4175.19500000,0.4272
1626549130061000,0,4700.00000000,0.4272
1626549130061000,0,3440.22260485,0.4273
1626549249950000,0,110.72407815,0.4269
1626549432346000,0,113.38000000,0.4271
1626549950973000,0,5833.00000000,0.4271
1626550228545000,1,3091.00000000,0.4280
1626550228562000,1,5765.93029350,0.4280
1626550504896000,0,8710.00000000,0.4277
1626551459915000,0,7325.00000000,0.4286
1626551495501000,0,3079.69941907,0.4297
1626551648643000,0,316.00000000,0.4300
1626551652444000,0,0.66000000,0.4300
1626551652444000,0,1994.95294026,0.4303
1626551652444000,0,1423.77921866,0.4303
1626551659105000,1,1009.11399600,0.4309
1626551660652000,1,1053.36831820,0.4309
1626552075678000,1,85.37601000,0.4320
1626552168977000,1,8947.00000000,0.4316
1626552374268000,0,8530.26691912,0.4313
1626553611783000,1,8629.00000000,0.4290
1626553611810000,1,0.81908098,0.4290
1626553648222000,1,1111.43865885,0.4282
1626553701717000,0,8829.15299705,0.4288
1626554123133000,1,8581.00000000,0.4284
1626554123151000,1,0.91693173,0.4284
1626554171030000,0,5260.00000000,0.4287
1626554171051000,0,470.32847078,0.4287
1626554250221000,1,8551.00000000,0.4284
1626554639048000,0,2235.00000000,0.4284
1626554639078000,0,2822.00000000,0.4284
1626554639100000,0,3738.75162861,0.4284
1626554827785000,1,9115.00000000,0.4281
1626555052745000,0,615.00000000,0.4284
1626555052819000,0,615.00000000,0.4284
1626555053095000,0,7443.00000000,0.4284
1626556146791000,1,870.00000000,0.4265
1626556146845000,1,0.11345900,0.4265
1626558703499000,1,6684.00000000,0.4267
1626558703521000,1,826.00000000,0.4267
1626558761064000,0,8579.00000000,0.4268
1626559384372000,1,636.00000000,0.4257
1626559413702000,0,61.64609000,0.4260
1626559622868000,1,3513.00000000,0.4260
1626559622884000,1,5480.20755673,0.4260
1626559899219000,0,6050.00000000,0.4264
1626559899252000,0,759.00000000,0.4264
1626560266772000,0,5899.00000000,0.4265
1626560770709000,1,8959.00000000,0.4257
1626560863116000,1,0.50515300,0.4257
1626560971256000,0,8946.00000000,0.4248
1626561133111000,0,522.83401800,0.4252
1626561465651000,1,1172.00000000,0.4256
1626561465664000,1,7934.45621359,0.4256
1626561722309000,0,4699.00000000,0.4260
1626561722346000,0,3647.68165696,0.4260
1626561806164000,1,8308.00000000,0.4257
1626561806246000,1,0.72281971,0.4257
1626562511396000,0,8356.00000000,0.4259
1626562511397000,0,0.65747405,0.4259
1626562572325000,1,8726.00000000,0.4254
1626563249088000,0,6574.00000000,0.4249
1626563689049000,1,8608.00000000,0.4249
1626563689066000,1,0.11420505,0.4249
1626563903983000,0,1690.00000000,0.4244
1626563903984000,0,728.00000000,0.4244
1626563904575000,0,5934.00000000,0.4244
1626564023752000,1,8478.00000000,0.4246
1626564078440000,0,8460.00000000,0.4247
1626564466198000,0,8572.88011466,0.4244
1626565179975000,0,1115.92014921,0.4235
1626565297077000,1,281.00000000,0.4231
