timestamp ms,type,amount,price
1621728092329000,1,8272.67019135,0.63
1621728094844000,1,41727.32980865,0.63
1621728094844000,1,159.00000000,0.63
1621728097490000,0,989.92930300,0.63
1621728098275000,0,5604.27140000,0.63
1621728144074000,0,2045.79926530,0.63
1621728144094000,0,0.00000001,0.63
1621728169922000,1,7487.44282891,0.63
1621728180507000,1,51.65300000,0.63
1621728180546000,1,0.00085045,0.63
1621728499494000,0,5595.48987623,0.63
1621728499494000,0,7882.08521022,0.63
1621728499494000,0,484.95822278,0.63
1621728726787000,0,51.65300000,0.63
1621728761369000,0,1577.85082233,0.63
1621728881098000,0,5561.06653850,0.64
1621729155157000,0,603.00000000,0.64
1621729202385000,0,73.40904572,0.64
1621729216366000,1,7437.39041488,0.64
1621729548276000,0,140.00000000,0.64
1621729624381000,1,8179.19924531,0.64
1621729822129000,0,50000.00000000,0.65
1621730203625000,0,40.47076900,0.66
1621730364202000,0,7801.00000000,0.66
1621730364256000,0,0.48750059,0.66
1621730371174000,1,1821.28216616,0.66
1621730529383000,0,219.00000000,0.66
1621730937291000,0,159.00000000,0.67
1621731010755000,0,63.00000000,0.67
1621732554650000,1,53.48400000,0.68
1621732554668000,1,0.00043900,0.68
1621732623961000,0,2644.23642324,0.68
1621732623965000,0,2574.03445477,0.68
1621733481150000,0,97.24654700,0.68
1621733515216000,1,40.90800000,0.68
1621733515501000,1,0.00055200,0.68
1621733562870000,1,35.83300000,0.68
1621733563032000,1,0.00032400,0.68
1621733640672000,0,130.22500000,0.68
1621734090977000,1,35.17080500,0.67
1621735187695000,1,7236.97151966,0.67
1621735187702000,1,5290.84124931,0.67
1621735467161000,1,1500.00000000,0.67
1621735494378000,0,1500.00000000,0.67
1621735499224000,1,7907.97219297,0.67
1621736507321000,1,7461.18785515,0.66
1621736736041000,0,1064.57178225,0.66
1621739536744000,0,380.15614663,0.66
1621739644510000,0,7862.00000000,0.65
1621741255872000,0,5385.75776700,0.66
1621741255872000,0,828.25559000,0.66
1621741255872000,0,4698.41081395,0.66
1621741403177000,1,1500.00000000,0.66
1621741531385000,1,5353.96410000,0.66
1621741554471000,1,8006.61157700,0.66
1621741624772000,0,1500.00000000,0.66
1621745893655000,1,7983.72357309,0.65
1621746198626000,0,1385.00000000,0.64
1621746474227000,1,565.21786801,0.64
1621746474355000,1,1500.00000000,0.64
1621746536783000,0,1500.00000000,0.64
1621746561421000,1,47934.78213199,0.64
1621746950655000,0,1378.88685099,0.64
1621747156725000,0,7576.06801719,0.64
1621747244160000,0,799.35449700,0.64
1621747652310000,0,3659.59594270,0.65
1621747967003000,0,69.48063400,0.65
1621747995143000,0,47.98064400,0.65
1621748459547000,1,37.69300000,0.65
1621748459555000,1,0.00090400,0.65
1621748541761000,0,37.69300000,0.65
1621748773150000,1,37.85400000,0.65
1621748773374000,1,0.00066200,0.65
1621748805504000,0,37.85400000,0.65
1621749265642000,0,8003.97586900,0.65
1621749528404000,1,1500.00000000,0.65
1621749971121000,0,1500.00000000,0.65
1621750153151000,0,146.23663366,0.65
1621750470921000,1,7635.18913494,0.65
1621751021812000,0,1721.00000000,0.64
1621751409416000,1,140.00000000,0.64
1621751500229000,0,1718.15059999,0.63
1621751501219000,0,0.00000001,0.63
1621751899357000,0,138.87223794,0.64
1621752206049000,1,61.00000000,0.64
1621753340456000,1,7515.80480690,0.63
1621753458674000,0,72.73541000,0.64
1621753485222000,0,390.55503744,0.64
1621753547924000,0,7814.67352965,0.64
1621753562547000,0,7619.27260907,0.64
1621753625382000,1,131.81967400,0.64
1621753729981000,0,774.62778314,0.64
1621753952260000,0,3687.69264859,0.64
1621754162058000,1,7902.79294062,0.64
1621754366791000,1,159.00000000,0.63
1621754527280000,0,154.00000000,0.63
1621754533287000,0,237.37790253,0.63
1621754689724000,0,85.00000000,0.63
1621755008711000,1,140.00000000,0.63
1621755717241000,0,1495.63879307,0.63
1621756043726000,0,983.42120728,0.63
1621756066175000,0,318.48273606,0.63
1621756271621000,0,188.63068801,0.62
1621756308755000,0,160.27590928,0.62
1621756409875000,1,8600.00000000,0.61
1621756513614000,1,350.00000000,0.62
1621756552296000,1,7405.20409281,0.62
1621756615599000,0,457.19136827,0.62
1621756665039000,0,2479.00000000,0.62
1621756721942000,0,156.00000000,0.62
1621756743222000,0,159.00000000,0.62
1621756879348000,0,381.58339119,0.62
1621756924505000,1,344.99999999,0.61
1621756924507000,1,0.00000001,0.61
1621757011931000,1,885.98313000,0.61
1621757011931000,1,2761.10549568,0.61
1621757093664000,0,211.00000000,0.61
1621757130344000,0,163.06728538,0.61
1621757132963000,0,772.25714845,0.61
1621757461135000,1,5804.69280000,0.60
1621757461135000,1,902.28903000,0.60
1621757461135000,1,2494.09025072,0.60
1621757482956000,1,17931.17500000,0.60
1621757482956000,1,50.00000000,0.60
1621757482956000,1,8183.46666666,0.60
1621757482956000,1,45.65899340,0.60
1621757482956000,1,200.00000000,0.60
1621757482956000,1,7894.18333333,0.60
1621757488350000,1,503.27391911,0.60
1621757488627000,1,81.71450826,0.60
1621757488627000,1,4094.38295976,0.60
1621757502607000,0,867.16799999,0.60
1621757502609000,0,0.00000001,0.60
1621757531121000,1,983.42120728,0.60
1621757630439000,1,8284.98135318,0.60
1621757648251000,1,2560.83099796,0.59
1621757649150000,1,11800.00000000,0.59
1621757696871000,0,8030.31085217,0.59
1621757714454000,0,138.01388446,0.59
1621757732586000,1,121.67400000,0.59
1621757732665000,1,0.00095994,0.59
1621757761201000,1,13920.00000000,0.59
1621757777454000,1,551.02916875,0.59
1621757921175000,1,166.77868800,0.60
1621757923059000,0,414.26229016,0.60
1621757961008000,0,224.03532821,0.60
1621757961608000,0,121.67400000,0.60
1621757961644000,0,158.42602800,0.60
1621758149008000,0,9424.70890924,0.60
1621758149951000,0,51.07167625,0.60
1621758150129000,0,32628.92832375,0.60
1621758250868000,0,3618.50832859,0.60
1621758364282000,0,1000.00000000,0.60
1621758411477000,0,49.55057019,0.60
1621758424629000,0,82.77935004,0.60
1621758575453000,0,250.00000000,0.60
1621758608633000,1,160.00000000,0.60
1621758688368000,1,2509.93761319,0.60
1621758719117000,0,832.39027073,0.60
1621758936976000,1,6600.77977092,0.58
1621758936976000,1,3914.04486260,0.58
1621758936983000,1,2084.67653740,0.58
1621758936983000,1,909.00000000,0.58
1621758936983000,1,6067.30546769,0.58
1621759024265000,1,1500.00000000,0.59
1621759066913000,0,100.00000000,0.59
1621759259340000,1,1426.31926300,0.59
1621759263710000,1,621.88485600,0.59
1621759286391000,0,81.00000000,0.59
1621759338932000,1,8259.54055779,0.58
1621759383860000,0,1500.00000000,0.59
1621759384050000,0,6780.00000000,0.59
1621759423084000,0,849.99818899,0.59
1621759516045000,0,322.28351033,0.59
1621759541547000,0,256.58665157,0.58
1621759581231000,1,1685.72881355,0.58
1621759581231000,1,1097.31034482,0.58
1621759581231000,1,500.00000000,0.58
1621759581231000,1,172.00000000,0.58
1621759581542000,1,784.86117345,0.58
1621759593134000,1,3155.53043478,0.57
1621759598231000,0,189.37031621,0.57
1621759598318000,0,78.41486640,0.57
1621759600419000,0,1148.80632963,0.58
1621759650526000,1,934.68421052,0.57
1621759684849000,1,1120.70997218,0.57
1621759684998000,1,4247.90124611,0.57
1621759694952000,1,5083.13973906,0.57
1621759719970000,1,2179.80451862,0.57
1621759719970000,1,7996.21424533,0.57
1621759720986000,1,250.00000000,0.57
1621759735018000,1,2853.33455337,0.56
1621759735022000,1,0.00000001,0.56
1621759760259000,0,2674.78966275,0.56
1621759767299000,0,32360.00000000,0.55
1621759767753000,0,260.00000000,0.56
1621759794024000,1,2698.98734177,0.55
1621759794024000,1,6381.88867252,0.55
1621759794024000,1,2296.38701024,0.55
1621759811183000,1,6324.36002158,0.56
1621759811183000,1,8314.46780568,0.56
1621759811183000,1,953.72683564,0.56
1621759837217000,1,1473.91397598,0.56
1621759847234000,0,7950.79493326,0.56
1621759847234000,0,1723.20506674,0.56
1621759847307000,0,6477.45591325,0.56
1621759847307000,0,1473.91392225,0.56
1621759877951000,0,88.70306315,0.56
1621759913079000,0,169.67145318,0.56
1621759974113000,0,456.94939593,0.57
1621759986058000,1,474.83844899,0.56
1621759991092000,0,180.00000000,0.56
1621759999131000,1,1090.54225766,0.56
1621759999277000,1,10349.45774234,0.56
1621760024047000,1,2811.24381900,0.55
1621760027704000,1,783.48999600,0.55
1621760027774000,1,783.48999300,0.55
1621760035648000,1,5081.05071571,0.56
1621760111264000,1,8185.16167516,0.56
1621760156520000,1,975.33935000,0.56
1621760156520000,1,189.17245000,0.56
1621760175380000,1,419.73064800,0.56
1621760176187000,1,251.42240000,0.56
1621760176327000,1,588.20991583,0.56
1621760222590000,0,1847.51541223,0.55
1621760222979000,0,41440.00000000,0.55
1621760223082000,0,2005.25067419,0.55
1621760236771000,1,3084.71920288,0.55
1621760236791000,1,0.00000001,0.55
1621760243746000,1,2329.04392042,0.55
1621760243774000,1,969.91062503,0.55
1621760243774000,1,1157.16363636,0.55
1621760243774000,1,884.96406323,0.55
1621760243868000,1,115.03593676,0.55
1621760243897000,1,0.00000001,0.55
1621760244458000,1,3101.00000000,0.55
1621760245054000,1,0.56648451,0.55
1621760245054000,1,1195.41876758,0.55
1621760254187000,1,2662.69923346,0.55
1621760270021000,0,1216.18815900,0.55
1621760270097000,0,1606.58788931,0.55
1621760270421000,0,3211.94083147,0.55
1621760270527000,0,802.72804256,0.55
1621760318232000,0,7761.00000000,0.56
1621760346562000,0,0.09797752,0.56
1621760347907000,0,465.00000000,0.56
1621760348797000,0,0.95244900,0.56
1621760359282000,0,5157.60888348,0.56
1621760359404000,0,938.27397622,0.56
1621760359521000,0,29824.11714030,0.56
1621760360028000,0,7520.00000000,0.56
1621760360064000,0,1767.26626694,0.56
1621760360495000,0,26632.00000000,0.56
1621760362331000,0,7520.73373306,0.56
1621760382514000,0,44.11966189,0.57
1621760406218000,0,7796.00000000,0.56
1621760411925000,0,7796.00000000,0.57
1621760429851000,0,1359.97489432,0.57
1621760429851000,0,385.00253539,0.57
1621760435417000,0,385.00253539,0.57
1621760435495000,0,589.52043461,0.57
1621760435590000,1,1500.00000000,0.57
1621760444270000,1,406.86208872,0.57
1621760444492000,1,543.70684127,0.57
1621760449027000,0,253.00000000,0.57
1621760455756000,1,2985.70357100,0.57
1621760456147000,0,386.99900000,0.57
1621760456266000,0,0.00098500,0.57
1621760456769000,0,845.32756463,0.57
1621760514293000,0,1113.00100000,0.56
1621760514587000,0,7277.00000000,0.56
1621760535509000,1,3598.34226559,0.57
1621760540228000,1,388.00000000,0.57
1621760545971000,0,165.83456430,0.57
1621760569826000,0,760.03803700,0.57
1621760571612000,1,5992.20120795,0.57
1621760571612000,1,4750.71412771,0.57
1621760571995000,1,6195.25120000,0.57
1621760637385000,0,319.66665100,0.57
1621760640463000,1,3278.16764700,0.57
1621760643444000,1,1500.00000000,0.57
1621760643568000,1,13380.00000000,0.57
1621760649943000,0,1500.00000000,0.57
1621760655766000,0,3000.00000000,0.57
1621760677622000,0,1275.15333800,0.57
1621760677622000,0,798.61523644,0.57
1621760689233000,0,141.32952902,0.57
1621760704140000,1,1500.00000000,0.57
1621760704646000,1,1150.66387172,0.57
1621760704648000,1,2052.87873612,0.57
1621760704650000,1,2056.13414426,0.57
1621760704815000,1,2056.65290183,0.57
1621760704817000,1,743.67034607,0.57
1621760705318000,1,13120.00000000,0.57
1621760877850000,0,309.00000000,0.56
1621760890890000,1,1079.64177849,0.56
1621760964582000,1,10600.00000000,0.56
1621760971023000,0,258.00000000,0.56
1621761012745000,1,6260.01620000,0.56
1621761012745000,1,6294.40853395,0.56
1621761012850000,0,34199.00000000,0.56
1621761012862000,0,62803.02730754,0.56
1621761012905000,0,24679.76795851,0.56
1621761012950000,0,8857.70890924,0.56
1621761025332000,1,9424.70890924,0.56
1621761025332000,1,6286.09174048,0.56
1621761025332000,1,6293.41899861,0.56
1621761025332000,1,4208.93707377,0.56
1621761044576000,0,88.02880549,0.57
1621761095499000,1,13840.00000000,0.57
1621761101496000,1,2984.96532495,0.57
1621761138479000,1,829.02863873,0.56
1621761138511000,1,212.71113555,0.56
1621761138511000,1,1055.68399612,0.56
1621761138611000,1,3182.58425316,0.56
1621761138673000,1,2318.11291603,0.56
1621761138673000,1,1041.73977534,0.56
1621761145074000,0,8173.87440000,0.56
1621761145074000,0,9336.68010375,0.56
1621761145074000,0,8579.05557247,0.56
1621761145074000,0,176.26456321,0.56
1621761183242000,0,2152.97992995,0.56
1621761183488000,0,754.49807099,0.56
1621761292485000,1,8165.47596127,0.55
1621761315081000,0,958.33196134,0.56
1621761324485000,1,9424.70890924,0.55
1621761324485000,1,14440.00000000,0.55
1621761324485000,1,978.25774000,0.55
1621761324485000,1,1396.54903146,0.55
1621761362827000,0,451.94713032,0.55
1621761388794000,1,5379.09744533,0.55
1621761388949000,1,8700.90255467,0.55
1621761433010000,1,760.11031048,0.56
1621761490236000,0,52.00000000,0.56
1621761516108000,0,1500.00000000,0.56
1621761569301000,0,883.68106571,0.56
1621761570279000,1,500.00000000,0.56
1621761571706000,1,1500.00000000,0.56
1621761572037000,1,435.68106571,0.56
1621761572037000,1,1675.50483965,0.56
1621761572519000,1,9044.49516035,0.56
1621761603747000,0,1500.00000000,0.56
1621761604313000,0,673.82373382,0.56
1621761665048000,0,795.31353599,0.56
1621761665109000,0,0.00000001,0.56
1621761670861000,1,1499.99998227,0.56
1621761670891000,1,0.00001773,0.56
1621761670891000,1,3091.87354927,0.56
1621761671696000,0,795.31353600,0.57
1621761689274000,0,2107.16404900,0.56
1621761724015000,1,398.80500000,0.56
1621761724052000,1,0.00072422,0.56
1621761828558000,0,398.80500000,0.56
1621761838439000,1,3159.00000000,0.56
1621761845455000,0,9720.00000000,0.56
1621761972283000,0,649.50677872,0.56
1621762016696000,0,5775.12409972,0.56
1621762068132000,0,1693.42459011,0.57
1621762070071000,0,14479.99996481,0.57
1621762071852000,0,6207.89024070,0.57
1621762181668000,0,1914.39510986,0.57
1621762181686000,0,6433.17362785,0.57
1621762204440000,0,873.64117512,0.57
1621762210901000,1,180.00000000,0.57
1621762212062000,0,180.00000000,0.57
1621762272585000,0,85.00000000,0.57
1621762295976000,0,342.00000000,0.57
1621762300876000,0,4183.62730210,0.57
1621762384749000,1,615.06602291,0.56
1621762385270000,0,602.51365519,0.56
1621762398401000,0,57.00000000,0.56
1621762438066000,0,1186.29853747,0.56
1621762438084000,0,7307.76919665,0.56
1621762448847000,1,1000.34587148,0.56
1621762496951000,1,1500.00000000,0.56
1621762497572000,1,1621.70590147,0.56
1621762497777000,1,13720.00000000,0.56
1621762497777000,1,6924.00000000,0.56
1621762504522000,0,2522.07686026,0.56
1621762504617000,0,1500.00000000,0.56
1621762505259000,0,671.09527649,0.56
1621762505310000,0,381.45508009,0.56
1621762505442000,0,1254.88231882,0.56
1621762505481000,0,870.23021190,0.56
1621762505501000,0,774.45004033,0.56
1621762505503000,0,195.38096986,0.56
1621762565248000,0,4122.05177295,0.57
1621762576137000,0,13320.00000000,0.57
1621762655687000,1,885.72732291,0.57
1621762657757000,1,13194.00000000,0.57
1621762657912000,1,0.27267709,0.57
1621762669771000,1,3156.91212911,0.57
1621762689239000,0,855.00000000,0.57
1621762713628000,1,1500.00000000,0.56
1621762779983000,0,165.96267359,0.57
1621762835378000,0,249.70684888,0.57
1621762934224000,0,759.10491646,0.57
1621763060110000,0,2393.05592405,0.56
1621763060209000,0,1252.87241100,0.56
1621763106302000,0,1500.00000000,0.56
1621763106309000,0,13820.00000000,0.56
1621763152290000,1,965.00000000,0.56
1621763153411000,0,883.97938913,0.56
1621763229764000,1,312.69932457,0.56
1621763336910000,1,9112.00958467,0.55
1621763336910000,1,1570.98958870,0.55
1621763342972000,1,466.90702135,0.55
1621763343114000,1,1975.75140229,0.55
1621763343120000,1,1557.34157636,0.55
1621763401996000,1,396.12993818,0.55
1621763410816000,0,359.81879328,0.55
1621763574260000,1,5445.57366067,0.55
1621763574261000,1,930.59092474,0.55
1621763619806000,1,5653.64969286,0.55
1621763640752000,0,123.27838827,0.55
1621763644536000,0,92.79853807,0.55
1621763644538000,0,307.01805406,0.55
1621763735416000,1,8613.73727278,0.55
1621763735416000,1,6393.71683080,0.55
1621763735416000,1,6369.37050000,0.55
1621763735416000,1,6398.37885424,0.55
1621763735416000,1,18254.62018334,0.55
1621763783417000,1,1500.00000000,0.55
1621763783475000,1,1116.62357533,0.55
1621763822518000,0,771.04900000,0.55
1621763863953000,0,771.04999499,0.55
1621763863960000,0,0.00000001,0.55
1621764056563000,0,8941.61172769,0.56
1621764056563000,0,1574.16953497,0.56
1621764282660000,0,6064.14234909,0.56
1621764341453000,0,728.95100000,0.56
1621764431166000,0,129.00000000,0.56
1621764436788000,0,503.32272549,0.56
1621764483314000,0,979.77580000,0.56
1621764554438000,0,335.26881129,0.56
1621764587124000,0,130.62557858,0.56
1621764600336000,1,1213.08085580,0.56
1621764616485000,0,1213.08085580,0.56
1621764616488000,0,979.77580000,0.56
1621764713916000,1,1500.00000000,0.56
1621764824998000,1,772.13880183,0.56
1621764884918000,0,44.34570138,0.56
1621764979918000,0,84.35122786,0.56
1621765034013000,0,1500.00000000,0.57
1621765141462000,0,412.57425932,0.57
1621765144844000,1,1500.00000000,0.57
1621765187405000,1,1389.52960538,0.57
1621765187408000,1,138.11903665,0.57
1621765217703000,0,413.13685075,0.57
1621765270296000,0,1701.00000000,0.57
1621765391012000,0,311.59200000,0.57
1621765394890000,0,0.00048688,0.57
1621765397949000,1,5071.56688423,0.57
1621765487889000,0,175.10645149,0.57
1621765514650000,0,311.64295951,0.57
1621765514650000,0,545.35704049,0.57
1621765609050000,0,1188.40800000,0.57
1621765797327000,1,882.69590000,0.57
1621765808427000,1,160.00000000,0.57
1621765809545000,0,160.00000000,0.57
1621765818855000,0,874.20321427,0.57
1621765871025000,1,4470.17901927,0.57
1621765871025000,1,490.44098073,0.57
1621765951129000,0,111.67190202,0.57
1621766004258000,0,216.04297299,0.57
1621766004285000,0,0.00000001,0.57
1621766105285000,0,253.37814407,0.58
1621766115403000,0,315.39359836,0.58
1621766123892000,0,9424.70890924,0.58
1621766123892000,0,6075.29109076,0.58
1621766141292000,0,6157.27163625,0.58
1621766141292000,0,3406.00551847,0.58
1621766149107000,1,2344.68776723,0.58
1621766149886000,1,1226.30467200,0.58
1621766149911000,1,0.00000001,0.58
1621766472674000,0,165.27495891,0.57
1621766640990000,0,1752.88249145,0.57
1621766657049000,0,82.53502139,0.57
1621766659057000,0,50.00000000,0.57
1621766803557000,0,953.19829000,0.57
1621766803557000,0,8306.31779578,0.57
1621766803557000,0,6193.98754798,0.57
1621766803557000,0,4897.13100000,0.57
1621766803557000,0,9071.00000000,0.58
1621766803557000,0,2465.54091137,0.58
1621766814950000,0,522.24965884,0.57
1621767008318000,0,10901.39317423,0.57
1621767276167000,0,710.34611477,0.57
1621767875217000,0,2509.00000000,0.57
1621767958870000,1,1270.30313035,0.57
1621768035366000,0,340.00000000,0.57
1621768287637000,1,8494.40577889,0.57
1621768290220000,0,1662.57497889,0.57
1621768342769000,0,7762.13393035,0.57
1621768342769000,0,8733.86606965,0.57
1621768396342000,0,6246.13215270,0.57
1621768396347000,0,274.96610000,0.57
1621768396347000,0,6241.98651130,0.57
1621768512780000,1,9424.00000000,0.56
1621768579127000,0,177.53084855,0.56
1621768863159000,0,7604.00000000,0.56
1621769088944000,0,111.00000000,0.57
1621769408849000,1,160.00000000,0.57
1621769497735000,0,167.85765528,0.56
1621769506736000,0,167.67305236,0.56
1621769533849000,0,430.00000000,0.56
1621769636570000,0,4321.16516292,0.56
1621769814757000,0,128.00000000,0.57
1621769894087000,1,394.00000000,0.56
1621770362972000,1,247.90057402,0.56
1621770759799000,1,8034.70890924,0.56
1621770759880000,1,8403.15414417,0.56
1621770767015000,1,196.00000000,0.56
1621770826657000,1,4.00000000,0.56
1621770843331000,0,174.00000000,0.56
1621770846113000,0,8895.00000000,0.56
1621771001042000,1,8639.64605707,0.56
1621771015109000,0,1689.64810081,0.56
1621771016607000,0,176.04516905,0.57
1621771084763000,0,8620.00000000,0.56
1621771252305000,1,5721.00000000,0.55
1621771299641000,1,1128.59282228,0.56
1621771304928000,0,1111.02267774,0.56
1621771427715000,0,6370.59490204,0.56
1621771434668000,0,9248.00000000,0.56
1621771446218000,0,8409.00000000,0.56
1621771446794000,0,4498.92999374,0.56
1621771451299000,0,575.32302571,0.56
1621771536246000,0,222.07566639,0.55
1621771659050000,1,234.44634849,0.55
1621771675338000,1,1111.02267774,0.55
1621771681606000,0,964.61252000,0.55
1621771681606000,0,136.86534141,0.55
1621771689085000,1,351.66952273,0.55
1621771710186000,1,1101.47786141,0.55
1621771715752000,0,1090.28155603,0.55
1621771938974000,0,175.00000000,0.55
1621772024025000,0,117.00000000,0.55
1621772223076000,0,1392.00000000,0.56
1621772277775000,1,560.00000000,0.55
1621772374088000,1,100.00000000,0.56
1621772397498000,0,35.66078308,0.56
1621772413012000,0,3459.28015056,0.56
1621772413012000,0,5133.71984944,0.56
1621772422459000,1,9424.70890924,0.56
1621772497675000,1,51.97534600,0.55
1621772497675000,1,6340.07470000,0.55
1621772497675000,1,6403.39265771,0.55
1621772497675000,1,7204.55729629,0.55
1621772547357000,1,48.17192940,0.55
1621772547417000,1,0.98310060,0.55
1621772557734000,1,48.17083180,0.55
1621772562672000,1,45.25983588,0.55
1621772576157000,1,43.39567300,0.55
1621772623225000,0,40.72208000,0.54
1621772636347000,1,908.99999999,0.54
1621772636352000,1,0.00000001,0.54
1621772640200000,1,165.00000000,0.54
1621772640200000,1,146.09178329,0.54
1621772640204000,1,18.90821671,0.54
1621772668557000,0,9383.98682924,0.54
1621772668557000,0,6466.32370000,0.54
1621772668557000,0,6530.38821959,0.54
1621772668557000,0,9093.82030309,0.55
1621772668557000,0,2777.00000000,0.55
1621772668557000,0,909.00000000,0.55
1621772668557000,0,9071.00000000,0.55
1621772668557000,0,985.12487000,0.55
1621772668557000,0,5676.62562491,0.55
1621772689598000,1,536.38218923,0.54
1621772697844000,1,206.14814398,0.53
1621772722430000,0,1857.79498437,0.54
1621772764923000,1,8617.00000000,0.54
1621772792353000,0,923.53050044,0.54
1621772825082000,1,909.00000000,0.54
1621772845258000,1,909.00000000,0.53
1621772846124000,1,359.80411156,0.53
1621772846124000,1,549.19588844,0.53
1621772846124000,1,5204.15697132,0.53
1621772854510000,0,8602.46949956,0.54
1621772854510000,0,5656.61084777,0.54
1621772854510000,0,4288.55328293,0.54
1621772855275000,1,35258.97169810,0.53
1621772862961000,0,2023.92354316,0.53
1621772863697000,0,2505.83886360,0.53
1621772863746000,0,595.39313395,0.53
1621772869748000,0,1884.65247423,0.53
1621772872929000,1,8878.46326786,0.53
1621772910501000,0,1903.07769710,0.52
1621772914637000,1,50.00000000,0.52
1621772988380000,0,215.50585493,0.53
1621773010622000,1,180.00000000,0.52
1621773063579000,0,945.13324620,0.53
1621773075877000,0,141.89508109,0.53
1621773147345000,1,1090.28155603,0.53
1621773151801000,0,1080.42869586,0.53
1621773187454000,1,5367.27807165,0.53
1621773207200000,0,89.29806529,0.53
1621773211878000,0,163.47507300,0.53
1621773211878000,0,18.52492700,0.53
1621773233321000,1,3886.10290442,0.53
1621773233321000,1,8525.71445379,0.53
1621773254185000,0,866.00000000,0.53
1621773335641000,1,1036.38183880,0.52
1621773335643000,1,5373.17208013,0.52
1621773335948000,1,993.71036861,0.52
1621773335987000,1,47025.63862506,0.52
1621773345188000,0,1095.35560748,0.52
1621773392507000,0,196.48829127,0.51
1621773399077000,1,4892.37105314,0.51
1621773408391000,1,1095.35560748,0.51
1621773408391000,1,9380.70400931,0.51
1621773409045000,1,183.00000000,0.51
1621773409489000,1,0.18571905,0.51
1621773459242000,1,1070.59718000,0.51
1621773460284000,1,142.00000000,0.51
1621773461497000,1,0.47083670,0.51
1621773461762000,1,188.55445544,0.51
1621773479018000,1,180.00000000,0.50
1621773480383000,1,271.72911092,0.50
1621773480578000,1,0.00003159,0.50
1621773487743000,1,1080.42869586,0.50
1621773491889000,0,1073.61600459,0.50
1621773494361000,1,275.00000000,0.50
1621773495943000,1,1049.00000000,0.50
1621773496595000,1,760.63744000,0.50
1621773496911000,1,190.36256000,0.50
1621773499191000,1,1073.61596769,0.50
1621773499280000,1,0.00003690,0.50
1621773499280000,1,1319.01696310,0.50
1621773499755000,1,4445.70870229,0.50
1621773504537000,1,54.00000000,0.50
1621773505073000,1,4382.09433461,0.50
1621773505073000,1,1095.00000000,0.50
1621773505073000,1,2000.00000000,0.50
1621773505073000,1,1708.90566539,0.50
1621773507263000,1,3266.21433461,0.50
1621773507263000,1,7141.94000000,0.50
1621773507263000,1,259.52000000,0.50
1621773507263000,1,50.00000000,0.50
1621773507263000,1,2000.00000000,0.50
1621773507263000,1,70.33450840,0.50
1621773507263000,1,56061.76000000,0.50
1621773507263000,1,199.00000000,0.50
1621773507263000,1,50.00000000,0.50
1621773507263000,1,120.00000000,0.50
1621773507263000,1,21970.23115699,0.50
1621773508695000,0,3936.38549776,0.51
1621773510936000,1,0.02884301,0.50
1621773512548000,0,1500.00000000,0.50
1621773512561000,0,1878.67116155,0.50
1621773523787000,0,2842.12127197,0.50
1621773523787000,0,1882.81093835,0.50
1621773542859000,1,3265.79273656,0.50
1621773548480000,0,2107.69906655,0.51
1621773548480000,0,5375.44498649,0.51
1621773548480000,0,2360.76681881,0.51
1621773601630000,1,1500.00000000,0.50
1621773602564000,0,887.43505496,0.50
1621773611778000,0,1035.09429000,0.51
1621773611778000,0,6948.15140000,0.51
1621773611778000,0,703.65742247,0.51
1621773611778000,0,702.69843801,0.51
1621773611778000,0,494.69032813,0.51
1621773614508000,0,222.17332942,0.51
1621773653512000,0,7026.31270000,0.50
1621773653512000,0,1408.17508629,0.50
1621773653512000,0,1407.02088780,0.50
1621773653512000,0,70.93009550,0.51
1621773679289000,1,1343.21961494,0.50
1621773679782000,1,2353.23293172,0.50
1621773694603000,0,95.14558525,0.50
1621773704480000,0,6006.04332746,0.50
1621773704480000,0,3910.87630501,0.50
1621773741852000,0,7035.90598849,0.50
1621773741852000,0,2862.54173577,0.50
1621773789376000,1,75.00000000,0.50
1621773789376000,1,8901.04719159,0.50
1621773796946000,0,180.14572227,0.50
1621773823701000,0,7162.15010000,0.49
1621773824840000,0,653.79658830,0.49
1621773824845000,0,6529.74601170,0.49
1621773825465000,0,7176.39300000,0.49
1621773840029000,0,7157.44965786,0.50
1621773840029000,0,1080.08422000,0.50
1621773840029000,0,1808.26962325,0.50
1621773849462000,0,473.67332900,0.50
1621773850109000,0,6412.56404839,0.50
1621773854997000,0,94.89364948,0.50
1621773861110000,1,4504.53249560,0.49
1621773878392000,1,156.80000000,0.49
1621773879653000,1,3.20000000,0.49
1621773915507000,0,720.49763597,0.50
1621773915507000,0,720.59050288,0.50
1621773915507000,0,8538.45013960,0.50
1621773930247000,0,597.94771844,0.50
1621773980344000,0,262.10243855,0.51
1621774001669000,0,1832.70702625,0.52
1621774014636000,1,1066.00000000,0.51
1621774017574000,1,9062.11185725,0.51
1621774017913000,1,12656.00000000,0.51
1621774069717000,0,100.00000000,0.51
1621774111433000,0,1080.08422000,0.51
1621774111433000,0,569.17209700,0.51
1621774111433000,0,198.04537610,0.51
1621774194813000,0,207.76700000,0.51
1621774200357000,1,1061.90386000,0.51
1621774226178000,0,95.00000000,0.51
1621774233495000,0,184.87289511,0.51
1621774255032000,0,6893.44510000,0.51
1621774255032000,0,2773.61877269,0.51
1621774255032000,0,332.93612731,0.52
1621774264792000,1,9142.00000000,0.51
1621774273716000,0,379.00000000,0.51
1621774280121000,1,8924.00000000,0.51
1621774313467000,1,711.93612731,0.50
1621774313467000,1,815.71251472,0.50
1621774313964000,1,164.10634150,0.50
1621774313964000,1,909.00000000,0.50
1621774313964000,1,802.75133305,0.50
1621774358198000,0,9424.70890924,0.50
1621774358198000,0,9414.36785975,0.50
1621774377614000,1,1291.59572845,0.51
1621774383961000,1,1777.38215206,0.51
1621774394127000,1,8118.32300000,0.50
1621774394127000,1,3710.68783823,0.50
1621774424745000,0,187.37211837,0.50
1621774464069000,0,250.00000000,0.50
1621774489170000,1,1000.00000000,0.50
1621774526467000,0,369.82591000,0.50
1621774530775000,0,711.46999600,0.50
1621774560611000,0,143.00000000,0.51
1621774626516000,0,170.54824284,0.51
1621774663847000,0,718.91999900,0.51
1621774751654000,0,993.06498884,0.51
1621774794460000,0,315.74045653,0.51
1621774814961000,0,518.64833829,0.51
1621774819946000,0,92.18044584,0.51
1621774833076000,0,240.59575463,0.51
1621774851609000,0,723.22999100,0.51
1621774905822000,0,192.00000000,0.51
1621774966454000,0,575.00000000,0.51
1621775028643000,1,980.00000000,0.50
1621775029224000,1,20.00000000,0.50
1621775037457000,0,221.66497099,0.50
1621775037554000,0,0.00000001,0.50
1621775050409000,0,710.23999500,0.50
1621775102411000,0,312.00671399,0.50
1621775102424000,0,312.00671399,0.50
1621775102475000,0,163.00404554,0.50
1621775102620000,0,312.00671400,0.50
1621775102620000,0,1689.89727836,0.50
1621775102738000,0,312.00671399,0.50
1621775102740000,0,286.66865325,0.50
1621775142733000,0,205.00000000,0.50
1621775202642000,0,3279.92147609,0.50
1621775202718000,0,1292.23300000,0.50
1621775202724000,0,2234.14937455,0.50
1621775202747000,0,256.03304936,0.50
1621775286551000,1,4352.88293616,0.49
1621775312491000,1,4171.00000000,0.49
1621775318500000,1,903.00000000,0.49
1621775331564000,1,175.83476136,0.49
1621775340067000,1,122.14667364,0.49
1621775360506000,0,195.00000000,0.50
1621775441632000,1,43.95869034,0.50
1621775443577000,1,734.72060910,0.50
1621775443577000,1,1095.27939090,0.50
1621775475061000,0,193.00000000,0.50
1621775539120000,0,2626.26827856,0.50
1621775539130000,0,618.48640645,0.50
1621775539138000,0,3635.83017606,0.50
1621775539158000,0,236.12573893,0.50
1621775585714000,0,1857.46468465,0.50
1621775594274000,1,4595.57126614,0.50
1621775594274000,1,8524.18657426,0.50
1621775614343000,0,9415.77663589,0.50
1621775653291000,1,2639.00000000,0.50
1621775711465000,1,10515.78126266,0.50
1621775714483000,0,96.00000000,0.50
1621775744719000,1,903.00000000,0.50
1621775930898000,1,294.66437103,0.50
1621775947570000,1,902.99999999,0.50
1621775947571000,1,0.00000001,0.50
1621775973635000,0,1409.61623594,0.50
1621775973635000,0,1096.20325000,0.50
1621775973635000,0,1408.40286050,0.50
1621776029789000,1,616.17473947,0.50
1621776041099000,0,7681.72590000,0.50
1621776041099000,0,318.27410000,0.50
1621776054821000,1,6477.61929088,0.50
1621776054887000,1,132.19631206,0.50
1621776097804000,0,60.04978877,0.50
1621776191602000,1,2639.00000000,0.49
1621776191602000,1,8639.79238355,0.49
1621776240779000,0,1695.31846134,0.50
1621776255386000,1,2354.92527553,0.50
1621776255557000,1,1322.38305271,0.50
1621776315713000,0,401.00000000,0.50
1621776339936000,1,296.59441045,0.50
1621776339975000,1,0.00000001,0.50
1621776404627000,0,626.00186456,0.50
1621776407069000,0,627.22762522,0.50
1621776647974000,0,3023.36681282,0.50
1621776665303000,0,284.30991337,0.50
1621776706289000,0,1893.88048966,0.50
1621776718949000,1,3734.59370948,0.50
1621776797599000,0,2028.07116310,0.49
1621776807080000,0,689.17560899,0.49
1621776923100000,0,7151.34196558,0.49
1621776923158000,0,7070.73498913,0.49
1621776923185000,0,1100.11114000,0.49
1621776923350000,0,1100.78053000,0.49
1621776923441000,0,622.94228389,0.49
1621776923462000,0,1067.46094019,0.49
1621776923555000,0,71511.50049015,0.49
1621776923642000,0,34199.00000000,0.49
1621776923663000,0,6447.77242037,0.49
1621776923913000,0,1100.28956000,0.49
1621776923993000,0,8621.00124569,0.49
1621776993730000,0,102.00000000,0.50
1621777031904000,0,8935.49354373,0.50
1621777033013000,0,98.00000000,0.50
1621777058425000,0,390.00000000,0.49
1621777064564000,1,1500.00000000,0.49
1621777065032000,1,8791.77387200,0.49
1621777065032000,1,2139.32947777,0.49
1621777065032000,1,7070.75527180,0.49
1621777085862000,0,3461.05012994,0.50
1621777085863000,0,120.81960629,0.50
1621777117499000,0,95.07881713,0.50
1621777181242000,0,49.93062077,0.50
1621777384641000,1,2589.00000000,0.50
1621777385257000,1,0.77640943,0.50
1621777385257000,1,9029.98100575,0.50
1621777393529000,1,2586.00000000,0.50
1621777393580000,1,0.80527698,0.50
1621777416287000,0,5000.79861713,0.50
1621777418831000,0,100.01597235,0.50
1621777419510000,0,2.04114229,0.50
1621777510155000,0,9312.49766430,0.50
1621777528279000,0,2798.67456046,0.51
1621777528300000,0,0.00000001,0.51
1621777537041000,0,849.87696732,0.51
1621777537310000,0,1500.00000000,0.51
1621777539516000,0,925.92187285,0.51
1621777557931000,0,648.28226716,0.51
1621777772272000,1,3030.00301200,0.51
1621777809413000,0,564.00000000,0.52
1621777966366000,0,4117.76875660,0.52
1621777966366000,0,5997.78622919,0.52
1621778036999000,0,3430.85957708,0.52
1621778390229000,1,42.90198800,0.51
1621778399118000,0,6842.57000000,0.51
1621778399118000,0,2757.36831797,0.51
1621778399118000,0,2574.58539380,0.51
1621778446693000,0,201.00000000,0.51
1621778447085000,1,1543.03196820,0.51
1621778447085000,1,56.96803180,0.51
1621778462335000,0,164.00000000,0.51
1621778480260000,1,728.00000000,0.51
1621778529104000,0,9424.00000000,0.51
1621778616286000,0,304.00000000,0.51
1621778811846000,0,95.00000000,0.51
1621778844356000,0,95.00000000,0.52
1621778859723000,0,91.49166650,0.52
1621778898669000,1,334.61997424,0.51
1621778967202000,0,1016.06570512,0.51
1621779010847000,0,69187.26348527,0.51
1621779298937000,1,3300.29596080,0.51
1621779308131000,0,19342.73651473,0.51
1621779403885000,1,6001.22995842,0.51
1621779414511000,0,8870.00000000,0.51
1621779494470000,1,1500.00000000,0.51
1621779582224000,0,378.71076206,0.50
1621779773462000,0,1397.17200000,0.51
1621779825509000,0,184.88012673,0.51
1621779835813000,0,102.82800000,0.51
1621779859295000,0,101.00000000,0.51
1621779914379000,1,44.32008800,0.51
1621779972263000,0,1294.09370519,0.51
1621779972280000,0,1378.57763904,0.51
1621779972799000,0,304.72277514,0.51
1621779972801000,0,2499.93925477,0.51
1621779975006000,0,101.13122255,0.51
1621780146857000,0,188.00000000,0.51
1621780224095000,0,376.00000000,0.51
1621780225866000,1,8916.00000000,0.51
1621780424925000,1,1200.00000000,0.51
1621780437793000,0,8756.97516827,0.51
1621780488659000,0,1200.00000000,0.51
1621780556669000,0,741.49285196,0.51
1621780655853000,1,1151.67505947,0.51
1621780699251000,0,8906.78295514,0.51
1621780763937000,0,184.17769464,0.51
1621780826680000,0,1200.00000000,0.51
1621780828435000,0,94.00000000,0.51
1621780899299000,0,1293.54431011,0.52
1621780925577000,0,90.78345050,0.52
1621780926942000,0,363.14079637,0.52
1621780934504000,1,4347.63484459,0.52
1621780945741000,0,5281.40553483,0.53
1621780948705000,0,3689.37912754,0.53
1621780948705000,0,1063.06609000,0.53
1621780948705000,0,6842.92920564,0.53
1621780948976000,0,374.85619436,0.53
1621780948976000,0,6725.80587019,0.53
1621780948976000,0,6722.80395510,0.53
1621780951106000,0,536.17335980,0.53
1621780966272000,0,1445.11883827,0.53
1621780973089000,1,174.58858577,0.53
1621780973110000,1,0.00000001,0.53
1621781041170000,1,735.00000000,0.53
1621781046281000,1,0.73999300,0.53
1621781097418000,1,5750.00000000,0.53
1621781140792000,1,6752.61921383,0.52
1621781159971000,1,3674.00000000,0.52
1621781170102000,1,6731.00000000,0.52
1621781258190000,0,9205.00000000,0.52
1621781278663000,0,9424.00000000,0.52
1621781285902000,1,54.06241940,0.52
1621781311331000,0,1291.82836076,0.53
1621781366692000,0,107.97574580,0.53
1621781373698000,0,53.33228685,0.53
1621781452241000,1,2517.00000000,0.52
1621781525120000,1,1038.21752000,0.52
1621781746840000,0,6798.81674091,0.52
1621781746840000,0,6803.24728215,0.52
1621781746840000,0,1040.79142000,0.52
1621781746840000,0,2571.06241940,0.53
1621781746840000,0,8608.10726831,0.53
1621781746840000,0,9289.00000000,0.53
1621781746840000,0,2639.00000000,0.53
1621781746840000,0,6253.99921618,0.53
1621781767069000,0,5170.56887117,0.52
1621781767096000,0,1641.32336876,0.52
1621781800472000,1,8339.50597691,0.52
1621781823028000,1,2941.52620000,0.52
1621781827648000,0,2981.66484580,0.52
1621781892030000,1,8700.54561412,0.52
1621781937073000,1,9424.70890924,0.52
1621781937073000,1,2322.15908820,0.52
1621781941044000,1,234.93735995,0.52
1621781941145000,1,4.79464000,0.52
1621782033810000,1,462.00000000,0.52
1621782042599000,0,181.90232074,0.52
1621782091789000,1,903.00000000,0.51
1621782205176000,1,1523.00000000,0.51
1621782240998000,0,8339.67696302,0.52
1621782307780000,1,7896.21131455,0.51
1621782327614000,1,420.00000000,0.51
1621782408271000,1,659.00000000,0.51
1621782419187000,1,903.00000000,0.51
1621782445487000,1,43.88938791,0.51
1621782548154000,0,283.00000000,0.51
1621782658544000,0,57.00000000,0.51
1621782673214000,1,6948.21420000,0.51
1621782673214000,1,4666.15606515,0.51
1621782673215000,1,2276.92672859,0.51
1621782730453000,1,1590.00000000,0.51
1621783020523000,0,96.62686451,0.51
1621783118578000,1,2079.00000000,0.51
1621783692225000,0,8723.00000000,0.52
1621783742877000,1,2219.00000000,0.52
1621783811038000,1,140.00000000,0.52
1621783834208000,1,9092.00000000,0.52
1621783853207000,1,2173.00000000,0.52
1621783875885000,1,2639.00000000,0.51
1621783875885000,1,903.00000000,0.51
1621784005241000,0,1312.00000000,0.52
1621784179483000,0,8724.00000000,0.51
1621784211540000,1,6935.00000000,0.51
1621784213700000,1,0.94772644,0.51
1621784213700000,1,6940.05227356,0.51
1621784258750000,1,8520.00000000,0.51
1621784294230000,1,5152.00000000,0.51
1621784294829000,1,0.55931529,0.51
1621784296277000,1,6923.00000000,0.51
1621784350930000,1,326.20967452,0.51
1621784368881000,1,6913.00000000,0.51
1621784371055000,1,0.28872302,0.51
1621784371055000,1,1939.71127698,0.51
1621784374781000,1,4973.00000000,0.51
1621784376545000,1,0.57744604,0.51
1621784376545000,1,139.61686060,0.51
1621784377491000,1,3684.00000000,0.51
1621784388519000,1,3027.87842517,0.51
1621784388612000,1,61.79343725,0.51
1621784393831000,1,6913.00000000,0.51
1621784393959000,1,0.28872302,0.51
1621784395860000,1,6913.00000000,0.51
1621784402473000,1,0.28872302,0.51
1621784431125000,0,8892.00000000,0.51
1621784445209000,1,6910.00000000,0.51
1621784445565000,1,0.91517367,0.51
1621784456168000,1,0.83715968,0.51
1621784472286000,1,1099.00000000,0.51
1621784472389000,1,5452.47439638,0.51
1621784478105000,1,0.39736359,0.51
1621784516600000,1,1338.88546961,0.51
1621784524222000,1,6516.00000000,0.51
1621784529133000,1,6941.00000000,0.51
1621784568861000,0,9039.00000000,0.51
1621784610298000,1,6969.71665124,0.51
1621784671708000,1,6986.00000000,0.51
1621784675557000,1,6988.00000000,0.51
1621784681213000,1,0.80445834,0.51
1621784787404000,0,385.00000000,0.50
1621784794442000,1,4554.56648513,0.50
1621784825878000,1,8631.56528878,0.50
1621784835223000,1,140.00000000,0.50
1621784835386000,1,1648.41756664,0.50
1621784954382000,1,7057.00000000,0.50
1621784956468000,1,166.89246868,0.50
1621784956468000,1,333.10753132,0.50
1621784973563000,0,4648.40723414,0.50
1621785058361000,0,106.00000000,0.50
1621785096298000,0,4619.75466703,0.51
1621785135551000,0,8514.08062044,0.50
1621785191164000,1,8307.88837814,0.50
1621785221442000,1,91.62235601,0.50
1621785230578000,0,1077.79253000,0.50
1621785230578000,0,710.29999300,0.50
1621785230578000,0,1077.79253000,0.50
1621785230578000,0,1762.08439318,0.50
1621785235341000,1,95.00000000,0.50
1621785237431000,1,0.22588810,0.50
1621785259769000,0,102.00000000,0.50
1621785259781000,0,102.00000000,0.50
1621785308951000,0,1866.00000000,0.50
1621785309706000,0,0.71604890,0.50
1621785313514000,0,960.00000000,0.50
1621785352291000,1,50.00000000,0.50
1621785360136000,0,50.00000000,0.50
1621785360150000,0,9192.80658850,0.50
1621785360150000,0,8989.82320973,0.50
1621785528843000,0,931.15026520,0.51
1621785529071000,0,212.27670266,0.51
1621785593240000,1,4373.00000000,0.51
1621785824333000,1,140.00000000,0.50
1621785829839000,1,922.00000000,0.50
1621785829839000,1,695.80837236,0.50
1621785868282000,0,473.42270168,0.50
1621785925220000,0,283.91141724,0.50
1621785930488000,1,5335.62032648,0.50
1621785930488000,1,1763.37967352,0.50
1621786012096000,1,7202.00000000,0.49
1621786017791000,1,7211.00000000,0.49
1621786024508000,1,6861.09079728,0.49
1621786049697000,1,3906.31390875,0.48
1621786049743000,1,3322.84149125,0.48
1621786049743000,1,922.00000000,0.48
1621786050525000,1,7276.49310000,0.48
1621786051065000,1,428.50098551,0.48
1621786064158000,1,104.00000000,0.48
1621786064158000,1,4793.42001753,0.48
1621786064836000,1,7296.90310000,0.48
1621786064836000,1,2493.12164913,0.48
1621786064836000,1,922.00000000,0.48
1621786064836000,1,8878.57493869,0.48
1621786064836000,1,41712.25682782,0.48
1621786084319000,1,2500.00000000,0.48
1621786145091000,0,1090.00000000,0.48
1621786158661000,0,2040.00000000,0.48
1621786163655000,0,768.56677700,0.49
1621786163655000,0,1277.80755513,0.49
1621786202559000,0,111.07482092,0.48
1621786202900000,0,113.34165399,0.48
1621786202908000,0,0.00000001,0.48
1621786214134000,0,100.00000000,0.49
1621786246372000,0,2068.86956161,0.48
1621786266002000,0,366.99995843,0.48
1621786266011000,0,0.00000001,0.48
1621786290347000,1,148.00000000,0.49
1621786301941000,1,1500.00000000,0.49
1621786301968000,1,2272.80734095,0.49
1621786318271000,1,228.14256111,0.48
1621786318287000,1,0.00000001,0.48
1621786336031000,0,300.00000000,0.48
1621786382478000,0,1500.00000000,0.49
1621786384100000,0,155.04751025,0.49
1621786384100000,0,448.54734668,0.49
1621786384244000,0,103.89076444,0.49
1621786384244000,0,1565.32166163,0.49
1621786415092000,1,1744.00000000,0.48
1621786424664000,0,9313.63408832,0.48
1621786436206000,0,206.82718410,0.48
1621786455275000,0,2080.16072990,0.48
1621786469486000,1,2550.19281973,0.48
1621786479689000,1,1133.42486000,0.48
1621786504043000,0,2642.94626294,0.48
1621786504281000,0,84.05373706,0.48
1621786584361000,1,6874.51608951,0.48
1621786584361000,1,1557.06530300,0.47
1621786584568000,1,67240.33469700,0.47
1621786620674000,1,7467.87232684,0.47
1621786620674000,1,5501.70307786,0.47
1621786632714000,0,2095.04240008,0.48
1621786645593000,1,7415.22734810,0.48
1621786645593000,1,0.00000001,0.48
1621786645593000,1,7415.22734811,0.48
1621786689747000,1,8669.50453509,0.47
1621786731306000,0,3016.69075742,0.48
1621786731306000,0,8735.30924258,0.48
1621786731936000,0,0.80340145,0.48
1621786781577000,0,198.00000000,0.49
1621786797687000,0,96.62805389,0.49
1621786952110000,1,2544.33008364,0.48
1621786992310000,1,7361.04176194,0.48
1621786992401000,0,7287.36090000,0.48
1621786992481000,0,45351.59733806,0.48
1621787046026000,1,399.99998512,0.47
1621787065739000,1,174.06760000,0.47
1621787065871000,1,125.93240000,0.47
1621787067508000,1,200.00000000,0.47
1621787067508000,1,8960.59510711,0.47
1621787068445000,1,50263.61677711,0.47
1621787068597000,1,775.78811578,0.47
1621787069636000,1,249.99998171,0.47
1621787076401000,1,1153.90979000,0.47
1621787076565000,1,605.99140077,0.47
1621787089940000,0,5023.66888459,0.47
1621787091570000,0,1143.44741377,0.47
1621787096070000,0,703.65833235,0.47
1621787097060000,0,6184.21648259,0.47
1621787101572000,0,545.34540161,0.47
1621787121388000,1,5318.29693848,0.47
1621787121388000,1,7464.75169519,0.47
1621787121388000,1,9393.89521331,0.47
1621787121658000,0,3540.43810666,0.47
1621787121668000,0,24282.61804636,0.47
1621787150925000,1,2500.00000000,0.47
1621787219361000,1,79.99999999,0.47
1621787219371000,1,0.00000001,0.47
1621787234592000,0,174.38793374,0.47
1621787234760000,0,3483.13921147,0.47
1621787249936000,0,6931.87731896,0.47
1621787316389000,0,409.00000000,0.47
1621787336732000,1,650.22040985,0.47
1621787337034000,1,6311.34165938,0.47
1621787337168000,1,235.55852295,0.47
1621787337529000,1,318.14466052,0.47
1621787337924000,1,4193.33950333,0.47
1621787338036000,1,45806.66049667,0.47
1621787338634000,1,455.00000000,0.47
1621787353773000,0,7592.65016411,0.47
1621787353774000,0,400.04806661,0.47
1621787353777000,0,9024.66084263,0.47
1621787354428000,0,376.14817984,0.47
1621787364975000,1,5773.64707159,0.47
1621787410253000,1,180.00000000,0.48
1621787512763000,0,30000.00000000,0.47
1621787548016000,1,260.41573412,0.47
1621787548089000,1,0.00000001,0.47
1621787657038000,0,4192.76348966,0.48
1621787680302000,1,65.93803552,0.47
1621787715354000,0,998.83095585,0.47
1621787757143000,0,200.17228892,0.47
1621787760833000,1,8596.00000000,0.47
1621787782617000,0,1019.82704271,0.47
1621787782942000,0,1301.18029024,0.47
1621787782942000,0,744.55970018,0.47
1621787782969000,0,854.80175713,0.47
1621787783009000,0,721.64589689,0.47
1621787783009000,0,537.40025081,0.47
1621787783009000,0,2321.00735420,0.47
1621787829702000,1,1156.88485999,0.47
1621787830258000,1,1875.85767456,0.47
1621787851109000,1,4797.27858457,0.47
1621787871279000,1,7542.50720000,0.46
1621787871279000,1,2573.04778579,0.46
1621787882603000,0,9423.00000000,0.46
1621787885418000,0,8924.00000000,0.46
1621787888040000,0,108.00000000,0.46
1621787891437000,1,180.00000000,0.46
1621787906411000,0,1058.00000000,0.46
1621787906469000,0,0.74927000,0.46
1621787938454000,0,208.00000000,0.46
1621787939655000,1,9423.71824764,0.46
1621787974814000,0,1035.00000000,0.47
1621788022687000,1,1160.42212999,0.47
1621788022688000,1,0.00000001,0.47
1621788076590000,1,2594.21687888,0.46
1621788076592000,1,299.30453018,0.46
1621788076617000,1,804.73529427,0.46
1621788076736000,1,1092.64650104,0.46
1621788076744000,1,1092.79216166,0.46
1621788076835000,1,1738.21463396,0.46
1621788076860000,1,0.00000001,0.46
1621788122093000,0,902.99999999,0.46
1621788122093000,0,0.00000001,0.46
1621788159541000,0,117.48178414,0.46
1621788220293000,0,3296.56003729,0.46
1621788220471000,0,902.99999999,0.46
1621788220487000,0,0.00000001,0.46
1621788246095000,0,627.00000000,0.46
1621788351044000,0,1015.00000000,0.47
1621788351296000,0,50000.00000000,0.47
1621788353595000,0,2321.00732641,0.47
1621788353595000,0,1203.99267359,0.47
1621788357405000,0,1117.01467404,0.47
1621788357407000,0,0.00000001,0.47
1621788372919000,1,8899.51327695,0.47
1621788376920000,1,575.32302571,0.47
1621788391231000,0,204.00000000,0.48
1621788424151000,0,8915.86298999,0.48
1621788446015000,0,197.45443151,0.48
1621788534088000,1,461.09441208,0.47
1621788545373000,0,91.00000000,0.47
1621788568637000,1,1341.24984097,0.47
1621788679165000,1,5759.00000000,0.48
1621788716234000,1,7389.00000000,0.48
1621788728647000,1,250.10470123,0.48
1621788728671000,1,0.00000001,0.48
1621788774592000,1,1168.76158984,0.48
1621788779229000,0,1157.77602628,0.48
1621788837478000,1,7350.19663147,0.48
1621788957848000,1,936.96162881,0.49
1621789063902000,1,5467.99768990,0.48
1621789063984000,1,3870.75523429,0.48
1621789131055000,0,104.30665506,0.48
1621789299847000,1,7263.00000000,0.49
1621789342908000,1,7250.00000000,0.49
1621789461165000,0,180.00000000,0.49
1621789461174000,0,0.23675400,0.49
1621789467938000,0,201.12483576,0.49
1621789499583000,0,3387.66779483,0.50
1621789572345000,0,388.00000000,0.50
1621789574864000,0,711.74943983,0.50
1621789574864000,0,355.25056017,0.50
1621789580141000,1,4130.96017643,0.50
1621789587539000,1,435.79758087,0.50
1621789622965000,1,1588.64621664,0.50
1621789623032000,0,5409.84688336,0.50
1621789626928000,1,399.99998595,0.50
1621789635772000,1,1035.51316915,0.50
1621789635772000,1,395.73593771,0.50
1621789635772000,1,1728.75089314,0.50
1621789646942000,0,153.75919099,0.50
1621789647118000,0,0.00000001,0.50
1621789703553000,1,808.89166873,0.50
1621789724402000,0,941.84532302,0.50
1621789754826000,1,8594.73435557,0.50
1621789788905000,1,595.15400000,0.50
1621789789113000,1,5543.79954756,0.50
1621789794976000,1,146.97368600,0.50
1621789794976000,1,42.24309570,0.50
1621789804110000,1,137.36971500,0.50
1621789845009000,0,1058.74927000,0.50
1621789845009000,0,3649.29448779,0.50
1621789865626000,1,3649.29448779,0.49
1621789865626000,1,7160.36842147,0.49
1621789891430000,1,7010.39755029,0.49
1621789894263000,0,1907.37026574,0.50
1621789902108000,1,1907.37026573,0.49
1621789902115000,1,0.00000001,0.49
1621789902123000,1,2824.01643451,0.49
1621789955145000,0,2354.00000000,0.49
1621789998019000,1,2354.00000000,0.49
1621789998019000,1,7000.56308368,0.49
1621789999006000,1,187.09126168,0.49
1621790079778000,1,3004.68000000,0.50
1621790101057000,0,6188.43194609,0.50
1621790105048000,1,427.51063126,0.49
1621790121421000,0,59.42468000,0.49
1621790131168000,1,1925.63155768,0.49
1621790131758000,1,2001.37257176,0.49
1621790131809000,1,1833.91718539,0.49
1621790171323000,1,54.80400000,0.49
1621790171323000,1,757.32523000,0.49
1621790177747000,1,224.03532821,0.49
1621790204074000,0,52.38189000,0.49
1621790246829000,1,7093.13480637,0.49
1621790255241000,0,3242.12046245,0.49
1621790278815000,1,3242.12046245,0.49
1621790278815000,1,7266.40128118,0.49
1621790292091000,1,6188.43194609,0.49
1621790449577000,0,1032.52475171,0.49
1621790449642000,0,1855.32710882,0.49
1621790449660000,0,4397.10024503,0.49
1621790451473000,0,3269.75192243,0.49
1621790541154000,1,78.58090003,0.49
1621790727586000,1,1101.80853000,0.49
1621790784078000,0,9424.70890924,0.49
1621790784078000,0,8707.11643521,0.49
1621790813380000,1,9424.70890924,0.49
1621790820522000,0,392.00000000,0.49
1621790846731000,0,57.98874855,0.49
1621790847404000,0,57.00000000,0.49
1621790848313000,0,50.00000000,0.49
1621790850354000,0,57.98874855,0.49
1621790885973000,1,3876.14964374,0.49
1621790935401000,0,105.00000000,0.50
1621790941246000,1,52.10200000,0.49
1621790962397000,0,53.20100000,0.49
1621790986069000,0,9211.72016069,0.49
1621791009732000,1,140.00000000,0.49
1621791030193000,1,8813.00000000,0.49
1621791077928000,0,966.60121852,0.49
1621791158091000,0,7274.00000000,0.49
1621791166629000,0,7846.39878148,0.49
1621791262686000,1,1500.00000000,0.49
1621791269259000,1,9209.78278159,0.49
1621791285578000,0,1500.00000000,0.49
1621791285578000,0,5945.00000000,0.49
1621791580357000,0,7163.00000000,0.49
1621791580757000,0,0.82691356,0.49
1621791624363000,0,1894.71563439,0.50
1621791646527000,1,1412.00000000,0.50
1621791683917000,0,485.00000000,0.50
1621791700678000,0,399.52014615,0.50
1621791869776000,1,7083.95900976,0.50
1621792051778000,0,7105.00000000,0.50
1621792066126000,0,7083.95900976,0.50
1621792129508000,0,201.00000000,0.50
1621792130238000,0,0.20008200,0.50
1621792140755000,1,379.02608803,0.50
1621792142775000,1,4153.00000000,0.50
1621792163922000,0,1500.00000000,0.50
1621792203644000,1,2738.00000000,0.50
1621792633648000,1,7123.57031080,0.50
1621792641554000,0,1952.00000000,0.50
1621792868094000,1,5606.00000000,0.49
1621792872281000,0,199.00000000,0.49
1621792946807000,1,8558.46553877,0.48
1621792984049000,0,180.00000000,0.48
1621792994195000,1,2200.02753749,0.48
1621792994203000,1,0.00000001,0.48
1621793040449000,1,322.58395432,0.48
1621793113825000,1,5003.23382860,0.48
1621793225561000,0,1102.87184838,0.48
1621793268188000,1,1307.33800000,0.48
1621793497245000,0,2798.11293886,0.48
1621793497255000,0,1454.62359441,0.48
1621793497586000,0,1454.41173100,0.48
1621793497723000,0,1036.70731734,0.48
1621793497732000,0,4826.67408034,0.48
1621793503568000,1,12848.00000000,0.48
1621793506810000,0,1307.33800000,0.48
1621793527924000,0,6132.77349712,0.49
1621793528457000,1,0.32467854,0.48
1621793548842000,1,7639.79431833,0.48
1621793632745000,0,8563.32062071,0.49
1621793644921000,0,9424.70890924,0.49
1621793644921000,0,7287.78122347,0.49
1621793779657000,1,8036.28763066,0.48
1621793915368000,1,1388.42127858,0.49
1621793915368000,1,7170.56520000,0.49
1621793915368000,1,7252.45755737,0.49
1621793915368000,1,5188.55596405,0.49
1621793944932000,1,2662.45521932,0.49
1621793945049000,1,2217.98666583,0.49
1621794035832000,0,289.44626125,0.49
1621794058889000,1,1000.00000000,0.49
1621794102296000,0,8952.55739503,0.49
1621794158714000,0,2173.62689252,0.49
1621794160534000,0,44.35973250,0.49
1621794294623000,0,3461.62500762,0.49
1621794439058000,0,136.00000000,0.50
1621794451000000,0,387.00000000,0.50
1621794476313000,0,94.89746009,0.50
1621794539100000,1,64.55220800,0.50
1621794542793000,0,228.58003022,0.50
1621794602682000,1,56.49789900,0.50
1621794605258000,1,52.94549600,0.50
1621794607503000,1,49.62223900,0.49
1621794607503000,1,90.37776100,0.49
1621794712687000,1,9242.00000000,0.50
1621794808161000,1,716.22148990,0.50
1621794893017000,1,7112.00000000,0.50
1621794960954000,0,46.00000000,0.49
1621795085852000,1,1678.64169898,0.49
1621795226581000,0,60.00000000,0.49
1621795269246000,0,573.00000000,0.49
1621795269376000,0,8745.70525296,0.49
1621795397771000,0,941.49613566,0.49
1621795457984000,1,2852.00000000,0.49
1621795459006000,1,713.00000000,0.49
1621795482653000,0,55.70696868,0.49
1621795500808000,0,124.00000000,0.49
1621795501959000,0,81.00000000,0.49
1621795502235000,0,124.66063743,0.49
1621795502455000,0,81.00000000,0.49
1621795502655000,0,122.54186257,0.49
1621795502655000,0,4701.92314821,0.49
1621795502777000,0,124.66063743,0.49
1621795508432000,1,2858.00000000,0.49
1621795521179000,0,79.00000000,0.49
1621795526446000,0,61.00000000,0.49
1621795536366000,0,59.00000000,0.49
1621795562691000,0,67.00000000,0.49
1621795685706000,0,4314.44294631,0.49
1621795685710000,0,854.78491717,0.49
1621795685720000,0,1437.73346179,0.49
1621795685722000,0,628.38850130,0.49
1621795806868000,0,99.00000000,0.49
1621795874123000,0,58.00000000,0.49
1621795874414000,0,58.74700765,0.49
1621795874831000,0,58.00000000,0.49
1621796067993000,0,8594.00000000,0.49
1621796145893000,0,1933.74717181,0.49
1621796220625000,0,198.00000000,0.49
1621796646720000,0,2011.00000000,0.48
1621796682716000,0,5218.00000000,0.48
1621796689546000,1,315.00000000,0.48
1621796698102000,1,5666.16304973,0.48
1621797008936000,1,15360.00000000,0.49
1621797033568000,0,198.00000000,0.49
1621797073317000,0,74.00000000,0.49
1621797222871000,0,9350.00000000,0.49
1621797285872000,0,327.56381443,0.49
1621797339556000,1,2513.00000000,0.49
1621797395889000,0,2513.70890924,0.50
1621797440421000,1,57.58472534,0.49
1621797528010000,1,1869.27910689,0.50
1621797559844000,0,1926.00000000,0.50
1621797602660000,1,9423.84507701,0.50
1621797604286000,1,16680.00000000,0.50
1621797809506000,1,8797.00000000,0.50
1621797825964000,0,62.00000000,0.50
1621797856728000,0,9066.00000000,0.50
1621797882841000,0,68.00000000,0.50
1621797922485000,0,998.25923993,0.50
1621797987215000,0,743.00000000,0.50
1621797990139000,0,45.25278800,0.50
1621798009072000,0,498.36963577,0.50
1621798076206000,0,944.14067119,0.50
1621798097125000,1,1082.63544999,0.50
1621798097143000,1,0.00000001,0.50
1621798101800000,0,1415.03447776,0.50
1621798101800000,0,1413.99397982,0.50
1621798109081000,0,1412.77921256,0.50
1621798109081000,0,200.93190300,0.50
1621798109081000,0,457.23495421,0.50
1621798109151000,0,1886.50844083,0.50
1621798197693000,0,1989.93036417,0.50
1621798206775000,1,48.39437299,0.50
1621798206988000,1,0.00000001,0.50
1621798265471000,0,498.37714377,0.50
1621798305058000,0,154.52066548,0.50
1621798328690000,1,3100.00000000,0.50
1621798372583000,0,1096.67480000,0.50
1621798372583000,0,899.11848894,0.50
1621798445373000,1,899.00000000,0.50
1621798457154000,0,400.77530963,0.50
1621798485063000,1,1091.65614000,0.50
1621798506642000,0,100.48319599,0.50
1621798540823000,1,3958.09009194,0.49
1621798575852000,0,382.12173825,0.49
1621798606457000,0,100.70693494,0.49
1621798657990000,0,3580.91364214,0.49
1621798699925000,1,8972.00000000,0.50
1621798727109000,0,997.19877332,0.50
1621798738242000,0,239.96259973,0.50
1621798772159000,0,94.71299747,0.50
1621798812506000,1,3423.00000000,0.50
1621798822883000,0,5004.35419467,0.50
1621798826748000,1,7129.00000000,0.50
1621798829434000,1,0.25165985,0.50
1621798829434000,1,7135.74834015,0.50
1621798842045000,1,0.89241208,0.50
1621798848516000,0,80.95607078,0.50
1621798854233000,1,2544.00000000,0.49
1621799024106000,1,7140.00000000,0.50
1621799060844000,1,7157.00000000,0.49
1621799093481000,1,7120.00000000,0.50
1621799101122000,1,7126.00000000,0.50
1621799122126000,0,5028.76706997,0.50
1621799122841000,0,90.29263964,0.50
1621799128037000,1,1400.00000000,0.49
1621799146320000,0,293.00000000,0.50
1621799167330000,1,8128.00000000,0.49
1621799196397000,0,8652.52945775,0.49
1621799241074000,0,557.00000000,0.49
1621799284095000,1,5296.00000000,0.49
1621799302298000,0,767.82846641,0.49
1621799364532000,1,54.50592307,0.49
1621799436997000,0,74.06360014,0.49
1621799526560000,0,197.00000000,0.49
1621799541833000,0,1097.92692000,0.49
1621799541833000,0,1114.46840526,0.49
1621799650341000,0,64.64743264,0.49
1621799778826000,1,1029.00000000,0.50
1621799874807000,1,695.00000000,0.49
1621799950177000,0,186.00000000,0.50
1621799952318000,0,1899.78019173,0.50
1621800140621000,1,2086.35203383,0.51
1621800176946000,0,981.94536770,0.51
1621800222029000,0,853.00000000,0.51
1621800298303000,1,1834.94536770,0.51
1621800298303000,1,789.05463230,0.51
1621800299664000,0,9424.70890924,0.51
1621800299664000,0,7892.46030000,0.51
1621800300080000,1,9424.70890924,0.51
1621800300080000,1,4371.81026763,0.51
1621800301126000,1,6893.26361729,0.51
1621800301126000,1,1741.51631721,0.51
1621800301126000,1,863.00497491,0.51
1621800340479000,0,1264.74274190,0.51
1621800399241000,1,1046.54990989,0.51
1621800516750000,1,781.51182363,0.51
1621800622073000,1,6798.74530487,0.51
1621800626061000,1,1062.94692000,0.51
1621800626061000,1,6775.55357174,0.51
1621800669981000,1,6775.72979852,0.51
1621800685108000,1,6907.94388978,0.51
1621800685108000,1,6637.55993873,0.51
1621800726075000,0,973.68177548,0.51
1621800745325000,0,2153.67044123,0.51
1621800761440000,1,2636.90135950,0.51
1621800761440000,1,6745.67531565,0.51
1621800769113000,1,8186.88384477,0.51
1621800769137000,1,167.07926214,0.51
1621800870585000,1,94.59078900,0.51
1621800923068000,1,304.97839338,0.51
1621801000450000,1,111.81305300,0.51
1621801089124000,1,116.35300000,0.51
1621801089227000,1,0.00081200,0.51
1621801093280000,0,55.11733900,0.51
1621801115738000,0,44.83549200,0.51
1621801118541000,0,116.35300000,0.51
1621801131307000,1,96.23593599,0.51
1621801131308000,1,0.00000001,0.51
1621801157187000,1,90.22558900,0.51
1621801159802000,0,47.19330200,0.51
1621801164037000,0,48.27450900,0.51
1621801172086000,1,75.98480300,0.51
1621801186624000,0,9239.00000000,0.51
1621801243309000,1,59.59557900,0.51
1621801257688000,1,75.85657600,0.51
1621801292323000,1,58.39124699,0.51
1621801292422000,1,0.00000001,0.51
1621801371249000,1,51.39782427,0.51
1621801393046000,0,45.00000000,0.51
1621801548412000,1,8707.23646038,0.51
1621801552762000,1,3603.63822674,0.51
1621801553724000,1,3559.38396813,0.50
1621801553724000,1,47.11848655,0.50
1621801651914000,1,6866.71591294,0.50
1621801828246000,1,340.04018609,0.51
1621801828246000,1,1069.76015000,0.51
1621801828246000,1,6809.60341410,0.51
1621801877319000,0,6799.44022407,0.51
1621801998996000,0,521.93389915,0.52
1621802052973000,0,3445.97047571,0.51
1621802067648000,0,1850.38044767,0.51
1621802072765000,0,1378.30667700,0.51
1621802080937000,0,265.72324000,0.51
1621802080947000,0,424.72490367,0.51
1621802080947000,0,265.72319071,0.51
1621802161500000,0,8821.00000000,0.52
1621802161500000,0,948.64290664,0.52
1621802166238000,0,208.73412781,0.52
1621802203052000,0,903.00000000,0.52
1621802203091000,0,847.77390904,0.52
1621802208692000,0,383.84795041,0.52
1621802226028000,0,8764.25103089,0.52
1621802226028000,0,903.00000000,0.52
1621802226028000,0,1987.68660695,0.53
1621802226028000,0,4159.98256279,0.53
1621802266164000,0,4459.66193657,0.52
1621802266189000,1,284.12800000,0.52
1621802266515000,1,0.00002001,0.52
1621802268794000,0,387.05000190,0.52
1621802269156000,0,1638.19614958,0.52
1621802269407000,0,407.06407807,0.52
1621802269985000,0,290.61598991,0.52
1621802270264000,0,338.12949310,0.52
1621802270668000,0,338.13004946,0.52
1621802271520000,0,895.18113437,0.52
1621802272216000,0,395.00000000,0.52
1621802272230000,0,407.06006837,0.52
1621802272310000,1,1124.05500000,0.52
1621802272323000,0,738.53421701,0.52
1621802294430000,0,2413.94950594,0.52
1621802294829000,0,1408.18300000,0.52
1621802301881000,1,1054.49192000,0.52
1621802345122000,0,90.34095991,0.52
1621802356641000,0,815.28158809,0.52
1621802361101000,1,2109.12942999,0.52
1621802361112000,1,0.00005733,0.52
1621802363781000,0,1641.42227642,0.52
1621802363904000,1,1500.00000000,0.52
1621802364068000,1,1490.26372382,0.52
1621802364193000,1,2283.27443790,0.52
1621802364237000,0,1641.42224912,0.52
1621802364479000,1,944.19385189,0.52
1621802365116000,1,1641.42228452,0.52
1621802365120000,1,219.01829842,0.52
1621802365304000,1,1945.81924300,0.52
1621802377817000,1,339.10256906,0.52
1621802409679000,1,1370.01546997,0.52
1621802409679000,1,1370.01546997,0.52
1621802413349000,1,1370.01546997,0.52
1621802419593000,0,427.69200000,0.52
1621802419648000,1,3060.73117014,0.52
1621802419677000,1,1011.57585994,0.52
1621802419700000,1,1037.12195800,0.52
1621802419701000,1,685.76105595,0.52
1621802419943000,1,979.68870489,0.52
1621802421565000,0,685.94300000,0.52
1621802421909000,0,0.00054224,0.52
1621802421909000,0,527.15649994,0.52
1621802422577000,0,158.78700000,0.52
1621802424070000,0,0.00004230,0.52
1621802424439000,0,0.00093725,0.52
1621802424439000,0,227.57706275,0.52
1621802424679000,0,155.27568009,0.52
1621802472875000,0,387.42348795,0.52
1621802473563000,0,387.43732188,0.52
1621802508637000,0,93.00000000,0.52
1621802513267000,1,2185.52184659,0.52
1621802513267000,1,1047.85408000,0.52
1621802530575000,1,2735.62601958,0.52
1621802595533000,0,3975.16546763,0.52
1621802609591000,0,90.73465156,0.52
1621802617214000,1,1045.77320000,0.52
1621802676353000,0,679.51660716,0.52
1621802676463000,0,678.53015418,0.52
1621802775872000,1,683.79081818,0.52
1621802955082000,0,899.04475851,0.53
1621802959400000,0,1351.36958481,0.52
1621803015681000,1,439.97054351,0.53
1621803015753000,0,233.79589034,0.53
1621803019387000,0,673.22633289,0.53
1621803019787000,0,0.00003371,0.53
1621803019787000,0,673.60211052,0.53
1621803024845000,0,673.22636100,0.53
1621803026880000,1,673.78076388,0.53
1621803034766000,0,0.00000560,0.53
1621803072491000,0,2825.54438407,0.53
1621803251695000,0,2019.03806704,0.52
1621803251718000,0,11.80765441,0.52
1621803251718000,0,2007.35190980,0.52
1621803317708000,0,215.91011171,0.52
1621803319334000,0,210.69875131,0.52
1621803320185000,0,249.78686237,0.52
1621803320185000,0,22.74689037,0.52
1621803326488000,1,215.87044000,0.52
1621803326488000,1,461.17569711,0.52
1621803330105000,0,677.58428513,0.52
1621803330167000,0,357.56576487,0.52
1621803364955000,1,74.14945021,0.52
1621803364955000,1,391.00145842,0.52
1621803364955000,1,1034.84909137,0.52
1621803491836000,1,127.56076578,0.52
1621803491836000,1,1045.32981000,0.52
1621803499619000,1,3417.56063148,0.52
1621803499830000,0,852.72438385,0.52
1621803500196000,0,258.56325000,0.53
1621803500196000,0,3.20000000,0.53
1621803500196000,0,160.00000000,0.53
1621803500196000,0,1357.97847935,0.53
1621803500200000,1,1856.52570029,0.52
1621803500783000,1,260.14724900,0.52
1621803500783000,1,1403.17011800,0.52
1621803500783000,1,1755.60334256,0.52
1621803500931000,1,1248.41619667,0.52
1621803500931000,1,1045.97486000,0.52
1621803500931000,1,332.99947128,0.52
1621803500931000,1,791.33361189,0.52
1621803515359000,0,980.40887440,0.52
1621803567681000,0,143.64529545,0.58
1621803567894000,0,8821.00000000,0.58
1621803567894000,0,338.02196607,0.58
1621803685972000,0,9281.06361379,0.58
1621803685972000,0,1654.95533087,0.58
1621803794782000,0,167.00000000,0.58
1621803967314000,0,171.73070882,0.58
1621804009942000,0,489.44095616,0.58
1621804046412000,0,81.57489773,0.58
1621804080311000,1,8821.00000000,0.53
1621804095891000,0,4310.32099597,0.58
1621804106900000,1,208.73412781,0.53
1621804107879000,1,4705.29577740,0.53
1621804107998000,0,1500.00000000,0.53
1621804298588000,0,199.00000000,0.56
1621804347759000,0,44.63035326,0.56
1621804499237000,0,2188.33206870,0.58
1621804546232000,1,1565.73104161,0.54
1621804653893000,1,498.60167868,0.56
1621804697544000,1,450.44554949,0.56
1621804697544000,1,2780.32975320,0.56
1621804713894000,0,279.59403000,0.56
1621804713894000,0,2863.05597341,0.57
1621804770252000,0,174.56883454,0.57
1621804849136000,0,50.04182000,0.57
1621804870816000,0,50.00000000,0.57
1621804870816000,0,610.71132813,0.57
1621804981297000,0,409.55687076,0.58
1621805044957000,1,399.68576081,0.56
1621805044957000,1,330.52522796,0.56
1621805054652000,0,5292.34291694,0.58
1621805054652000,0,106.65994800,0.58
1621805054652000,0,1238.51217487,0.58
1621805217323000,1,1211.46528869,0.55
1621805230724000,1,5281.41000000,0.55
1621805361580000,1,40.90300959,0.56
1621805366567000,1,3189.06871401,0.56
1621805415839000,1,952.74440660,0.56
1621805508909000,1,964.27281300,0.55
1621805581434000,0,1938.69977480,0.55
1621805594896000,1,6235.64019523,0.55
1621805594896000,1,273.91215459,0.55
1621805678023000,0,495.00000000,0.55
1621805690258000,0,364.95911385,0.55
1621805695498000,1,993.00000000,0.55
1621805731684000,0,80.00000000,0.55
1621805780608000,0,5285.82773775,0.55
1621805871425000,0,364.14451967,0.55
1621805965164000,1,997.24437000,0.54
1621805965164000,1,4288.57563000,0.54
1621806018404000,0,264.00000000,0.55
1621806119492000,0,1200.00000000,0.55
1621806261401000,0,432.81760073,0.55
1621806676370000,0,985.13001000,0.56
1621806676370000,0,776.69998700,0.56
1621806676370000,0,1200.00000000,0.56
1621806676370000,0,3225.75215328,0.56
1621806867991000,0,88.00000000,0.56
1621806894241000,0,1912.28280116,0.55
1621806997424000,1,3720.75215328,0.56
1621806997424000,1,889.00000000,0.56
1621807002667000,0,261.71346239,0.56
1621807287975000,0,159.00000000,0.56
1621807541082000,0,8201.00000000,0.56
1621807566274000,1,9272.53238008,0.56
1621807641379000,1,8154.55366382,0.56
1621807659473000,1,8372.98229411,0.56
1621807676372000,1,945.75023190,0.56
1621807826081000,0,4018.13327196,0.56
1621807847556000,1,6574.93857478,0.56
1621807847558000,1,3397.33999781,0.56
1621807865469000,0,1199.99999999,0.56
1621807865477000,0,0.00000001,0.56
1621808038461000,0,2499.92538733,0.57
1621808073907000,0,1866.74128548,0.57
1621808073912000,0,0.00000001,0.57
1621808247346000,0,2353.23293172,0.57
1621808325697000,0,6143.40575650,0.58
1621808325697000,0,767.40747161,0.58
1621808390129000,1,1500.00000000,0.58
1621808395571000,0,7897.68898924,0.58
1621808403945000,1,1613.25161934,0.58
1621808404015000,1,1947.36034022,0.58
1621808404056000,1,1519.77715147,0.58
1621808404095000,1,1062.80831573,0.58
1621808404592000,1,240.75726119,0.57
1621808456345000,1,8158.88303813,0.57
1621808478582000,1,5964.15307932,0.57
1621808578074000,1,150.19622460,0.57
1621808676392000,0,618.10100000,0.57
1621808684870000,0,881.89900000,0.57
1621809148481000,0,8615.00000000,0.56
1621809479876000,1,7828.29901140,0.56
1621809510214000,1,705.37294918,0.56
1621809510232000,1,14.39536631,0.56
1621809547302000,0,238.00000000,0.56
1621809692436000,1,402.48690320,0.56
1621809794253000,0,174.00000000,0.56
1621809907643000,1,474.88924722,0.55
1621809907643000,1,525.11075278,0.55
1621810122752000,1,6317.64372792,0.56
1621810122752000,1,15514.44712544,0.56
1621810124198000,1,6194.33372820,0.56
1621810128117000,1,123.88667457,0.56
1621810128187000,1,2.52829948,0.56
1621810410517000,0,1000.00000000,0.55
1621810423996000,0,997.84049982,0.54
1621810471770000,0,8152.57479481,0.54
1621810478314000,0,502.20672348,0.55
1621810507913000,0,942.03893186,0.55
1621810508164000,0,900.22544022,0.55
1621810508173000,0,3856.23971267,0.55
1621810508232000,0,1285.08221073,0.55
1621810508249000,0,424.27104217,0.55
1621810559188000,1,11040.00000000,0.55
1621810600680000,1,538.77951310,0.55
1621810600726000,1,2035.92058690,0.55
1621810695170000,1,9941.00000000,0.55
1621810695951000,1,1258.99999999,0.55
1621810695967000,1,0.00000001,0.55
1621810747561000,1,956.12807050,0.55
1621810747561000,1,6367.28300000,0.55
1621810747561000,1,3526.94404587,0.55
1621810747563000,1,2897.34601155,0.55
1621810885861000,0,9424.00000000,0.55
1621811033067000,1,9424.00000000,0.55
1621811033067000,1,7115.00000000,0.55
1621811046974000,0,69.00000000,0.56
1621811160367000,1,12800.00000000,0.56
1621811302142000,1,889.00000000,0.56
1621811376168000,1,889.00000000,0.56
1621811417008000,0,138.00000000,0.56
1621811578552000,0,84.24147580,0.56
1621811588151000,1,2731.00000000,0.56
1621811644261000,1,2731.00000000,0.56
1621811872486000,1,4964.00000000,0.57
1621811882936000,1,6245.00000000,0.57
1621812082773000,1,9000.00000000,0.56
1621812187653000,0,2508.54996118,0.56
1621812187719000,0,0.00000001,0.56
1621812228578000,1,8253.75828293,0.57
1621812268709000,0,520.75210519,0.56
1621812431917000,0,8127.00000000,0.56
1621812741959000,0,171.00000000,0.57
1621813119147000,0,301.77811800,0.56
1621813172453000,1,7929.41102670,0.56
1621813200961000,1,332.31356284,0.55
1621813367658000,1,36.19659359,0.56
1621813773284000,0,802.63013576,0.56
1621813811867000,0,8334.00000000,0.56
1621813812197000,0,441.96613602,0.56
