timestamp ms,type,amount,price
1624665867336000,1,7990.40301704,0.4371
1624665890592000,0,93.75000000,0.4373
1624666033237000,1,93.75000000,0.4422
1624666244548000,0,88.18000000,0.4393
1624666440302000,0,93.75000000,0.4428
1624666561816000,0,7035.00000000,0.4443
1624666645715000,1,93.75000000,0.4450
1624666737445000,0,4471.00000000,0.4465
1624666783946000,0,93.75000000,0.4464
1624666924169000,0,5010.00000000,0.4453
1624666966627000,1,93.75000000,0.4453
1624667045154000,0,3687.00000000,0.4448
1624667127643000,0,2461.00000000,0.4440
1624667187564000,0,4289.00000000,0.4458
1624667306719000,0,8084.00000000,0.4462
1624667333851000,0,108.32000000,0.4470
1624667348141000,1,8492.74015550,0.4462
1624667463651000,0,114.61142600,0.4483
1624667473519000,0,57.30571299,0.4488
1624667473532000,0,0.00000001,0.4488
1624667484139000,1,67.38542000,0.4495
1624667561748000,0,93.75000000,0.4512
1624668221234000,1,93.75000000,0.4501
1624668221333000,1,2663.14745434,0.4501
1624668604493000,0,64.37000000,0.4514
1624668804917000,0,5629.00000000,0.4486
1624668804932000,0,0.66361058,0.4486
1624668805036000,0,93.75000000,0.4487
1624668865517000,0,2414.00000000,0.4483
1624668865555000,0,0.53334705,0.4483
1624668938371000,0,3400.00000000,0.4480
1624668938481000,1,4375.49380649,0.4480
1624669120656000,1,804.08571656,0.4487
1624669365668000,0,3204.00000000,0.4470
1624669509550000,1,93.75000000,0.4470
1624669704157000,0,93.75000000,0.4473
1624669907342000,1,93.75000000,0.4456
1624670627592000,0,213.64000000,0.4437
1624670627626000,0,3186.36000000,0.4437
1624670834426000,0,7977.54220008,0.4432
1624671516543000,0,69.21556000,0.4399
1624671533680000,0,93.75000000,0.4394
1624671533742000,0,8117.80029999,0.4394
1624671959562000,1,93.75000000,0.4376
1624673369077000,1,57.60366000,0.4474
1624674036728000,1,8585.49256723,0.4447
1624674062231000,0,93.75000000,0.4440
1624674075242000,0,2050.00000000,0.4442
1624674428928000,0,475.00000000,0.4423
1624674430913000,0,7567.00000000,0.4423
1624674488891000,1,93.75000000,0.4424
1624674902948000,1,461.55556998,0.4405
1624674902951000,1,2938.44443002,0.4405
1624674902951000,1,580.22321864,0.4405
1624675764619000,0,8110.00000000,0.4450
1624675764644000,0,0.50966021,0.4450
1624675994289000,1,8114.10402600,0.4455
1624676019259000,0,434.94000000,0.4453
1624676312713000,0,93.75000000,0.4459
1624676312803000,0,1811.00000000,0.4459
1624677606205000,0,74.59028700,0.4455
1624678190449000,1,93.75000000,0.4458
1624678222894000,0,410.00000000,0.4475
1624678229900000,0,0.78665500,0.4475
1624678253479000,0,80.51418438,0.4480
1624678526208000,0,528.35748667,0.4474
1624678616323000,0,3400.00000000,0.4481
1624678616323000,0,7822.40887322,0.4481
1624679469943000,1,93.75000000,0.4469
1624680157471000,0,3291.86806926,0.4486
1624680157945000,0,93.75000000,0.4488
1624680279204000,0,1914.00000000,0.4488
1624681517341000,1,93.75000000,0.4470
1624682410500000,0,8050.27463415,0.4482
1624682410500000,0,2634.61536585,0.4483
1624683121230000,1,8106.00000000,0.4494
1624683179636000,0,93.75000000,0.4495
1624683180834000,0,8069.71350000,0.4495
1624683610712000,0,5378.11920000,0.4520
1624683610842000,0,44621.88080000,0.4520
1624683753358000,0,1003.54056358,0.4550
1624683753390000,0,1200.78748982,0.4550
1624683759858000,1,64.36391000,0.4542
1624683833268000,1,93.75000000,0.4553
1624683869187000,1,3400.00000000,0.4550
1624683869187000,1,8384.82740055,0.4549
1624683888278000,0,3261.14283519,0.4557
1624684031449000,0,8117.00000000,0.4540
1624684626627000,1,1630.57141760,0.4522
1624684713398000,0,93.75000000,0.4513
1624684957287000,1,93.75000000,0.4506
1624687455828000,0,93.75000000,0.4510
1624687568126000,0,107.10000000,0.4521
1624687753250000,1,93.75000000,0.4526
1624688411526000,0,93.75000000,0.4521
1624688586953000,1,93.75000000,0.4525
1624689496323000,1,1630.57141759,0.4506
1624689815497000,0,57.24027000,0.4458
1624690223096000,0,93.75000000,0.4444
1624690282699000,1,93.75000000,0.4433
1624690324527000,0,3115.00000000,0.4435
1624690487345000,0,7746.00000000,0.4433
1624690505842000,0,8135.26698073,0.4435
1624691141459000,0,57.76500000,0.4417
1624691156137000,1,3400.00000000,0.4406
1624691215868000,0,93.75000000,0.4399
1624691254969000,1,93.75000000,0.4399
1624691367695000,1,70.91500150,0.4396
1624691478800000,0,8063.06299843,0.4387
1624691508159000,0,58.27282000,0.4379
1624691713182000,0,93.75000000,0.4376
1624691795917000,1,93.75000000,0.4373
1624691878293000,1,106.26953133,0.4361
1624691894840000,1,412.84096447,0.4351
1624691910492000,1,5378.11920000,0.4350
1624691910492000,1,44621.88080000,0.4350
1624691935200000,0,2590.50803901,0.4357
1624691935257000,0,4411.94202088,0.4357
1624691935298000,0,93.75000000,0.4357
1624691935404000,0,525.80950501,0.4357
1624691935530000,0,32997.99043510,0.4357
1624691937426000,1,3400.00000000,0.4357
1624691937426000,1,5639.21636477,0.4354
1624691937428000,1,2625.88805816,0.4354
1624691937428000,1,176.42850344,0.4350
1624691937428000,1,8271.55755037,0.4350
1624692032278000,1,108.11840753,0.4326
1624692032278000,1,108.25975510,0.4326
1624692034042000,0,58.83573000,0.4325
1624692034405000,1,3400.00000000,0.4311
1624692035531000,1,145.00000000,0.4300
1624692190497000,1,93.75000000,0.4330
1624692197110000,1,8814.11917421,0.4326
1624692482848000,1,47.95696471,0.4312
1624692826010000,0,93.75000000,0.4315
1624692826468000,0,19318.75429763,0.4315
1624692837313000,0,250.00000000,0.4313
1624692851783000,1,93.75000000,0.4306
1624692901832000,1,2416.00000000,0.4287
1624692902179000,0,59.43869000,0.4293
1624693005583000,1,235.61613112,0.4264
1624693017948000,0,59.96381000,0.4255
1624693036768000,1,2571.41176470,0.4250
1624693049700000,1,250.00000000,0.4228
1624693299539000,0,701.45303750,0.4268
1624693361726000,1,3400.00000000,0.4251
1624693361726000,1,66.74569339,0.4251
1624693361726000,1,457.47430661,0.4251
1624693369918000,0,8471.54897713,0.4263
1624693369918000,0,13097.50794455,0.4267
1624693369918000,0,2015.27486340,0.4267
1624693369918000,0,851.42571382,0.4267
1624693832325000,0,467.71206298,0.4268
1624693851727000,1,8718.88165005,0.4252
1624693889164000,0,470.24643075,0.4245
1624693988264000,1,8598.32720772,0.4247
1624693988264000,1,47.35148567,0.4247
1624693988264000,1,3400.00000000,0.4247
1624693988264000,1,47.35148567,0.4247
1624693988264000,1,123.32456528,0.4246
1624693988264000,1,3039.51525566,0.4246
1624694042475000,0,93.75000000,0.4252
1624694086826000,0,8023.61248188,0.4254
1624694198787000,0,1717.53370883,0.4261
1624694198840000,0,1690.16809265,0.4261
1624694198892000,0,1689.88213238,0.4261
1624694198950000,0,953.00000000,0.4261
1624694199018000,0,36849.41606614,0.4261
1624694388565000,0,55320.00000000,0.4262
1624694569999000,1,93.75000000,0.4264
1624694671346000,0,1860.00000000,0.4247
1624694888350000,1,262.34540004,0.4220
1624694888350000,1,100.81482769,0.4220
1624694888351000,1,0.00000001,0.4220
1624694902946000,0,60.47967000,0.4220
1624695172781000,0,8480.08618299,0.4206
1624695776714000,0,93.75000000,0.4236
1624695793836000,0,3332.00000000,0.4238
1624695957575000,1,8055.64697801,0.4221
1624695957575000,1,3400.00000000,0.4221
1624695957575000,1,8539.77367146,0.4220
1624695958038000,0,59242.60584446,0.4220
1624696202035000,0,4989.28009288,0.4242
1624696209743000,0,1578.80442553,0.4246
1624696320686000,0,1103.27420000,0.4265
1624696320830000,0,2910.70937456,0.4265
1624696396987000,0,5028.58473772,0.4275
1624696396987000,0,33132.99816725,0.4277
1624696544086000,1,93.75000000,0.4269
1624696606946000,0,93.75000000,0.4268
1624696607928000,0,8527.07620964,0.4272
1624696623360000,1,93.75000000,0.4267
1624696755674000,1,1169.42850000,0.4254
1624696755712000,1,0.00007814,0.4254
1624696759242000,0,2345.03185162,0.4254
1624696821444000,1,8751.75128426,0.4236
1624697120789000,0,58800.00000000,0.4234
1624697310892000,0,93.75000000,0.4237
1624697364917000,0,124.19000000,0.4241
1624697540808000,0,352.49570166,0.4234
1624697578707000,1,93.75000000,0.4226
1624697601819000,1,2581.00000000,0.4224
1624697673120000,0,8420.34727705,0.4232
1624697820592000,0,3492.00000000,0.4221
1624697846566000,0,3400.00000000,0.4229
1624697889752000,1,7960.63809857,0.4222
1624697919491000,1,3400.00000000,0.4229
1624697919491000,1,4197.55090000,0.4229
1624697919491000,1,8524.48045320,0.4229
1624697919491000,1,3400.00000000,0.4227
1624697919491000,1,8091.39248969,0.4227
1624697919491000,1,8528.61257633,0.4227
1624697919555000,0,93.75000000,0.4225
1624697919627000,0,8524.48045320,0.4225
1624697919711000,0,5239.73312758,0.4225
1624697960135000,0,3358.42001522,0.4237
1624698006827000,0,117.46249557,0.4235
1624698041755000,0,110.64356002,0.4253
1624698042704000,0,386.48670798,0.4253
1624698148032000,0,1020.32214006,0.4233
1624698265767000,0,255.71793576,0.4235
1624698365789000,1,93.75000000,0.4224
1624698413636000,0,3198.76062107,0.4233
1624698435061000,0,93.75000000,0.4237
1624698609210000,0,114.37000000,0.4234
1624698775902000,1,3400.00000000,0.4240
1624698855274000,0,3701.11246067,0.4231
1624698860266000,0,3400.00000000,0.4228
1624698860266000,0,4968.28455898,0.4228
1624698867125000,0,3332.00000000,0.4232
1624698968598000,0,3332.00000000,0.4232
1624698968607000,0,68.00000000,0.4232
1624698968618000,0,5292.00000000,0.4232
1624699001821000,1,93.75000000,0.4224
1624699034217000,0,130.34000000,0.4227
1624699080209000,0,3400.00000000,0.4233
1624699080209000,0,2853.83423323,0.4233
1624699112756000,0,93.75000000,0.4234
1624699340906000,0,1361.74540000,0.4253
1624699799296000,0,8277.85229525,0.4274
1624699800534000,0,165.55704591,0.4274
1624699817409000,1,93.75000000,0.4269
1624699890011000,0,93.75000000,0.4283
1624699937584000,0,8264.02355798,0.4280
1624699948291000,0,358.12772273,0.4280
1624699956478000,1,926.72101660,0.4281
1624699975295000,0,7226.40210000,0.4296
1624699975295000,0,1859.46465983,0.4296
1624700049033000,0,8255.16299793,0.4286
1624700059154000,1,93.75000000,0.4289
1624700122155000,0,112.85000000,0.4289
1624700266173000,0,93.75000000,0.4281
1624700266394000,0,1268.13069000,0.4281
1624700301193000,1,388.50608858,0.4289
1624700314151000,1,60.47967000,0.4291
1624700331757000,0,980.00000000,0.4300
1624700340144000,0,20.00000000,0.4300
1624700430054000,1,3400.00000000,0.4316
1624700451962000,1,3400.00000000,0.4313
1624700451962000,1,8068.53961921,0.4313
1624700463298000,1,3400.00000000,0.4316
1624700470162000,1,8359.67547565,0.4315
1624700470360000,1,93.75000000,0.4314
1624700470477000,1,119.22534901,0.4314
1624700483135000,1,8370.20763250,0.4312
1624700526252000,1,825.00000000,0.4302
1624700589014000,0,3824.00000000,0.4303
1624700628956000,1,126.30600708,0.4293
1624700642415000,0,8225.00000000,0.4293
1624700703099000,1,7935.23212764,0.4286
1624700710480000,1,78.21775853,0.4281
1624700834758000,0,93.75000000,0.4295
1624700837267000,0,521.01320000,0.4295
1624700875477000,0,7815.61559457,0.4306
1624700875665000,0,159.50235907,0.4306
1624700947941000,1,8113.69411480,0.4305
1624701006216000,0,8396.00000000,0.4306
1624701046992000,1,8586.88743970,0.4302
1624701060537000,0,8769.00000000,0.4306
1624701273129000,1,59.96381000,0.4331
1624701283788000,0,3332.00000000,0.4337
1624701395023000,0,406.28436567,0.4322
1624701452009000,0,8374.15819721,0.4325
1624701471434000,1,8363.12676206,0.4320
1624701684369000,0,406.81729951,0.4337
1624701793440000,0,8239.60526786,0.4331
1624701806562000,1,8007.05197942,0.4331
1624701837884000,0,436.46480434,0.4331
1624701937655000,0,8816.17460051,0.4333
1624701991667000,1,93.75000000,0.4322
1624701993798000,1,8013.49975835,0.4322
1624702137690000,0,3400.00000000,0.4308
1624702278680000,0,1325.00000000,0.4306
1624702315147000,0,3400.00000000,0.4307
1624702397661000,0,7827.00000000,0.4312
1624702432058000,1,8740.21790435,0.4312
1624702437432000,0,8375.00000000,0.4314
1624702445407000,0,8499.00000000,0.4316
1624702447789000,0,387.00000000,0.4316
1624702477336000,1,7968.80060239,0.4314
1624702520113000,1,8576.30019361,0.4299
1624702589029000,0,8559.00000000,0.4313
1624702687196000,0,8383.00000000,0.4310
1624702689225000,0,0.69376705,0.4310
1624702689225000,0,8383.30623295,0.4310
1624702703809000,0,2540.00000000,0.4310
1624702704922000,0,0.38753410,0.4310
1624702704922000,0,93.36246590,0.4310
1624702717832000,0,8381.00000000,0.4311
1624702743004000,0,8497.00000000,0.4317
1624702766778000,1,8774.22383798,0.4312
1624702787742000,0,8369.00000000,0.4318
1624702820088000,0,8219.00000000,0.4309
1624702823456000,0,3400.00000000,0.4309
1624702856061000,0,4552.00000000,0.4309
1624702867585000,1,8004.91556641,0.4309
1624702882166000,0,320.00000000,0.4307
1624702885976000,0,2331.00000000,0.4308
1624702892995000,0,8386.00000000,0.4309
1624702897954000,0,0.32074517,0.4309
1624702926688000,1,8688.95496308,0.4306
1624702935515000,0,6225.00000000,0.4309
1624702969704000,0,921.44763960,0.4309
1624703152165000,0,8192.40071227,0.4322
1624703345311000,0,8205.29320695,0.4314
1624703416766000,0,990.78000000,0.4315
1624703521732000,1,8589.68043472,0.4299
1624703557495000,0,3400.00000000,0.4297
1624703557495000,0,3336.84899732,0.4298
1624703581277000,0,2279.01105547,0.4299
1624703582280000,0,2279.29815254,0.4299
1624703583305000,0,1759.51718010,0.4299
1624703645421000,0,8230.05510724,0.4302
1624703770410000,0,5912.05176354,0.4303
1624704026048000,0,316.01931957,0.4313
1624704040586000,0,685.86599851,0.4312
1624704190408000,1,8458.70840933,0.4285
1624704190408000,1,627.15835050,0.4282
1624704231345000,0,3332.00000000,0.4277
1624704236260000,0,658.85732699,0.4277
1624704238574000,0,3400.00000000,0.4277
1624704238574000,0,8005.13589377,0.4278
1624704259137000,0,2621.76840714,0.4284
1624704341274000,1,93.75000000,0.4275
1624704365416000,0,1959.88354438,0.4280
1624704365442000,0,1440.11645562,0.4280
1624704501188000,0,7922.52006288,0.4297
1624704604123000,0,4928.00000000,0.4302
1624704669632000,0,8397.00000000,0.4304
1624704675822000,1,8076.00000000,0.4301
1624704698525000,0,2822.00000000,0.4304
1624704703311000,0,867.00000000,0.4304
1624704708315000,0,0.39654495,0.4304
1624704708315000,0,8392.60345505,0.4305
1624704718562000,0,0.00374980,0.4305
1624704718562000,0,6963.99625020,0.4306
1624704809746000,0,8406.00000000,0.4298
1624704867138000,0,3400.00000000,0.4299
1624704867262000,0,8235.15965820,0.4299
1624704867321000,0,168.06448282,0.4299
1624704875762000,0,8403.00000000,0.4299
1624704897615000,0,8404.48008605,0.4299
1624704937349000,0,3250.68559580,0.4319
1624705190232000,0,6059.88326099,0.4324
1624705219508000,0,3803.00000000,0.4331
1624705221137000,0,645.82783226,0.4331
1624705222398000,0,1163.00000000,0.4331
1624705223991000,0,93.75000000,0.4331
1624705276159000,0,8351.00000000,0.4326
1624705276239000,0,0.70519692,0.4326
1624705333645000,0,4797.96975213,0.4360
1624705351694000,0,3400.00000000,0.4358
1624705351694000,0,4114.59390000,0.4358
1624705351694000,0,1348.50761000,0.4358
1624705351694000,0,30.31147778,0.4359
1624705360718000,0,8139.01446581,0.4352
1624705371293000,0,68.62872448,0.4350
1624705376401000,1,7980.09328915,0.4343
1624705388158000,0,115.00000000,0.4355
1624705571295000,1,93.75000000,0.4340
1624705571475000,1,8704.24808986,0.4340
1624705601828000,0,8002.00000000,0.4334
1624705635543000,0,8329.00000000,0.4338
1624705649736000,0,8338.00000000,0.4335
1624705649815000,0,0.71170948,0.4335
1624705768900000,0,93.75000000,0.4353
1624705779088000,0,8301.00000000,0.4353
1624705779127000,0,0.33879219,0.4353
1624705846518000,1,59.43869000,0.4370
1624705865833000,1,8027.07569354,0.4361
1624705979898000,0,8267.84655204,0.4370
1624706081136000,0,8282.00000000,0.4363
1624706084989000,0,8393.00000000,0.4368
1624706283666000,0,8305.00000000,0.4351
1624706344926000,0,8719.94848073,0.4362
1624706344926000,0,4971.05151927,0.4362
1624706374278000,1,5762.00000000,0.4367
1624706404557000,1,8600.34180310,0.4364
1624706458929000,1,8780.67945563,0.4357
1624706458929000,1,4076.28690000,0.4357
1624706562051000,0,829.00000000,0.4357
1624706564063000,0,0.25942171,0.4357
1624706564063000,0,8345.74057829,0.4359
1624706570243000,0,4143.00000000,0.4360
1624706573294000,0,0.64902768,0.4360
1624706573294000,0,2760.35097232,0.4360
1624706648788000,1,8355.73215714,0.4356
1624706849693000,0,8242.38479348,0.4355
1624706925279000,0,222.35000000,0.4355
1624707032109000,1,8772.15520077,0.4353
1624707032109000,1,3400.00000000,0.4353
1624707125339000,0,8784.00000000,0.4358
1624707159562000,0,8100.00000000,0.4358
1624707261143000,1,7958.07415395,0.4360
1624707365867000,0,8478.00000000,0.4362
1624707377466000,0,13830.00000000,0.4366
1624707435067000,1,8789.37123174,0.4370
1624707572165000,0,8295.00000000,0.4369
1624707634973000,0,4135.00000000,0.4368
1624707635027000,0,0.49895615,0.4368
1624707688823000,1,8695.52573560,0.4380
1624707795877000,0,920.05281854,0.4399
1624707839343000,0,1540.32890956,0.4396
1624707929704000,1,8099.31336873,0.4381
1624707945706000,0,1649.00000000,0.4382
1624708021998000,0,8767.00000000,0.4378
1624708052796000,0,4125.00000000,0.4380
1624708069927000,0,2475.00000000,0.4379
1624708069945000,0,0.34160063,0.4379
1624708075374000,0,0.38158593,0.4380
1624708075374000,0,0.22982564,0.4382
1624708075374000,0,680.38858843,0.4383
1624708089136000,0,823.00000000,0.4388
1624708089185000,0,0.49215998,0.4388
1624708100586000,0,823.00000000,0.4393
1624708160059000,0,8688.01310000,0.4404
1624708177627000,0,73.93640000,0.4402
1624708178657000,1,73.92540000,0.4402
1624708203590000,1,93.75000000,0.4399
1624708383845000,0,93.75000000,0.4396
1624708424828000,1,93.75000000,0.4391
1624708951497000,1,8776.34700883,0.4379
1624709077828000,0,93.75000000,0.4380
1624709396455000,0,8270.12929552,0.4378
1624709498969000,1,93.75000000,0.4378
1624709612427000,0,335.15039100,0.4382
1624709657916000,1,8056.67662438,0.4377
1624709679494000,0,93.75000000,0.4378
1624710278729000,0,8830.00000000,0.4389
1624710322590000,0,45.23046502,0.4400
1624710349429000,0,1952.09096350,0.4408
1624710349429000,0,1815.94431373,0.4408
1624710405910000,1,58.83573000,0.4410
1624710447037000,1,93.75000000,0.4404
1624710551516000,0,2261.11184838,0.4401
1624710668490000,1,8848.24048963,0.4389
1624710936140000,0,93.75000000,0.4416
1624711867295000,0,207.63000000,0.4385
1624711962550000,1,93.75000000,0.4376
1624711991800000,0,1954.48371081,0.4374
1624712029954000,0,6270.00000000,0.4369
1624712110336000,1,3400.00000000,0.4363
1624712110336000,1,5493.41298778,0.4363
1624713341509000,0,93.75000000,0.4384
1624713461818000,0,3400.00000000,0.4387
1624713461818000,0,5404.95348042,0.4387
1624713590981000,1,93.75000000,0.4392
1624713674479000,1,8193.42595887,0.4385
1624713938603000,1,1506.69240000,0.4367
1624714017503000,0,1526.00000000,0.4362
1624714141835000,0,8492.00000000,0.4371
1624714330834000,1,3400.00000000,0.4340
1624714330834000,1,5404.95348042,0.4340
1624714736274000,1,8585.31110671,0.4345
1624714764851000,0,62.14273000,0.4338
1624714791402000,1,130.72808680,0.4319
1624714791402000,1,130.72808680,0.4319
1624714791402000,1,3400.00000000,0.4319
1624714791402000,1,106.58382640,0.4319
1624715086417000,1,50.00000000,0.4300
1624715197785000,0,62.86434000,0.4289
1624715676888000,0,154.20954752,0.4290
1624715699666000,0,7979.25435351,0.4291
1624715878278000,0,93.75000000,0.4304
1624716378973000,0,237.27966121,0.4250
1624716820736000,1,93.75000000,0.4257
1624717439272000,0,90.09800000,0.4286
1624717504112000,0,524.21507374,0.4277
1624717710351000,1,600.00000000,0.4281
1624718470225000,0,93.75000000,0.4306
1624718523967000,1,93.75000000,0.4308
1624718595461000,0,3756.80100633,0.4313
1624718980118000,0,93.75000000,0.4315
1624719115628000,1,93.75000000,0.4364
1624719156060000,0,111.14000000,0.4358
1624719614102000,0,93.75000000,0.4342
1624719618614000,0,100.00000000,0.4350
1624719639129000,1,3756.80000000,0.4343
1624719670196000,0,109.52641300,0.4335
1624719753762000,0,706.00000000,0.4313
1624719798653000,1,93.75000000,0.4306
1624719868715000,0,3400.00000000,0.4308
1624719868715000,0,370.33241260,0.4308
1624719887183000,0,7107.00000000,0.4306
1624719974443000,0,93.75000000,0.4306
1624720070839000,1,93.75000000,0.4316
1624720375049000,1,50.00000000,0.4315
1624720381773000,0,651.92413041,0.4315
1624720703702000,1,8298.00000000,0.4313
1624720713215000,1,50.00000000,0.4310
1624720878609000,0,341.00000000,0.4306
1624720897627000,0,7993.00000000,0.4310
1624721244583000,0,112.11000000,0.4319
1624721245777000,0,8253.00000000,0.4319
1624721834500000,1,800.13580000,0.4311
1624721878162000,1,50.00000000,0.4310
1624721963575000,0,3363.00000000,0.4309
1624722562903000,0,178.64000000,0.4337
1624722745283000,1,8586.02026114,0.4329
1624722778132000,0,93.75000000,0.4326
1624722778486000,0,8150.21852698,0.4326
1624722895642000,1,93.75000000,0.4355
1624722972491000,0,8304.25034117,0.4351
1624723013446000,0,111.17000000,0.4357
1624723014397000,0,93.75000000,0.4357
1624723051458000,1,93.75000000,0.4348
1624723145262000,1,8844.00000000,0.4347
1624723196619000,0,1981.00000000,0.4343
1624723196619000,0,0.11353360,0.4343
1624723308172000,1,84.00000000,0.4323
1624723308489000,1,0.91085912,0.4323
1624723503470000,1,1000.00000000,0.4314
1624723723575000,1,2000.00000000,0.4315
1624723735270000,1,1000.00000000,0.4310
1624723802565000,1,1000.00000000,0.4290
1624723818695000,0,8150.45254292,0.4293
1624723884748000,1,500.00000000,0.4287
1624723969805000,1,500.00000000,0.4280
1624724034404000,1,100.00000000,0.4270
1624724174408000,1,200.00000000,0.4250
1624724404140000,1,201.31208997,0.4268
1624724873704000,1,100.00000000,0.4278
1624724874770000,1,500.00000000,0.4278
1624725235012000,1,82.97375700,0.4286
1624725252512000,1,50.00000000,0.4280
1624725300829000,1,8549.75197969,0.4275
1624725318731000,1,50.00000000,0.4272
1624725327760000,1,50.00000000,0.4270
1624725347571000,1,50.00000000,0.4265
1624725360595000,0,217.10428524,0.4268
1624725370104000,0,8612.00000000,0.4277
1624725528677000,1,105.19922389,0.4278
1624725556781000,0,93.63700000,0.4283
1624725627430000,0,8425.00000000,0.4289
1624725715650000,1,93.75000000,0.4300
1624725740515000,0,93.75000000,0.4304
1624725912333000,1,93.75000000,0.4284
1624726037475000,0,93.75000000,0.4303
1624726088985000,1,93.75000000,0.4296
1624726113713000,0,70.06000000,0.4298
1624727123439000,1,8691.00000000,0.4322
1624727179987000,0,1092.90297368,0.4325
1624727194679000,0,93.75000000,0.4327
1624728299920000,1,2495.85354589,0.4317
1624728305439000,0,1799.00000000,0.4323
1624728907514000,1,93.75000000,0.4316
1624729159376000,0,93.75000000,0.4305
1624729499049000,0,1044.69108218,0.4314
1624729525506000,1,93.75000000,0.4306
1624729567845000,0,93.75000000,0.4314
1624729715376000,0,49.00000000,0.4325
1624729715382000,0,1.00000000,0.4325
1624729715765000,0,149.07466352,0.4327
1624729728817000,0,1897.47675289,0.4331
1624729878442000,0,200.00000000,0.4340
1624729892102000,0,8474.66552963,0.4347
1624729939100000,1,93.75000000,0.4345
1624730104415000,0,93.75000000,0.4349
1624730215936000,0,100.00000000,0.4360
1624730253436000,1,62.86434000,0.4361
1624730263053000,0,99.99999999,0.4370
1624730263058000,0,0.00000001,0.4370
1624730337555000,0,4106.00580000,0.4374
1624730337555000,0,4591.98816501,0.4374
1624730351429000,1,93.75000000,0.4369
1624730383061000,1,8363.00000000,0.4369
1624730499714000,0,332.37000000,0.4369
1624730844354000,1,3770.33000000,0.4355
1624730873094000,0,93.75000000,0.4361
1624730924519000,0,123.96316504,0.4359
1624731262331000,0,200.00000000,0.4390
1624731840664000,0,3400.00000000,0.4365
1624731840664000,0,3329.70606428,0.4365
1624731862971000,1,3400.00000000,0.4363
1624731862971000,1,3329.70606428,0.4362
1624732023252000,0,8611.00000000,0.4356
1624732303299000,0,200.00000000,0.4350
1624732395668000,1,93.75000000,0.4349
1624732406397000,1,200.00000000,0.4344
1624732549268000,0,93.75000000,0.4354
1624732642281000,1,93.75000000,0.4356
1624732780991000,1,4047.00000000,0.4353
1624732878616000,1,8387.00000000,0.4351
1624732982985000,0,93.75000000,0.4341
1624732984360000,0,120.00033276,0.4341
1624732984698000,0,8028.55140000,0.4341
1624733028492000,1,93.75000000,0.4339
1624733467998000,0,93.75000000,0.4350
1624733573131000,0,133.67000000,0.4347
1624734099810000,0,1083.80568231,0.4361
1624735668903000,0,94.59178000,0.4317
1624735745930000,1,3400.00000000,0.4320
1624735745930000,1,5297.99396501,0.4320
1624736609849000,1,93.75000000,0.4331
1624737007368000,0,93.75000000,0.4325
1624737213790000,1,93.75000000,0.4323
1624737518944000,1,200.00000000,0.4312
1624737870635000,0,95.00989000,0.4298
1624738045254000,0,542.44100693,0.4290
1624738059538000,0,3400.00000000,0.4293
1624738059538000,0,408.02864662,0.4294
1624738217123000,0,54.12700000,0.4290
1624738348184000,1,636.55958772,0.4292
1624738371077000,1,50.00000000,0.4291
1624738499457000,1,100.00000000,0.4285
1624738518846000,1,500.00000000,0.4280
1624738534186000,0,95.44063000,0.4279
1624738843845000,0,132.12295292,0.4293
1624739573514000,1,3808.03000000,0.4300
1624739745559000,1,100.00000000,0.4293
1624740790753000,0,3400.00000000,0.4299
1624740790753000,0,392.52218112,0.4299
1624740821165000,1,50.00000000,0.4293
1624740856768000,1,100.00000000,0.4290
1624741093951000,1,50.00000000,0.4294
1624741125981000,1,50.00000000,0.4294
1624741334257000,1,490.00000000,0.4290
1624741334279000,1,10.00000000,0.4290
1624741714347000,1,1000.00000000,0.4280
1624741901994000,1,100.00000000,0.4274
1624741919173000,1,98.00000000,0.4270
1624741919192000,1,2.00000000,0.4270
1624742315421000,0,93.75000000,0.4284
1624742317630000,0,2322.81644372,0.4284
1624742816692000,1,100.00000000,0.4294
1624743205067000,0,371.55728364,0.4309
1624743592301000,0,49.00000000,0.4320
1624743593096000,0,1.00000000,0.4320
1624743836199000,0,50.00000000,0.4320
1624743899918000,1,93.75000000,0.4312
1624744025146000,0,93.75000000,0.4330
1624744027414000,0,6.25000000,0.4330
1624744029006000,0,99.99999999,0.4340
1624744029088000,0,0.00000001,0.4340
1624744034018000,0,100.00000000,0.4350
1624744624257000,1,196.00000000,0.4342
1624744632686000,1,93.75000000,0.4342
1624744636969000,1,3792.52000000,0.4339
1624744886424000,0,1805.40982644,0.4352
1624744894326000,0,93.75000000,0.4354
1624744897657000,1,71.20838000,0.4351
1624745302520000,1,669.00000000,0.4353
1624745305136000,1,0.70097430,0.4353
1624745438236000,0,100.00000000,0.4358
1624745442282000,0,100.00000000,0.4361
1624745891458000,0,8324.00000000,0.4359
1624746056634000,1,93.75000000,0.4357
1624746117190000,1,8077.52016959,0.4358
1624746244846000,0,8017.00000000,0.4359
1624746245860000,0,50.00000000,0.4362
1624746358755000,0,100.00000000,0.4370
1624746549432000,1,8762.09187101,0.4369
1624746661086000,0,6701.93726396,0.4369
1624746731352000,0,500.00000000,0.4375
1624746731979000,1,67.99551000,0.4372
1624746742643000,0,167.35692930,0.4380
1624746804362000,1,8348.05469341,0.4377
1624746875198000,0,332.00000000,0.4380
1624746875298000,0,0.64307070,0.4380
1624747083070000,0,117.91312311,0.4375
1624747084453000,0,8448.00000000,0.4375
1624747338888000,1,50.00000000,0.4370
1624747561064000,0,93.75000000,0.4384
1624747566762000,0,6.25000000,0.4384
1624747605780000,1,8056.36654220,0.4387
1624747804970000,0,100.00000000,0.4390
1624747822747000,1,64.85755000,0.4390
1624748048486000,0,8501.00000000,0.4388
1624748330796000,1,93.75000000,0.4393
1624748406328000,0,93.75000000,0.4398
1624748411102000,0,105.00000000,0.4398
1624748411152000,0,0.25000000,0.4398
1624748446139000,1,93.75000000,0.4397
1624748458631000,1,8145.07653614,0.4394
1624748507223000,0,93.75000000,0.4386
1624748664063000,0,8706.00000000,0.4374
1624748664077000,0,0.56538024,0.4374
1624748697356000,1,3000.00000000,0.4372
1624748948266000,0,1234.00000000,0.4400
1624748948266000,0,30000.00000000,0.4400
1624749130089000,1,93.75000000,0.4399
1624749237239000,1,50.00000000,0.4390
1624749297220000,1,80.32492233,0.4392
1624749311675000,1,8235.83502942,0.4392
1624749636736000,0,8335.00000000,0.4386
1624749786430000,1,8058.74372737,0.4394
1624749904061000,0,93.75000000,0.4395
1624750023516000,0,8396.00000000,0.4386
1624750130520000,1,8071.86986883,0.4385
1624750222665000,0,8156.00000000,0.4390
1624750222687000,0,0.12672938,0.4390
1624750222918000,0,100.00000000,0.4390
1624750476269000,1,8218.33304796,0.4392
1624750562883000,0,316.00000000,0.4394
1624750738462000,0,8537.00000000,0.4384
1624750911167000,0,200.00000000,0.4390
1624751005222000,0,49.00000000,0.4399
1624751005552000,0,1.00000000,0.4399
1624751230356000,1,8658.43779811,0.4401
1624751336587000,0,8187.12145030,0.4395
1624751432841000,1,69.93730947,0.4386
1624751432841000,1,20.06269053,0.4385
1624751537123000,0,500.00000000,0.4400
1624751865070000,0,200.00000000,0.4410
1624751872068000,1,61.74809000,0.4413
1624751873741000,0,100.00000000,0.4420
1624751951454000,0,300.00000000,0.4440
1624751951454000,0,92.99999999,0.4440
1624751951456000,0,0.00000001,0.4440
1624751958457000,1,86.03889000,0.4443
1624751987842000,1,79.96777681,0.4446
