timestamp ms,type,amount,price
1624665867336000,1,7990.40301704,0.4371
1624665890592000,0,93.75000000,0.4373
1624666033237000,1,93.75000000,0.4422
1624666244548000,0,88.18000000,0.4393
1624666440302000,0,93.75000000,0.4428
1624666561816000,0,7035.00000000,0.4443
1624666645715000,1,93.75000000,0.4450
1624666737445000,0,4471.00000000,0.4465
1624666783946000,0,93.75000000,0.4464
1624666924169000,0,5010.00000000,0.4453
1624666966627000,1,93.75000000,0.4453
1624667045154000,0,3687.00000000,0.4448
1624667127643000,0,2461.00000000,0.4440
1624667187564000,0,4289.00000000,0.4458
1624667306719000,0,8084.00000000,0.4462
1624667333851000,0,108.32000000,0.4470
1624667348141000,1,8492.74015550,0.4462
1624667463651000,0,114.61142600,0.4483
1624667473519000,0,57.30571299,0.4488
1624667473532000,0,0.00000001,0.4488
1624667484139000,1,67.38542000,0.4495
1624667561748000,0,93.75000000,0.4512
1624668221234000,1,93.75000000,0.4501
1624668221333000,1,2663.14745434,0.4501
1624668604493000,0,64.37000000,0.4514
1624668804917000,0,5629.00000000,0.4486
1624668804932000,0,0.66361058,0.4486
1624668805036000,0,93.75000000,0.4487
1624668865517000,0,2414.00000000,0.4483
1624668865555000,0,0.53334705,0.4483
1624668938371000,0,3400.00000000,0.4480
1624668938481000,1,4375.49380649,0.4480
1624669120656000,1,804.08571656,0.4487
1624669365668000,0,3204.00000000,0.4470
1624669509550000,1,93.75000000,0.4470
1624669704157000,0,93.75000000,0.4473
1624669907342000,1,93.75000000,0.4456
1624670627592000,0,213.64000000,0.4437
1624670627626000,0,3186.36000000,0.4437
1624670834426000,0,7977.54220008,0.4432
1624671516543000,0,69.21556000,0.4399
1624671533680000,0,93.75000000,0.4394
1624671533742000,0,8117.80029999,0.4394
1624671959562000,1,93.75000000,0.4376
1624673369077000,1,57.60366000,0.4474
1624674036728000,1,8585.49256723,0.4447
1624674062231000,0,93.75000000,0.4440
1624674075242000,0,2050.00000000,0.4442
1624674428928000,0,475.00000000,0.4423
1624674430913000,0,7567.00000000,0.4423
1624674488891000,1,93.75000000,0.4424
1624674902948000,1,461.55556998,0.4405
1624674902951000,1,2938.44443002,0.4405
1624674902951000,1,580.22321864,0.4405
1624675764619000,0,8110.00000000,0.4450
1624675764644000,0,0.50966021,0.4450
1624675994289000,1,8114.10402600,0.4455
1624676019259000,0,434.94000000,0.4453
1624676312713000,0,93.75000000,0.4459
1624676312803000,0,1811.00000000,0.4459
1624677606205000,0,74.59028700,0.4455
1624678190449000,1,93.75000000,0.4458
1624678222894000,0,410.00000000,0.4475
1624678229900000,0,0.78665500,0.4475
1624678253479000,0,80.51418438,0.4480
1624678526208000,0,528.35748667,0.4474
1624678616323000,0,3400.00000000,0.4481
1624678616323000,0,7822.40887322,0.4481
1624679469943000,1,93.75000000,0.4469
1624680157471000,0,3291.86806926,0.4486
1624680157945000,0,93.75000000,0.4488
1624680279204000,0,1914.00000000,0.4488
1624681517341000,1,93.75000000,0.4470
1624682410500000,0,8050.27463415,0.4482
1624682410500000,0,2634.61536585,0.4483
1624683121230000,1,8106.00000000,0.4494
1624683179636000,0,93.75000000,0.4495
1624683180834000,0,8069.71350000,0.4495
1624683610712000,0,5378.11920000,0.4520
1624683610842000,0,44621.88080000,0.4520
1624683753358000,0,1003.54056358,0.4550
1624683753390000,0,1200.78748982,0.4550
1624683759858000,1,64.36391000,0.4542
1624683833268000,1,93.75000000,0.4553
1624683869187000,1,3400.00000000,0.4550
1624683869187000,1,8384.82740055,0.4549
1624683888278000,0,3261.14283519,0.4557
1624684031449000,0,8117.00000000,0.4540
1624684626627000,1,1630.57141760,0.4522
1624684713398000,0,93.75000000,0.4513
1624684957287000,1,93.75000000,0.4506
1624687455828000,0,93.75000000,0.4510
1624687568126000,0,107.10000000,0.4521
1624687753250000,1,93.75000000,0.4526
1624688411526000,0,93.75000000,0.4521
1624688586953000,1,93.75000000,0.4525
1624689496323000,1,1630.57141759,0.4506
1624689815497000,0,57.24027000,0.4458
1624690223096000,0,93.75000000,0.4444
1624690282699000,1,93.75000000,0.4433
1624690324527000,0,3115.00000000,0.4435
1624690487345000,0,7746.00000000,0.4433
1624690505842000,0,8135.26698073,0.4435
1624691141459000,0,57.76500000,0.4417
1624691156137000,1,3400.00000000,0.4406
1624691215868000,0,93.75000000,0.4399
1624691254969000,1,93.75000000,0.4399
1624691367695000,1,70.91500150,0.4396
1624691478800000,0,8063.06299843,0.4387
1624691508159000,0,58.27282000,0.4379
1624691713182000,0,93.75000000,0.4376
1624691795917000,1,93.75000000,0.4373
1624691878293000,1,106.26953133,0.4361
1624691894840000,1,412.84096447,0.4351
1624691910492000,1,5378.11920000,0.4350
1624691910492000,1,44621.88080000,0.4350
1624691935200000,0,2590.50803901,0.4357
1624691935257000,0,4411.94202088,0.4357
1624691935298000,0,93.75000000,0.4357
1624691935404000,0,525.80950501,0.4357
1624691935530000,0,32997.99043510,0.4357
1624691937426000,1,3400.00000000,0.4357
1624691937426000,1,5639.21636477,0.4354
1624691937428000,1,2625.88805816,0.4354
1624691937428000,1,176.42850344,0.4350
1624691937428000,1,8271.55755037,0.4350
1624692032278000,1,108.11840753,0.4326
1624692032278000,1,108.25975510,0.4326
1624692034042000,0,58.83573000,0.4325
1624692034405000,1,3400.00000000,0.4311
1624692035531000,1,145.00000000,0.4300
1624692190497000,1,93.75000000,0.4330
1624692197110000,1,8814.11917421,0.4326
1624692482848000,1,47.95696471,0.4312
1624692826010000,0,93.75000000,0.4315
1624692826468000,0,19318.75429763,0.4315
1624692837313000,0,250.00000000,0.4313
1624692851783000,1,93.75000000,0.4306
1624692901832000,1,2416.00000000,0.4287
1624692902179000,0,59.43869000,0.4293
1624693005583000,1,235.61613112,0.4264
1624693017948000,0,59.96381000,0.4255
1624693036768000,1,2571.41176470,0.4250
1624693049700000,1,250.00000000,0.4228
1624693299539000,0,701.45303750,0.4268
1624693361726000,1,3400.00000000,0.4251
1624693361726000,1,66.74569339,0.4251
1624693361726000,1,457.47430661,0.4251
1624693369918000,0,8471.54897713,0.4263
1624693369918000,0,13097.50794455,0.4267
1624693369918000,0,2015.27486340,0.4267
1624693369918000,0,851.42571382,0.4267
1624693832325000,0,467.71206298,0.4268
1624693851727000,1,8718.88165005,0.4252
1624693889164000,0,470.24643075,0.4245
1624693988264000,1,8598.32720772,0.4247
1624693988264000,1,47.35148567,0.4247
1624693988264000,1,3400.00000000,0.4247
1624693988264000,1,47.35148567,0.4247
1624693988264000,1,123.32456528,0.4246
1624693988264000,1,3039.51525566,0.4246
1624694042475000,0,93.75000000,0.4252
1624694086826000,0,8023.61248188,0.4254
1624694198787000,0,1717.53370883,0.4261
1624694198840000,0,1690.16809265,0.4261
1624694198892000,0,1689.88213238,0.4261
1624694198950000,0,953.00000000,0.4261
1624694199018000,0,36849.41606614,0.4261
1624694388565000,0,55320.00000000,0.4262
1624694569999000,1,93.75000000,0.4264
1624694671346000,0,1860.00000000,0.4247
1624694888350000,1,262.34540004,0.4220
1624694888350000,1,100.81482769,0.4220
1624694888351000,1,0.00000001,0.4220
1624694902946000,0,60.47967000,0.4220
1624695172781000,0,8480.08618299,0.4206
1624695776714000,0,93.75000000,0.4236
1624695793836000,0,3332.00000000,0.4238
1624695957575000,1,8055.64697801,0.4221
1624695957575000,1,3400.00000000,0.4221
1624695957575000,1,8539.77367146,0.4220
1624695958038000,0,59242.60584446,0.4220
1624696202035000,0,4989.28009288,0.4242
1624696209743000,0,1578.80442553,0.4246
1624696320686000,0,1103.27420000,0.4265
1624696320830000,0,2910.70937456,0.4265
1624696396987000,0,5028.58473772,0.4275
1624696396987000,0,33132.99816725,0.4277
1624696544086000,1,93.75000000,0.4269
1624696606946000,0,93.75000000,0.4268
1624696607928000,0,8527.07620964,0.4272
1624696623360000,1,93.75000000,0.4267
1624696755674000,1,1169.42850000,0.4254
1624696755712000,1,0.00007814,0.4254
1624696759242000,0,2345.03185162,0.4254
1624696821444000,1,8751.75128426,0.4236
1624697120789000,0,58800.00000000,0.4234
1624697310892000,0,93.75000000,0.4237
1624697364917000,0,124.19000000,0.4241
1624697540808000,0,352.49570166,0.4234
1624697578707000,1,93.75000000,0.4226
1624697601819000,1,2581.00000000,0.4224
1624697673120000,0,8420.34727705,0.4232
1624697820592000,0,3492.00000000,0.4221
1624697846566000,0,3400.00000000,0.4229
1624697889752000,1,7960.63809857,0.4222
1624697919491000,1,3400.00000000,0.4229
1624697919491000,1,4197.55090000,0.4229
1624697919491000,1,8524.48045320,0.4229
1624697919491000,1,3400.00000000,0.4227
1624697919491000,1,8091.39248969,0.4227
1624697919491000,1,8528.61257633,0.4227
1624697919555000,0,93.75000000,0.4225
1624697919627000,0,8524.48045320,0.4225
1624697919711000,0,5239.73312758,0.4225
1624697960135000,0,3358.42001522,0.4237
1624698006827000,0,117.46249557,0.4235
1624698041755000,0,110.64356002,0.4253
1624698042704000,0,386.48670798,0.4253
1624698148032000,0,1020.32214006,0.4233
1624698265767000,0,255.71793576,0.4235
1624698365789000,1,93.75000000,0.4224
1624698413636000,0,3198.76062107,0.4233
1624698435061000,0,93.75000000,0.4237
1624698609210000,0,114.37000000,0.4234
1624698775902000,1,3400.00000000,0.4240
1624698855274000,0,3701.11246067,0.4231
1624698860266000,0,3400.00000000,0.4228
1624698860266000,0,4968.28455898,0.4228
1624698867125000,0,3332.00000000,0.4232
1624698968598000,0,3332.00000000,0.4232
1624698968607000,0,68.00000000,0.4232
1624698968618000,0,5292.00000000,0.4232
1624699001821000,1,93.75000000,0.4224
1624699034217000,0,130.34000000,0.4227
1624699080209000,0,3400.00000000,0.4233
1624699080209000,0,2853.83423323,0.4233
1624699112756000,0,93.75000000,0.4234
1624699340906000,0,1361.74540000,0.4253
1624699799296000,0,8277.85229525,0.4274
1624699800534000,0,165.55704591,0.4274
1624699817409000,1,93.75000000,0.4269
1624699890011000,0,93.75000000,0.4283
1624699937584000,0,8264.02355798,0.4280
1624699948291000,0,358.12772273,0.4280
1624699956478000,1,926.72101660,0.4281
1624699975295000,0,7226.40210000,0.4296
1624699975295000,0,1859.46465983,0.4296
1624700049033000,0,8255.16299793,0.4286
1624700059154000,1,93.75000000,0.4289
1624700122155000,0,112.85000000,0.4289
1624700266173000,0,93.75000000,0.4281
1624700266394000,0,1268.13069000,0.4281
1624700301193000,1,388.50608858,0.4289
1624700314151000,1,60.47967000,0.4291
1624700331757000,0,980.00000000,0.4300
1624700340144000,0,20.00000000,0.4300
1624700430054000,1,3400.00000000,0.4316
1624700451962000,1,3400.00000000,0.4313
1624700451962000,1,8068.53961921,0.4313
1624700463298000,1,3400.00000000,0.4316
1624700470162000,1,8359.67547565,0.4315
1624700470360000,1,93.75000000,0.4314
1624700470477000,1,119.22534901,0.4314
1624700483135000,1,8370.20763250,0.4312
1624700526252000,1,825.00000000,0.4302
1624700589014000,0,3824.00000000,0.4303
1624700628956000,1,126.30600708,0.4293
1624700642415000,0,8225.00000000,0.4293
1624700703099000,1,7935.23212764,0.4286
1624700710480000,1,78.21775853,0.4281
1624700834758000,0,93.75000000,0.4295
1624700837267000,0,521.01320000,0.4295
1624700875477000,0,7815.61559457,0.4306
1624700875665000,0,159.50235907,0.4306
1624700947941000,1,8113.69411480,0.4305
1624701006216000,0,8396.00000000,0.4306
1624701046992000,1,8586.88743970,0.4302
1624701060537000,0,8769.00000000,0.4306
1624701273129000,1,59.96381000,0.4331
1624701283788000,0,3332.00000000,0.4337
1624701395023000,0,406.28436567,0.4322
1624701452009000,0,8374.15819721,0.4325
1624701471434000,1,8363.12676206,0.4320
1624701684369000,0,406.81729951,0.4337
1624701793440000,0,8239.60526786,0.4331
1624701806562000,1,8007.05197942,0.4331
1624701837884000,0,436.46480434,0.4331
1624701937655000,0,8816.17460051,0.4333
1624701991667000,1,93.75000000,0.4322
1624701993798000,1,8013.49975835,0.4322
1624702137690000,0,3400.00000000,0.4308
1624702278680000,0,1325.00000000,0.4306
1624702315147000,0,3400.00000000,0.4307
1624702397661000,0,7827.00000000,0.4312
1624702432058000,1,8740.21790435,0.4312
1624702437432000,0,8375.00000000,0.4314
1624702445407000,0,8499.00000000,0.4316
1624702447789000,0,387.00000000,0.4316
1624702477336000,1,7968.80060239,0.4314
1624702520113000,1,8576.30019361,0.4299
1624702589029000,0,8559.00000000,0.4313
1624702687196000,0,8383.00000000,0.4310
1624702689225000,0,0.69376705,0.4310
1624702689225000,0,8383.30623295,0.4310
1624702703809000,0,2540.00000000,0.4310
1624702704922000,0,0.38753410,0.4310
1624702704922000,0,93.36246590,0.4310
1624702717832000,0,8381.00000000,0.4311
1624702743004000,0,8497.00000000,0.4317
1624702766778000,1,8774.22383798,0.4312
1624702787742000,0,8369.00000000,0.4318
1624702820088000,0,8219.00000000,0.4309
1624702823456000,0,3400.00000000,0.4309
1624702856061000,0,4552.00000000,0.4309
1624702867585000,1,8004.91556641,0.4309
1624702882166000,0,320.00000000,0.4307
1624702885976000,0,2331.00000000,0.4308
1624702892995000,0,8386.00000000,0.4309
1624702897954000,0,0.32074517,0.4309
1624702926688000,1,8688.95496308,0.4306
1624702935515000,0,6225.00000000,0.4309
1624702969704000,0,921.44763960,0.4309
1624703152165000,0,8192.40071227,0.4322
1624703345311000,0,8205.29320695,0.4314
1624703416766000,0,990.78000000,0.4315
1624703521732000,1,8589.68043472,0.4299
1624703557495000,0,3400.00000000,0.4297
1624703557495000,0,3336.84899732,0.4298
1624703581277000,0,2279.01105547,0.4299
1624703582280000,0,2279.29815254,0.4299
1624703583305000,0,1759.51718010,0.4299
1624703645421000,0,8230.05510724,0.4302
1624703770410000,0,5912.05176354,0.4303
1624704026048000,0,316.01931957,0.4313
1624704040586000,0,685.86599851,0.4312
1624704190408000,1,8458.70840933,0.4285
1624704190408000,1,627.15835050,0.4282
1624704231345000,0,3332.00000000,0.4277
1624704236260000,0,658.85732699,0.4277
1624704238574000,0,3400.00000000,0.4277
1624704238574000,0,8005.13589377,0.4278
1624704259137000,0,2621.76840714,0.4284
1624704341274000,1,93.75000000,0.4275
1624704365416000,0,1959.88354438,0.4280
1624704365442000,0,1440.11645562,0.4280
1624704501188000,0,7922.52006288,0.4297
1624704604123000,0,4928.00000000,0.4302
1624704669632000,0,8397.00000000,0.4304
1624704675822000,1,8076.00000000,0.4301
1624704698525000,0,2822.00000000,0.4304
1624704703311000,0,867.00000000,0.4304
1624704708315000,0,0.39654495,0.4304
1624704708315000,0,8392.60345505,0.4305
1624704718562000,0,0.00374980,0.4305
1624704718562000,0,6963.99625020,0.4306
1624704809746000,0,8406.00000000,0.4298
1624704867138000,0,3400.00000000,0.4299
1624704867262000,0,8235.15965820,0.4299
1624704867321000,0,168.06448282,0.4299
1624704875762000,0,8403.00000000,0.4299
1624704897615000,0,8404.48008605,0.4299
1624704937349000,0,3250.68559580,0.4319
1624705190232000,0,6059.88326099,0.4324
1624705219508000,0,3803.00000000,0.4331
1624705221137000,0,645.82783226,0.4331
1624705222398000,0,1163.00000000,0.4331
1624705223991000,0,93.75000000,0.4331
1624705276159000,0,8351.00000000,0.4326
1624705276239000,0,0.70519692,0.4326
1624705333645000,0,4797.96975213,0.4360
1624705351694000,0,3400.00000000,0.4358
1624705351694000,0,4114.59390000,0.4358
1624705351694000,0,1348.50761000,0.4358
1624705351694000,0,30.31147778,0.4359
1624705360718000,0,8139.01446581,0.4352
1624705371293000,0,68.62872448,0.4350
1624705376401000,1,7980.09328915,0.4343
1624705388158000,0,115.00000000,0.4355
1624705571295000,1,93.75000000,0.4340
1624705571475000,1,8704.24808986,0.4340
1624705601828000,0,8002.00000000,0.4334
1624705635543000,0,8329.00000000,0.4338
1624705649736000,0,8338.00000000,0.4335
1624705649815000,0,0.71170948,0.4335
1624705768900000,0,93.75000000,0.4353
1624705779088000,0,8301.00000000,0.4353
1624705779127000,0,0.33879219,0.4353
1624705846518000,1,59.43869000,0.4370
1624705865833000,1,8027.07569354,0.4361
1624705979898000,0,8267.84655204,0.4370
1624706081136000,0,8282.00000000,0.4363
1624706084989000,0,8393.00000000,0.4368
1624706283666000,0,8305.00000000,0.4351
1624706344926000,0,8719.94848073,0.4362
1624706344926000,0,4971.05151927,0.4362
1624706374278000,1,5762.00000000,0.4367
1624706404557000,1,8600.34180310,0.4364
1624706458929000,1,8780.67945563,0.4357
1624706458929000,1,4076.28690000,0.4357
1624706562051000,0,829.00000000,0.4357
1624706564063000,0,0.25942171,0.4357
1624706564063000,0,8345.74057829,0.4359
1624706570243000,0,4143.00000000,0.4360
1624706573294000,0,0.64902768,0.4360
1624706573294000,0,2760.35097232,0.4360
1624706648788000,1,8355.73215714,0.4356
1624706849693000,0,8242.38479348,0.4355
1624706925279000,0,222.35000000,0.4355
1624707032109000,1,8772.15520077,0.4353
1624707032109000,1,3400.00000000,0.4353
1624707125339000,0,8784.00000000,0.4358
1624707159562000,0,8100.00000000,0.4358
1624707261143000,1,7958.07415395,0.4360
1624707365867000,0,8478.00000000,0.4362
1624707377466000,0,13830.00000000,0.4366
1624707435067000,1,8789.37123174,0.4370
1624707572165000,0,8295.00000000,0.4369
1624707634973000,0,4135.00000000,0.4368
1624707635027000,0,0.49895615,0.4368
1624707688823000,1,8695.52573560,0.4380
1624707795877000,0,920.05281854,0.4399
1624707839343000,0,1540.32890956,0.4396
1624707929704000,1,8099.31336873,0.4381
1624707945706000,0,1649.00000000,0.4382
1624708021998000,0,8767.00000000,0.4378
1624708052796000,0,4125.00000000,0.4380
1624708069927000,0,2475.00000000,0.4379
1624708069945000,0,0.34160063,0.4379
1624708075374000,0,0.38158593,0.4380
1624708075374000,0,0.22982564,0.4382
1624708075374000,0,680.38858843,0.4383
1624708089136000,0,823.00000000,0.4388
1624708089185000,0,0.49215998,0.4388
1624708100586000,0,823.00000000,0.4393
1624708160059000,0,8688.01310000,0.4404
1624708177627000,0,73.93640000,0.4402
1624708178657000,1,73.92540000,0.4402
1624708203590000,1,93.75000000,0.4399
1624708383845000,0,93.75000000,0.4396
1624708424828000,1,93.75000000,0.4391
1624708951497000,1,8776.34700883,0.4379
1624709077828000,0,93.75000000,0.4380
1624709396455000,0,8270.12929552,0.4378
1624709498969000,1,93.75000000,0.4378
1624709612427000,0,335.15039100,0.4382
1624709657916000,1,8056.67662438,0.4377
1624709679494000,0,93.75000000,0.4378
1624710278729000,0,8830.00000000,0.4389
1624710322590000,0,45.23046502,0.4400
1624710349429000,0,1952.09096350,0.4408
1624710349429000,0,1815.94431373,0.4408
1624710405910000,1,58.83573000,0.4410
1624710447037000,1,93.75000000,0.4404
1624710551516000,0,2261.11184838,0.4401
1624710668490000,1,8848.24048963,0.4389
1624710936140000,0,93.75000000,0.4416
1624711867295000,0,207.63000000,0.4385
1624711962550000,1,93.75000000,0.4376
1624711991800000,0,1954.48371081,0.4374
1624712029954000,0,6270.00000000,0.4369
1624712110336000,1,3400.00000000,0.4363
1624712110336000,1,5493.41298778,0.4363
1624713341509000,0,93.75000000,0.4384
1624713461818000,0,3400.00000000,0.4387
1624713461818000,0,5404.95348042,0.4387
1624713590981000,1,93.75000000,0.4392
1624713674479000,1,8193.42595887,0.4385
1624713938603000,1,1506.69240000,0.4367
1624714017503000,0,1526.00000000,0.4362
1624714141835000,0,8492.00000000,0.4371
1624714330834000,1,3400.00000000,0.4340
1624714330834000,1,5404.95348042,0.4340
1624714736274000,1,8585.31110671,0.4345
1624714764851000,0,62.14273000,0.4338
1624714791402000,1,130.72808680,0.4319
1624714791402000,1,130.72808680,0.4319
1624714791402000,1,3400.00000000,0.4319
1624714791402000,1,106.58382640,0.4319
1624715086417000,1,50.00000000,0.4300
1624715197785000,0,62.86434000,0.4289
1624715676888000,0,154.20954752,0.4290
1624715699666000,0,7979.25435351,0.4291
1624715878278000,0,93.75000000,0.4304
1624716378973000,0,237.27966121,0.4250
1624716820736000,1,93.75000000,0.4257
1624717439272000,0,90.09800000,0.4286
1624717504112000,0,524.21507374,0.4277
1624717710351000,1,600.00000000,0.4281
1624718470225000,0,93.75000000,0.4306
1624718523967000,1,93.75000000,0.4308
1624718595461000,0,3756.80100633,0.4313
1624718980118000,0,93.75000000,0.4315
1624719115628000,1,93.75000000,0.4364
1624719156060000,0,111.14000000,0.4358
1624719614102000,0,93.75000000,0.4342
1624719618614000,0,100.00000000,0.4350
1624719639129000,1,3756.80000000,0.4343
1624719670196000,0,109.52641300,0.4335
1624719753762000,0,706.00000000,0.4313
1624719798653000,1,93.75000000,0.4306
1624719868715000,0,3400.00000000,0.4308
1624719868715000,0,370.33241260,0.4308
1624719887183000,0,7107.00000000,0.4306
1624719974443000,0,93.75000000,0.4306
1624720070839000,1,93.75000000,0.4316
1624720375049000,1,50.00000000,0.4315
1624720381773000,0,651.92413041,0.4315
1624720703702000,1,8298.00000000,0.4313
1624720713215000,1,50.00000000,0.4310
1624720878609000,0,341.00000000,0.4306
1624720897627000,0,7993.00000000,0.4310
1624721244583000,0,112.11000000,0.4319
1624721245777000,0,8253.00000000,0.4319
1624721834500000,1,800.13580000,0.4311
1624721878162000,1,50.00000000,0.4310
1624721963575000,0,3363.00000000,0.4309
1624722562903000,0,178.64000000,0.4337
1624722745283000,1,8586.02026114,0.4329
1624722778132000,0,93.75000000,0.4326
1624722778486000,0,8150.21852698,0.4326
1624722895642000,1,93.75000000,0.4355
1624722972491000,0,8304.25034117,0.4351
1624723013446000,0,111.17000000,0.4357
1624723014397000,0,93.75000000,0.4357
1624723051458000,1,93.75000000,0.4348
1624723145262000,1,8844.00000000,0.4347
1624723196619000,0,1981.00000000,0.4343
1624723196619000,0,0.11353360,0.4343
1624723308172000,1,84.00000000,0.4323
1624723308489000,1,0.91085912,0.4323
1624723503470000,1,1000.00000000,0.4314
1624723723575000,1,2000.00000000,0.4315
1624723735270000,1,1000.00000000,0.4310
1624723802565000,1,1000.00000000,0.4290
1624723818695000,0,8150.45254292,0.4293
1624723884748000,1,500.00000000,0.4287
1624723969805000,1,500.00000000,0.4280
1624724034404000,1,100.00000000,0.4270
1624724174408000,1,200.00000000,0.4250
1624724404140000,1,201.31208997,0.4268
1624724873704000,1,100.00000000,0.4278
1624724874770000,1,500.00000000,0.4278
1624725235012000,1,82.97375700,0.4286
1624725252512000,1,50.00000000,0.4280
1624725300829000,1,8549.75197969,0.4275
1624725318731000,1,50.00000000,0.4272
1624725327760000,1,50.00000000,0.4270
1624725347571000,1,50.00000000,0.4265
1624725360595000,0,217.10428524,0.4268
1624725370104000,0,8612.00000000,0.4277
1624725528677000,1,105.19922389,0.4278
1624725556781000,0,93.63700000,0.4283
1624725627430000,0,8425.00000000,0.4289
1624725715650000,1,93.75000000,0.4300
1624725740515000,0,93.75000000,0.4304
1624725912333000,1,93.75000000,0.4284
1624726037475000,0,93.75000000,0.4303
1624726088985000,1,93.75000000,0.4296
1624726113713000,0,70.06000000,0.4298
1624727123439000,1,8691.00000000,0.4322
1624727179987000,0,1092.90297368,0.4325
1624727194679000,0,93.75000000,0.4327
1624728299920000,1,2495.85354589,0.4317
1624728305439000,0,1799.00000000,0.4323
1624728907514000,1,93.75000000,0.4316
1624729159376000,0,93.75000000,0.4305
1624729499049000,0,1044.69108218,0.4314
1624729525506000,1,93.75000000,0.4306
1624729567845000,0,93.75000000,0.4314
1624729715376000,0,49.00000000,0.4325
1624729715382000,0,1.00000000,0.4325
1624729715765000,0,149.07466352,0.4327
1624729728817000,0,1897.47675289,0.4331
1624729878442000,0,200.00000000,0.4340
1624729892102000,0,8474.66552963,0.4347
1624729939100000,1,93.75000000,0.4345
1624730104415000,0,93.75000000,0.4349
1624730215936000,0,100.00000000,0.4360
1624730253436000,1,62.86434000,0.4361
1624730263053000,0,99.99999999,0.4370
1624730263058000,0,0.00000001,0.4370
1624730337555000,0,4106.00580000,0.4374
1624730337555000,0,4591.98816501,0.4374
1624730351429000,1,93.75000000,0.4369
1624730383061000,1,8363.00000000,0.4369
1624730499714000,0,332.37000000,0.4369
1624730844354000,1,3770.33000000,0.4355
1624730873094000,0,93.75000000,0.4361
1624730924519000,0,123.96316504,0.4359
1624731262331000,0,200.00000000,0.4390
1624731840664000,0,3400.00000000,0.4365
1624731840664000,0,3329.70606428,0.4365
1624731862971000,1,3400.00000000,0.4363
1624731862971000,1,3329.70606428,0.4362
1624732023252000,0,8611.00000000,0.4356
1624732303299000,0,200.00000000,0.4350
1624732395668000,1,93.75000000,0.4349
1624732406397000,1,200.00000000,0.4344
1624732549268000,0,93.75000000,0.4354
1624732642281000,1,93.75000000,0.4356
1624732780991000,1,4047.00000000,0.4353
1624732878616000,1,8387.00000000,0.4351
1624732982985000,0,93.75000000,0.4341
1624732984360000,0,120.00033276,0.4341
1624732984698000,0,8028.55140000,0.4341
1624733028492000,1,93.75000000,0.4339
1624733467998000,0,93.75000000,0.4350
1624733573131000,0,133.67000000,0.4347
1624734099810000,0,1083.80568231,0.4361
1624735668903000,0,94.59178000,0.4317
1624735745930000,1,3400.00000000,0.4320
1624735745930000,1,5297.99396501,0.4320
1624736609849000,1,93.75000000,0.4331
1624737007368000,0,93.75000000,0.4325
1624737213790000,1,93.75000000,0.4323
1624737518944000,1,200.00000000,0.4312
1624737870635000,0,95.00989000,0.4298
1624738045254000,0,542.44100693,0.4290
1624738059538000,0,3400.00000000,0.4293
1624738059538000,0,408.02864662,0.4294
1624738217123000,0,54.12700000,0.4290
1624738348184000,1,636.55958772,0.4292
1624738371077000,1,50.00000000,0.4291
1624738499457000,1,100.00000000,0.4285
1624738518846000,1,500.00000000,0.4280
1624738534186000,0,95.44063000,0.4279
1624738843845000,0,132.12295292,0.4293
1624739573514000,1,3808.03000000,0.4300
1624739745559000,1,100.00000000,0.4293
1624740790753000,0,3400.00000000,0.4299
1624740790753000,0,392.52218112,0.4299
1624740821165000,1,50.00000000,0.4293
1624740856768000,1,100.00000000,0.4290
1624741093951000,1,50.00000000,0.4294
1624741125981000,1,50.00000000,0.4294
1624741334257000,1,490.00000000,0.4290
1624741334279000,1,10.00000000,0.4290
1624741714347000,1,1000.00000000,0.4280
1624741901994000,1,100.00000000,0.4274
1624741919173000,1,98.00000000,0.4270
1624741919192000,1,2.00000000,0.4270
1624742315421000,0,93.75000000,0.4284
1624742317630000,0,2322.81644372,0.4284
1624742816692000,1,100.00000000,0.4294
1624743205067000,0,371.55728364,0.4309
1624743592301000,0,49.00000000,0.4320
1624743593096000,0,1.00000000,0.4320
1624743836199000,0,50.00000000,0.4320
1624743899918000,1,93.75000000,0.4312
1624744025146000,0,93.75000000,0.4330
1624744027414000,0,6.25000000,0.4330
1624744029006000,0,99.99999999,0.4340
1624744029088000,0,0.00000001,0.4340
1624744034018000,0,100.00000000,0.4350
1624744624257000,1,196.00000000,0.4342
1624744632686000,1,93.75000000,0.4342
1624744636969000,1,3792.52000000,0.4339
1624744886424000,0,1805.40982644,0.4352
1624744894326000,0,93.75000000,0.4354
1624744897657000,1,71.20838000,0.4351
1624745302520000,1,669.00000000,0.4353
1624745305136000,1,0.70097430,0.4353
1624745438236000,0,100.00000000,0.4358
1624745442282000,0,100.00000000,0.4361
1624745891458000,0,8324.00000000,0.4359
1624746056634000,1,93.75000000,0.4357
1624746117190000,1,8077.52016959,0.4358
1624746244846000,0,8017.00000000,0.4359
1624746245860000,0,50.00000000,0.4362
1624746358755000,0,100.00000000,0.4370
1624746549432000,1,8762.09187101,0.4369
1624746661086000,0,6701.93726396,0.4369
1624746731352000,0,500.00000000,0.4375
1624746731979000,1,67.99551000,0.4372
1624746742643000,0,167.35692930,0.4380
1624746804362000,1,8348.05469341,0.4377
1624746875198000,0,332.00000000,0.4380
1624746875298000,0,0.64307070,0.4380
1624747083070000,0,117.91312311,0.4375
1624747084453000,0,8448.00000000,0.4375
1624747338888000,1,50.00000000,0.4370
1624747561064000,0,93.75000000,0.4384
1624747566762000,0,6.25000000,0.4384
1624747605780000,1,8056.36654220,0.4387
1624747804970000,0,100.00000000,0.4390
1624747822747000,1,64.85755000,0.4390
1624748048486000,0,8501.00000000,0.4388
1624748330796000,1,93.75000000,0.4393
1624748406328000,0,93.75000000,0.4398
1624748411102000,0,105.00000000,0.4398
1624748411152000,0,0.25000000,0.4398
1624748446139000,1,93.75000000,0.4397
1624748458631000,1,8145.07653614,0.4394
1624748507223000,0,93.75000000,0.4386
1624748664063000,0,8706.00000000,0.4374
1624748664077000,0,0.56538024,0.4374
1624748697356000,1,3000.00000000,0.4372
1624748948266000,0,1234.00000000,0.4400
1624748948266000,0,30000.00000000,0.4400
1624749130089000,1,93.75000000,0.4399
1624749237239000,1,50.00000000,0.4390
1624749297220000,1,80.32492233,0.4392
1624749311675000,1,8235.83502942,0.4392
1624749636736000,0,8335.00000000,0.4386
1624749786430000,1,8058.74372737,0.4394
1624749904061000,0,93.75000000,0.4395
1624750023516000,0,8396.00000000,0.4386
1624750130520000,1,8071.86986883,0.4385
1624750222665000,0,8156.00000000,0.4390
1624750222687000,0,0.12672938,0.4390
1624750222918000,0,100.00000000,0.4390
1624750476269000,1,8218.33304796,0.4392
1624750562883000,0,316.00000000,0.4394
1624750738462000,0,8537.00000000,0.4384
1624750911167000,0,200.00000000,0.4390
1624751005222000,0,49.00000000,0.4399
1624751005552000,0,1.00000000,0.4399
1624751230356000,1,8658.43779811,0.4401
1624751336587000,0,8187.12145030,0.4395
1624751432841000,1,69.93730947,0.4386
1624751432841000,1,20.06269053,0.4385
1624751537123000,0,500.00000000,0.4400
1624751865070000,0,200.00000000,0.4410
1624751872068000,1,61.74809000,0.4413
1624751873741000,0,100.00000000,0.4420
1624751951454000,0,300.00000000,0.4440
1624751951454000,0,92.99999999,0.4440
1624751951456000,0,0.00000001,0.4440
1624751958457000,1,86.03889000,0.4443
1624751987842000,1,79.96777681,0.4446
1624752000189000,1,93.75000000,0.4446
1624752295832000,0,93.75000000,0.4404
1624752315737000,1,93.75000000,0.4399
1624752378975000,1,288.29512400,0.4394
1624752389144000,0,93.75000000,0.4394
1624752548802000,1,93.75000000,0.4419
1624752606524000,0,93.75000000,0.4425
1624752610737000,0,90.00000000,0.4429
1624752612045000,0,0.31828900,0.4429
1624752622434000,0,3000.00000000,0.4445
1624752700532000,1,200.00000000,0.4451
1624752744017000,0,8100.72871290,0.4455
1624752785393000,0,2000.00000000,0.4460
1624752793721000,0,891.00000000,0.4458
1624752793757000,0,322.00000000,0.4458
1624752816344000,0,1000.00000000,0.4464
1624752860375000,0,1000.00000000,0.4474
1624752899754000,0,3200.00000000,0.4472
1624752899754000,0,1800.00000000,0.4472
1624752945425000,1,82.20317000,0.4483
1624753017536000,1,8159.04161679,0.4470
1624753134684000,1,411.25710000,0.4455
1624753134694000,1,174.66403880,0.4454
1624753134694000,1,3968.16610000,0.4454
1624753197492000,0,8106.00000000,0.4453
1624753197505000,0,0.27601870,0.4453
1624753278143000,1,8401.58244896,0.4444
1624753278143000,1,172.97390064,0.4444
1624753311347000,0,8035.59389619,0.4438
1624753377377000,0,8114.31678025,0.4444
1624753526035000,1,93.75000000,0.4462
1624753574305000,1,481.45311065,0.4472
1624753596852000,1,3332.00000000,0.4467
1624753609304000,0,8077.90253493,0.4470
1624753616502000,0,93.75000000,0.4471
1624753897323000,0,4000.00000000,0.4480
1624754053413000,0,8698.00000000,0.4462
1624754153024000,1,93.75000000,0.4464
1624754155981000,1,8659.00000000,0.4464
1624754339852000,0,3786.00000000,0.4461
1624755405787000,0,93.75000000,0.4450
1624755407929000,0,6.25000000,0.4450
1624755411075000,0,100.00000000,0.4455
1624755412848000,0,200.00000000,0.4460
1624755479348000,0,500.00000000,0.4470
1624755585361000,1,8674.00000000,0.4470
1624755630426000,1,93.75000000,0.4467
1624755725478000,0,8521.00000000,0.4463
1624755827953000,0,93.75000000,0.4470
1624755851427000,0,451.42100000,0.4475
1624755851427000,0,38.01158000,0.4475
1624755857074000,0,158.00000000,0.4475
1624755857113000,0,0.35502000,0.4475
1624755857113000,0,9.98842000,0.4475
1624755911810000,0,57.53771200,0.4480
1624755911810000,0,49.46228800,0.4480
1624756031381000,0,0.53771200,0.4480
1624756031925000,0,666.00000000,0.4481
1624756037655000,0,70.48369720,0.4486
1624756087470000,0,1415.47214532,0.4490
1624756087497000,0,28.88718664,0.4490
1624756152586000,1,93.75000000,0.4494
1624756152691000,1,8710.67110307,0.4494
1624756215563000,0,93.75000000,0.4494
1624756241095000,0,8444.00000000,0.4494
1624756277464000,1,93.75000000,0.4489
1624756916159000,0,1114.00000000,0.4494
1624757277911000,1,8794.97050759,0.4487
1624757283014000,0,7238.00000000,0.4488
1624757396994000,0,93.75000000,0.4499
1624757399361000,0,1297.93899000,0.4506
1624757400503000,0,100.00000000,0.4510
1624757414971000,0,100.00000000,0.4520
1624757421348000,0,1264.79870913,0.4530
1624757421349000,0,641.44433051,0.4530
1624757421349000,0,100.00000000,0.4530
1624757429424000,1,3199.99999999,0.4520
1624757707334000,1,93.75000000,0.4502
1624757751073000,0,93.75000000,0.4512
1624757833981000,1,56.67125000,0.4520
1624757949554000,1,93.75000000,0.4512
1624757964917000,0,93.75000000,0.4518
1624758360204000,1,93.75000000,0.4507
1624758677002000,0,93.75000000,0.4507
1624758933083000,1,93.75000000,0.4502
1624759020173000,1,276.00000000,0.4496
1624759044902000,1,0.61514511,0.4496
1624759150091000,0,93.75000000,0.4500
1624759151135000,0,104.12500000,0.4500
1624759156228000,0,2.12500000,0.4500
1624759239019000,1,93.75000000,0.4503
1624759446611000,0,878.07522778,0.4506
1624759613618000,0,8012.00000000,0.4504
1624759643354000,0,93.75000000,0.4510
1624759648975000,0,6.25000000,0.4510
1624759711389000,1,148.61451300,0.4514
1624759814283000,0,100.00000000,0.4518
1624760539772000,0,100.00000000,0.4520
1624760586128000,0,500.00000000,0.4528
1624760592659000,0,100.00000000,0.4540
1624760784093000,1,93.75000000,0.4528
1624761024456000,0,3200.00000000,0.4533
1624761024456000,0,5052.97264625,0.4533
1624761043877000,1,538.84529762,0.4525
1624761043877000,1,215.63228914,0.4524
1624761752782000,0,93.75000000,0.4520
1624762015196000,1,93.75000000,0.4511
1624762551744000,0,93.75000000,0.4526
1624762830768000,0,579.45082486,0.4528
1624763866095000,0,1138.14042734,0.4535
1624765442176000,0,4278.00000000,0.4522
1624765692519000,0,8855.00000000,0.4532
1624765761096000,0,3335.67415401,0.4539
1624765832210000,1,93.75000000,0.4536
1624766056541000,0,815.00000000,0.4536
1624766274471000,0,93.75000000,0.4543
1624766647322000,0,856.43416794,0.4560
1624766649499000,0,4143.56580000,0.4560
1624766650913000,1,56.59741000,0.4556
1624766652077000,0,0.00003206,0.4560
1624766813056000,1,8422.00000000,0.4533
1624766846255000,0,2327.00000000,0.4531
1624767111064000,1,93.75000000,0.4520
1624767283660000,1,237.27000000,0.4516
1624768226140000,0,93.75000000,0.4516
1624769136402000,0,2029.00000000,0.4518
1624769288958000,1,201.31208997,0.4522
1624769674012000,1,93.75000000,0.4528
1624770000919000,0,93.75000000,0.4524
1624770083433000,0,7815.93225673,0.4524
1624770117236000,0,7013.63074176,0.4522
1624770148235000,0,7985.00000000,0.4519
1624770238656000,0,7990.24346594,0.4515
1624770362710000,0,7104.00000000,0.4514
1624770734431000,1,93.75000000,0.4507
1624770966726000,0,2481.00000000,0.4510
1624771079952000,0,93.75000000,0.4512
1624771310613000,0,7993.00000000,0.4513
1624771580457000,0,8105.00000000,0.4524
1624771646968000,1,93.75000000,0.4524
1624771698913000,0,109.76000000,0.4522
1624771714591000,0,7976.00000000,0.4523
1624771714611000,0,0.11646439,0.4523
1624771833965000,1,2949.00000000,0.4525
1624771877211000,0,7981.00000000,0.4520
1624772177853000,1,8954.00000000,0.4519
1624772317912000,0,93.63400000,0.4519
1624772422937000,0,7997.00000000,0.4511
1624772628313000,1,194.71843555,0.4481
1624772628323000,1,5407.62152078,0.4481
1624772629157000,1,3200.00000000,0.4481
1624772632153000,0,95.41542000,0.4484
1624772780317000,0,95.73135000,0.4470
1624773036945000,0,3200.00000000,0.4473
1624773036945000,0,6800.00000000,0.4473
1624774253863000,1,93.75000000,0.4500
1624774870981000,0,582.54163875,0.4479
1624775741718000,0,96.19405000,0.4446
1624775882848000,0,96.60233000,0.4430
1624776098873000,1,8431.00000000,0.4437
1624776124931000,0,4931.00000000,0.4440
1624777215517000,0,93.75000000,0.4461
1624777272811000,1,93.75000000,0.4463
1624777458309000,0,110.00000000,0.4459
1624778057615000,0,93.75000000,0.4465
1624778352150000,0,106.79267873,0.4484
1624778385226000,0,598.87149996,0.4484
1624778385695000,0,598.87149996,0.4484
1624778456272000,0,103.54333045,0.4480
1624778487831000,0,126.65792507,0.4483
1624778495824000,0,527.58900939,0.4483
1624778499823000,0,271.31374796,0.4483
1624778588542000,0,386.41764292,0.4483
1624778592464000,0,524.35022367,0.4483
1624779198689000,0,185.29633629,0.4472
1624779334178000,0,3933.50860000,0.4488
1624779997595000,1,93.75000000,0.4489
1624780133283000,0,107.69000000,0.4496
1624780252888000,1,3200.00000000,0.4494
1624780927923000,1,3200.00000000,0.4483
1624780927923000,1,7213.84578657,0.4483
1624781023441000,1,3650.00000000,0.4475
1624781174754000,1,8940.38843775,0.4489
1624781244546000,0,93.75000000,0.4490
1624781434436000,1,64.11576000,0.4503
1624781535415000,1,110.00000000,0.4505
1624781898128000,0,221.84132610,0.4485
1624781914903000,1,93.75000000,0.4480
1624782164373000,0,445.30888160,0.4482
1624782425998000,0,93.75000000,0.4494
1624782472090000,0,111.26440874,0.4494
1624782598939000,0,117.14803854,0.4492
1624783735534000,1,93.75000000,0.4451
1624783736198000,1,6701.93726396,0.4451
1624783736429000,1,3204.31273604,0.4451
1624783758397000,0,93.75000000,0.4455
1624784074064000,0,169.80327832,0.4454
1624784288868000,1,93.75000000,0.4444
1624784353747000,0,87.88684000,0.4440
1624784418547000,0,93.75000000,0.4439
1624784588298000,1,1283.47763443,0.4434
1624785454282000,1,93.75000000,0.4436
1624785793798000,0,449.27405919,0.4430
1624786167344000,0,88.29852000,0.4419
1624786451283000,0,88.71609000,0.4398
1624786520497000,1,8214.67440471,0.4385
1624786520497000,1,38.29824154,0.4384
1624786713687000,0,93.75000000,0.4392
1624786920335000,0,89.10914000,0.4379
1624787211393000,1,202.18000000,0.4370
1624787510675000,0,339.92377243,0.4391
1624788604992000,0,208.73858324,0.4388
1624788694417000,1,117.14803854,0.4382
1624788774174000,0,339.90828968,0.4391
1624788896312000,0,236.17483759,0.4384
1624788899763000,0,580.60214414,0.4384
1624789492222000,1,93.75000000,0.4383
1624789732414000,0,215.23603078,0.4392
1624789905765000,0,98.75000000,0.4380
1624789989864000,0,89.53854000,0.4358
1624791052084000,0,93.75000000,0.4380
1624791174129000,0,150.11000000,0.4384
1624791399089000,0,227.33034041,0.4377
1624791574440000,1,1328.98008999,0.4381
1624791574449000,1,0.00000001,0.4381
1624791575215000,1,93.75000000,0.4380
1624791575261000,1,14246.25000000,0.4380
1624791610150000,0,99.00000000,0.4368
1624792552195000,0,93.75000000,0.4382
1624793244941000,0,8204.33390243,0.4393
1624793286665000,1,93.75000000,0.4390
1624793650856000,1,8990.88258771,0.4419
1624793721801000,0,109.59000000,0.4420
1624793876356000,0,93.75000000,0.4417
1624794124602000,1,93.75000000,0.4404
1624794594984000,0,93.75000000,0.4387
1624794675878000,1,3200.00000000,0.4387
1624794675878000,1,7862.10361849,0.4387
1624794675881000,1,345.64757057,0.4387
1624794792627000,1,93.75000000,0.4388
1624794848067000,0,93.75000000,0.4394
1624794982155000,1,93.75000000,0.4408
1624795010035000,1,8632.88627036,0.4408
1624795141071000,0,93.75000000,0.4398
1624795242659000,1,93.75000000,0.4406
1624795885743000,0,93.75000000,0.4403
1624796082228000,1,93.75000000,0.4403
1624796159325000,0,93.75000000,0.4410
1624796326949000,0,3200.00000000,0.4419
1624796326949000,0,8157.00000000,0.4419
1624796421139000,1,93.75000000,0.4415
1624796556185000,1,3981.52740000,0.4415
1624796580186000,0,8169.40056669,0.4413
1624796580186000,0,3197.59943331,0.4414
1624796581705000,0,3200.00000000,0.4414
1624796581705000,0,8167.00000000,0.4415
1624796583714000,0,0.09616223,0.4415
1624796583714000,0,8039.90383777,0.4417
1624796585998000,0,235.14239031,0.4415
1624796589093000,0,39660.00000000,0.4417
1624796592618000,0,3200.00000000,0.4418
1624796592618000,0,4798.54266454,0.4418
1624796595737000,0,8164.00000000,0.4416
1624796597756000,0,3200.00000000,0.4416
1624796606645000,0,0.53648627,0.4416
1624796606645000,0,3362.46351373,0.4418
1624796608705000,0,0.77205085,0.4418
1624796608705000,0,8161.22794915,0.4418
1624796610731000,0,0.55027997,0.4418
1624796610731000,0,8161.44972003,0.4418
1624796615787000,0,0.32850909,0.4418
1624796615787000,0,1822.64539334,0.4419
1624796631812000,0,6339.27207629,0.4419
1624796631946000,0,1694.35098682,0.4419
1624796646612000,0,8161.00000000,0.4419
1624796656692000,0,0.65520056,0.4419
1624796656692000,0,7139.34479944,0.4419
1624796659109000,0,1022.31040112,0.4419
1624796672435000,0,8162.00000000,0.4419
1624796676786000,0,0.35316958,0.4419
1624796676786000,0,24237.64683042,0.4421
1624796676865000,0,93.75000000,0.4421
1624796735392000,1,93.75000000,0.4421
1624796740325000,1,8157.40550456,0.4421
1624796980416000,0,3753.00000000,0.4421
1624797015684000,0,5221.00000000,0.4429
1624797016002000,0,93.75000000,0.4429
1624797117575000,0,3667.00000000,0.4428
1624797163189000,1,76.33908000,0.4432
1624797317465000,1,93.75000000,0.4438
1624797317832000,1,9069.00000000,0.4438
1624797317870000,1,0.75812710,0.4438
1624797327151000,1,470.00000000,0.4434
1624797339916000,0,3327.00000000,0.4441
1624797389015000,1,467.00000000,0.4432
1624797483983000,0,9059.00000000,0.4435
1624797486754000,0,8133.00000000,0.4437
1624797524293000,1,100.00000000,0.4435
1624797613798000,1,8141.64019464,0.4430
1624797613855000,1,268.58284197,0.4430
1624797737316000,0,9005.00000000,0.4423
1624797770070000,1,9053.00000000,0.4425
1624797798262000,0,8277.98917950,0.4431
1624797983946000,1,9192.00000000,0.4428
1624798006536000,0,9134.00000000,0.4431
1624798043346000,0,93.75000000,0.4435
1624798069462000,1,6774.00000000,0.4434
1624798147336000,0,4589.00000000,0.4432
1624798147533000,0,3549.87390000,0.4432
1624798163303000,0,3653.00000000,0.4433
1624798373572000,0,3200.00000000,0.4434
1624798373572000,0,7907.68257863,0.4434
1624798456173000,1,3331.47976607,0.4433
1624798490013000,1,701.00000000,0.4433
1624798632721000,1,93.75000000,0.4428
1624798684553000,0,8155.00000000,0.4422
1624798826721000,0,1507.00000000,0.4421
1624798873070000,0,93.75000000,0.4412
1624798873310000,0,4283.00000000,0.4415
1624798953618000,0,20196.00000000,0.4413
1624798987685000,1,93.75000000,0.4411
1624799107545000,0,7107.00000000,0.4410
1624799129525000,1,8415.00000000,0.4405
1624799188620000,0,93.75000000,0.4401
1624799189526000,0,8262.00000000,0.4401
1624799265304000,1,93.75000000,0.4407
1624799292866000,0,8555.00000000,0.4412
1624799355202000,1,9078.00000000,0.4408
1624799355209000,1,0.89215059,0.4408
1624799414414000,0,93.75000000,0.4412
1624799476389000,0,208.34000000,0.4416
1624799565602000,0,5074.00000000,0.4416
1624799589079000,1,3200.00000000,0.4423
1624799643526000,1,8365.00000000,0.4429
1624799733946000,0,8424.00000000,0.4429
1624799823374000,1,8722.00000000,0.4429
1624799858421000,0,9204.00000000,0.4427
1624799936564000,1,93.75000000,0.4422
1624800060217000,0,604.02360314,0.4421
1624800126566000,0,8161.00000000,0.4418
1624800126616000,0,0.95637608,0.4418
1624800126817000,0,93.75000000,0.4420
1624800312534000,1,9224.00000000,0.4422
1624800347377000,0,9214.00000000,0.4424
1624800631525000,0,8171.00000000,0.4414
1624800667045000,1,1553.00000000,0.4409
1624800705972000,0,8817.00000000,0.4418
1624800722177000,1,9174.00000000,0.4415
1624800783916000,1,100.00000000,0.4402
1624800867933000,1,433.00000000,0.4406
1624800976110000,1,93.75000000,0.4399
1624801063362000,0,8452.00000000,0.4397
1624801273648000,0,8180.00000000,0.4406
1624801273664000,0,0.90441305,0.4406
1624801275235000,0,93.75000000,0.4406
1624801277487000,0,8087.00000000,0.4406
1624801277517000,0,0.15441305,0.4406
1624801304065000,1,8186.58436466,0.4405
1624801607023000,1,20580.00000000,0.4379
1624801700944000,1,93.75000000,0.4382
1624801780309000,0,93.75000000,0.4390
1624801985549000,1,93.75000000,0.4384
1624802053745000,0,93.75000000,0.4389
1624802352271000,1,3200.00000000,0.4394
1624802352271000,1,9046.62434818,0.4394
1624802352271000,1,8192.29718195,0.4394
1624802352271000,1,3200.00000000,0.4393
1624802352271000,1,852.00000000,0.4393
1624802352271000,1,8193.25668045,0.4393
1624802352271000,1,2513.00000000,0.4391
1624802352271000,1,8370.00000000,0.4384
1624802352271000,1,2277.00000000,0.4383
1624802352271000,1,27399.00000000,0.4372
1624802352271000,1,11779.00000000,0.4372
1624802352271000,1,40410.57322942,0.4368
1624802548729000,1,93.75000000,0.4383
1624802564041000,1,239.25000000,0.4383
1624802651291000,0,8232.28744310,0.4373
1624802707513000,0,79.47808000,0.4364
1624803083254000,0,1899.96639154,0.4372
1624803238366000,0,8662.17058276,0.4368
1624803311503000,0,8091.63643717,0.4365
1624803322467000,0,309.32618288,0.4363
1624803323484000,0,309.28531186,0.4363
1624803340617000,0,834.96000000,0.4365
1624803340891000,0,17.04000000,0.4365
1624803340891000,0,8255.46914876,0.4365
1624803377865000,0,93.75000000,0.4365
1624803426336000,0,852.00000000,0.4373
1624803447644000,0,834.96000000,0.4375
1624803448567000,0,2513.00000000,0.4376
1624803448567000,0,8022.48292338,0.4377
1624803465063000,1,93.75000000,0.4371
1624803625253000,0,93.75000000,0.4372
1624803653835000,1,93.75000000,0.4371
1624803848319000,0,227.55389118,0.4373
1624803918662000,0,93.75000000,0.4377
1624804039773000,1,93.75000000,0.4371
1624804239188000,0,8240.12646653,0.4375
1624804251567000,0,834.96000000,0.4377
1624804269730000,0,8064.70292879,0.4380
1624804273677000,0,834.96000000,0.4381
1624804284921000,0,834.96000000,0.4383
1624804288002000,0,93.75000000,0.4384
1624804368742000,0,834.96000000,0.4388
1624804409626000,1,93.75000000,0.4386
1624804425545000,0,93.75000000,0.4386
1624804503567000,1,93.75000000,0.4388
1624804602636000,0,4542.76282106,0.4386
1624804602654000,0,3676.96425416,0.4386
1624804771150000,0,48.02000000,0.4381
1624804876887000,0,93.75000000,0.4384
1624804961516000,0,852.00000000,0.4388
1624805036612000,1,93.75000000,0.4387
1624805036628000,1,8585.48324541,0.4387
1624805135915000,0,8894.14159212,0.4388
1624805135915000,0,657.07716816,0.4388
1624805138959000,0,852.00000000,0.4390
1624805138959000,0,2513.00000000,0.4390
1624805141078000,0,93.75000000,0.4390
1624805141303000,0,758.25000000,0.4390
1624805187507000,1,9158.00000000,0.4392
1624805204499000,1,8201.00000000,0.4388
1624805205511000,1,3200.00000000,0.4388
1624805206313000,1,3200.00000000,0.4388
1624805206313000,1,0.46855763,0.4388
1624805206313000,1,5000.53144237,0.4388
1624805206519000,1,3200.00000000,0.4388
1624805207603000,1,3200.00000000,0.4388
1624805208302000,1,3200.00000000,0.4388
1624805208302000,1,0.93711526,0.4388
1624805208302000,1,5001.06288474,0.4388
1624805208374000,1,3200.40567289,0.4388
1624805211653000,1,8207.00000000,0.4387
1624805211685000,1,0.98715834,0.4387
1624805262610000,1,8207.00000000,0.4385
1624805262682000,1,0.57454885,0.4385
1624805283740000,1,8211.00000000,0.4384
1624805286669000,1,0.90893344,0.4384
1624805286669000,1,8211.09106656,0.4384
1624805421454000,1,9059.00000000,0.4383
1624805421478000,1,0.96685982,0.4383
1624805468455000,0,5570.00000000,0.4386
1624805887707000,0,8636.00000000,0.4384
1624806072653000,1,9184.00000000,0.4387
1624806072767000,1,0.90821800,0.4387
1624806175057000,0,8589.00000000,0.4376
1624806180926000,1,93.75000000,0.4376
1624806184776000,1,239.00000000,0.4376
1624806184897000,1,0.25000000,0.4376
1624806262575000,1,8908.00000000,0.4378
1624806342725000,0,8862.00000000,0.4376
1624806510784000,0,852.00000000,0.4381
1624806525151000,0,93.75000000,0.4384
1624806631918000,1,100.00000000,0.4381
1624806659561000,1,300.00000000,0.4380
1624806659652000,1,4220.00000000,0.4380
1624806700845000,1,93.75000000,0.4375
1624806707078000,1,1906.00000000,0.4375
1624806708256000,1,0.25000000,0.4375
1624806891807000,0,4647.00000000,0.4379
1624806958304000,1,54.55485100,0.4371
1624806958304000,1,9190.44514900,0.4371
1624807030084000,1,200.00000000,0.4359
1624807040839000,1,4097.55310000,0.4354
1624807040839000,1,4106.78080243,0.4354
1624807085699000,0,9033.79889163,0.4360
1624807145527000,0,7075.00000000,0.4359
1624807218010000,1,212.00000000,0.4363
1624807415927000,1,8850.45749996,0.4375
1624807511434000,1,161.00000000,0.4371
1624807511477000,1,0.77574800,0.4371
1624807519244000,1,121.00000000,0.4366
1624807519258000,1,0.33181100,0.4366
1624807531131000,0,93.75000000,0.4367
1624807531502000,0,494.00000000,0.4367
1624807539714000,0,8042.00000000,0.4367
1624807757940000,1,8657.00000000,0.4390
1624807811167000,0,1513.18878231,0.4391
1624807851478000,0,852.00000000,0.4392
1624807855291000,0,707.78789924,0.4393
1624807855782000,0,492.03158479,0.4393
1624807858284000,0,707.78789924,0.4393
1624808087023000,0,441.94000000,0.4383
1624808148650000,0,603.20716220,0.4378
1624808148934000,0,8550.08883365,0.4378
1624808226545000,1,8745.00000000,0.4375
1624808226615000,1,0.91973887,0.4375
1624808317352000,0,495.55872629,0.4369
1624808348571000,0,1308.42675582,0.4370
1624808464802000,1,93.75000000,0.4366
1624808601450000,1,244.72825299,0.4365
1624808601450000,1,0.00000001,0.4365
1624808602770000,1,94.00000000,0.4362
1624808603068000,1,0.30171200,0.4362
1624808641066000,0,8395.00000000,0.4362
1624808730750000,1,8792.00000000,0.4358
1624808773325000,0,514.95986345,0.4361
1624808946387000,0,8769.00000000,0.4366
1624809186418000,0,852.00000000,0.4380
1624809257599000,0,852.00000000,0.4382
1624809497224000,0,30425.00000000,0.4385
1624809544810000,0,852.00000000,0.4386
1624809545145000,0,93.75000000,0.4387
1624809597169000,1,93.75000000,0.4386
1624809615792000,0,252.00000000,0.4391
1624809615830000,0,0.43168100,0.4391
1624809617831000,0,93.31900000,0.4391
1624809618001000,0,46.75684000,0.4391
1624809718708000,1,267.00000000,0.4373
1624809722141000,1,0.80104700,0.4373
1624809722141000,1,8849.19895300,0.4373
1624809767954000,0,8236.13175637,0.4384
1624809797596000,0,62.59204200,0.4396
1624809797596000,0,851.40795800,0.4396
1624809798328000,0,1755.32290070,0.4399
1624809811723000,0,867.00000000,0.4407
1624809921038000,0,5278.00000000,0.4407
1624809947560000,0,3200.00000000,0.4409
1624809947560000,0,4056.56310000,0.4409
1624809947560000,0,812.20171070,0.4409
1624809969504000,1,93.75000000,0.4401
1624810056784000,1,1566.00000000,0.4397
1624810057125000,1,6900.13730000,0.4397
1624810077682000,0,8193.00000000,0.4399
1624810082209000,0,0.74474489,0.4399
1624810093362000,0,93.75000000,0.4405
1624810215209000,0,8910.00000000,0.4391
1624810241099000,1,9102.00000000,0.4387
1624810273382000,0,8957.00000000,0.4387
1624810301074000,1,93.75000000,0.4381
1624810301185000,1,8715.01397846,0.4381
1624810309733000,0,40620.00000000,0.4385
1624810734831000,0,6941.00000000,0.4378
1624810734843000,0,1448.16197970,0.4378
1624810932800000,1,8449.00000000,0.4387
1624810962468000,0,8449.00000000,0.4389
1624811008045000,1,1097.00000000,0.4376
1624811070038000,1,8805.00000000,0.4375
1624811163722000,0,154.88000000,0.4378
1624811307032000,0,93.75000000,0.4374
1624811479904000,1,93.75000000,0.4364
1624811695928000,0,110.79000000,0.4370
1624812239981000,0,8411.00000000,0.4365
1624812283516000,1,500.00000000,0.4360
1624812283778000,1,1030.48620000,0.4359
1624812303457000,0,65.66981434,0.4363
1624812414867000,0,93.75000000,0.4360
1624812415782000,0,291.00000000,0.4360
1624812431950000,0,0.25000000,0.4360
1624812453823000,1,93.75000000,0.4359
1624812474386000,1,9173.00000000,0.4355
1624812575216000,0,8455.00000000,0.4357
1624812739411000,0,93.75000000,0.4359
1624813489994000,1,93.75000000,0.4354
1624813511279000,1,2286.00000000,0.4351
1624813511317000,1,0.87658009,0.4351
1624813511874000,1,1000.00000000,0.4350
1624813517783000,0,79.82527000,0.4348
1624813586307000,0,111.19000000,0.4355
1624813722289000,0,93.75000000,0.4363
1624813771404000,0,2280.12759229,0.4364
1624814034594000,1,118.00000000,0.4368
1624814054915000,1,93.75000000,0.4365
1624814139021000,0,332.07000000,0.4375
1624814538221000,1,50.00000000,0.4352
1624814574610000,0,93.75000000,0.4360
1624814642264000,1,93.75000000,0.4359
1624815160197000,1,8819.35066350,0.4347
1624815200966000,0,93.75000000,0.4347
1624815201906000,0,8233.77942778,0.4347
1624815313150000,1,93.75000000,0.4353
1624815797832000,0,867.00000000,0.4360
1624816139346000,0,867.00000000,0.4370
1624816239352000,0,2808.00000000,0.4372
1624816268415000,0,471.98845767,0.4375
1624816458635000,0,417.00000000,0.4370
1624816458672000,0,450.00000000,0.4370
1624816584217000,0,93.75000000,0.4373
1624816644193000,1,93.75000000,0.4369
1624816952772000,0,14661.00000000,0.4352
1624816952939000,0,20859.00000000,0.4352
1624817002562000,1,2000.00000000,0.4350
1624817098591000,1,3200.00000000,0.4336
1624817098591000,1,4868.76481070,0.4336
1624817158249000,1,3200.00000000,0.4325
1624817161207000,0,80.24221000,0.4327
1624817170283000,0,8498.09342686,0.4334
1624817170283000,0,2558.30657314,0.4334
1624817326478000,1,1000.00000000,0.4310
1624817389193000,0,80.57367000,0.4309
1624817471508000,1,9219.41196225,0.4309
1624817737432000,0,867.00000000,0.4312
1624818148381000,0,59.59094400,0.4340
1624818372020000,0,503.06000000,0.4331
1624818518506000,0,169.13552800,0.4329
1624818846018000,0,71.89507600,0.4334
1624818972016000,1,500.17161435,0.4331
1624819471940000,0,3200.00000000,0.4344
1624819471940000,0,571.33489871,0.4344
1624819633887000,0,107.58462400,0.4333
1624820421722000,0,334.65000000,0.4341
1624820672884000,0,8008.18385732,0.4351
1624820846325000,1,9147.31820107,0.4347
1624821054837000,0,93.75000000,0.4348
1624821706812000,1,93.75000000,0.4340
1624821993084000,1,1000.00000000,0.4331
1624822076928000,0,3200.00000000,0.4331
1624822685378000,0,93.75000000,0.4345
1624823184420000,0,571.57744537,0.4352
1624823242444000,0,228.77291120,0.4349
1624823820374000,1,93.75000000,0.4357
1624824001199000,1,548.00000000,0.4357
1624824003923000,1,0.75464801,0.4357
1624824003923000,1,8901.24535199,0.4355
1624824014192000,0,93.75000000,0.4357
1624824014528000,0,1880.61284458,0.4357
1624824014528000,0,4935.71846465,0.4357
1624824037338000,1,3200.00000000,0.4358
1624824567113000,0,1115.08000000,0.4343
1624824806154000,0,9046.25187526,0.4355
1624825464460000,1,49.00000000,0.4347
1624825464490000,1,1.00000000,0.4347
1624826380180000,0,112.82369000,0.4357
1624826712277000,0,111.18000000,0.4355
1624826872391000,1,93.75000000,0.4348
1624827121978000,1,100.00000000,0.4344
1624827332352000,1,300.00000000,0.4340
1624827455282000,1,2000.00000000,0.4333
1624827609967000,0,119.84000000,0.4330
1624827660484000,0,97.37000000,0.4329
1624827670741000,0,105.48400000,0.4329
1624827788087000,0,93.75000000,0.4335
1624828361757000,0,234.49994257,0.4354
1624828463513000,0,2172.39360650,0.4351
1624828505223000,0,8269.00000000,0.4355
1624828505287000,0,0.89797224,0.4355
1624828510956000,0,4763.00000000,0.4359
1624828510974000,0,1284.00000000,0.4359
1624828613521000,0,228.15058348,0.4362
1624828659846000,0,322.05000000,0.4360
1624828719440000,1,8489.10836284,0.4346
1624828925719000,1,50.00000000,0.4332
1624828996222000,1,50.00000000,0.4328
1624829015904000,1,100.00000000,0.4325
1624829032133000,0,71.65700000,0.4325
1624829034655000,0,71.65700000,0.4325
1624829052294000,1,100.00000000,0.4320
1624829072090000,1,1225.00000000,0.4315
1624829074064000,1,4139.41030000,0.4310
1624829074064000,1,3868.77355732,0.4310
1624829154031000,0,9157.00000000,0.4317
1624829193885000,0,8338.00000000,0.4321
1624829199645000,0,0.21638678,0.4321
1624829199645000,0,8337.78361322,0.4321
1624829201310000,0,0.43277356,0.4321
1624829201310000,0,8337.56722644,0.4321
1624829439443000,0,8290.00000000,0.4345
1624829613294000,0,8277.00000000,0.4352
1624829615036000,0,0.94442782,0.4352
1624829615036000,0,754.76164927,0.4352
1624829615282000,0,7523.18277855,0.4352
1624829658565000,0,58.00434697,0.4355
1624829719262000,0,1.99565303,0.4355
1624829896297000,0,221.83000000,0.4366
1624830026864000,1,9159.09854226,0.4352
1624830045915000,0,8283.00000000,0.4351
1624830050352000,0,0.07014030,0.4351
1624830050352000,0,1319.39057886,0.4353
1624830107293000,0,4092.00000000,0.4353
1624830107363000,0,3698.75171966,0.4353
1624830135000000,1,658.60600000,0.4346
1624830186696000,0,111.34000000,0.4349
1624831272651000,1,80.57367000,0.4384
1624831381650000,1,81.06398000,0.4415
1624831508046000,1,79.00350000,0.4421
1624831616604000,1,76.30224000,0.4442
1624831743187000,0,326.52000000,0.4449
1624831886720000,1,75.95969000,0.4468
1624831887309000,0,1115.47385329,0.4482
1624831984598000,1,100.00000000,0.4470
1624831998490000,0,1000.00000000,0.4473
1624832168571000,1,71.01649000,0.4480
1624832198508000,0,50.05000000,0.4490
1624832199815000,0,1462.94244623,0.4490
1624832199826000,0,487.00755377,0.4490
1624832201999000,0,145.00000000,0.4500
1624832201999000,0,4000.00000000,0.4500
1624832256515000,1,67.51402000,0.4509
1624832272501000,0,8407.00000000,0.4536
1624832272556000,0,0.68179742,0.4536
1624832310922000,1,64.63937000,0.4522
1624832365377000,1,273.59904481,0.4501
1624832365377000,1,426.40095519,0.4501
1624832546831000,0,1901.05536786,0.4530
1624832546831000,0,999.94463214,0.4530
1624832593959000,1,93.80000000,0.4525
1624832671927000,1,181.99610829,0.4514
1624832671927000,1,518.00389171,0.4514
1624832830753000,0,93.80000000,0.4530
1624832845178000,0,906.00000000,0.4530
1624832846596000,0,0.20000000,0.4530
1624832952176000,1,64.35367000,0.4541
1624832987596000,0,284.00000000,0.4550
1624832988194000,0,996.00000000,0.4550
1624832988873000,0,720.00000000,0.4550
1624833144224000,1,2000.00000000,0.4548
1624833169277000,0,2075.06175088,0.4555
1624833263829000,1,93.80000000,0.4555
1624833280980000,1,8778.00000000,0.4555
1624833354250000,1,500.00000000,0.4537
1624833424877000,0,3000.00000000,0.4540
1624833637001000,0,93.80000000,0.4557
1624833650517000,1,64.07048000,0.4566
1624833700510000,1,63.78978000,0.4583
1624833786394000,1,500.00000000,0.4577
1624834017699000,1,650.00000000,0.4572
1624834028100000,0,49.00000000,0.4580
1624834031061000,0,1.00000000,0.4580
1624834031240000,0,100.00000000,0.4585
1624834034277000,0,500.00000000,0.4589
1624834294124000,1,297.02210216,0.4578
1624834294124000,1,202.97789784,0.4578
1624834309734000,1,50.00000000,0.4578
1624834497067000,0,350.00000000,0.4590
1624834584819000,0,2000.00000000,0.4600
1624834584819000,0,1000.00000000,0.4600
1624834603701000,1,63.51153000,0.4601
1624834642708000,0,1510.13500000,0.4610
1624834642736000,0,489.86500000,0.4610
1624834676266000,1,93.80000000,0.4618
1624834739324000,1,107.66493328,0.4618
1624834784915000,1,2790.14056672,0.4618
1624834950761000,0,210.57000000,0.4597
1624835126681000,0,93.80000000,0.4600
1624835128078000,0,6.20000000,0.4600
1624835140755000,0,100.00000000,0.4610
1624835421471000,0,100.00000000,0.4610
1624835431541000,0,3400.00000000,0.4613
1624835431541000,0,4052.06916657,0.4613
1624836081624000,0,200.00000000,0.4620
1624836089702000,1,63.23569000,0.4622
1624836130045000,0,197.86553028,0.4635
1624836130891000,0,500.00000000,0.4635
1624836161656000,1,62.52162000,0.4643
1624836468712000,0,1068.81434617,0.4655
1624836955822000,1,500.00000000,0.4642
1624837152909000,0,1000.00000000,0.4660
1624837158368000,0,8597.00000000,0.4666
1624837206408000,1,93.80000000,0.4667
1624837227238000,1,500.00000000,0.4660
1624837379486000,0,93.80000000,0.4662
1624837415231000,1,73.58874000,0.4677
1624837583417000,1,93.80000000,0.4668
1624837589375000,1,1716.47770542,0.4662
1624837706809000,0,5384.64093859,0.4670
1624837870392000,0,93.80000000,0.4680
1624837872835000,0,106.00000000,0.4680
1624837872868000,0,0.20000000,0.4680
1624837874743000,1,70.00000000,0.4678
1624838359015000,0,158.54469765,0.4666
