timestamp ms,type,amount,price
1624838537668000,0,99.99999999,0.4690
1624838537676000,0,0.00000001,0.4690
1624838540290000,0,1920.19495242,0.4699
1624838540290000,0,499.80504758,0.4700
1624838551457000,0,0.19495242,0.4700
1624838586548000,1,93.80000000,0.4703
1624839023200000,0,93.80000000,0.4649
1624839023950000,0,773.20000000,0.4649
1624839602587000,1,93.80000000,0.4619
1624839632186000,0,93.80000000,0.4625
1624840083863000,0,51960.00000000,0.4654
1624840085483000,0,1166.82630000,0.4657
1624840324744000,1,93.80000000,0.4664
1624840342133000,1,320.00000000,0.4664
1624840440211000,0,93.80000000,0.4668
1624840691806000,1,93.80000000,0.4678
1624840788869000,0,93.80000000,0.4682
1624841183424000,0,2971.98516745,0.4663
1624841462425000,1,3400.00000000,0.4654
1624841462425000,1,2601.64438459,0.4654
1624841605737000,1,93.80000000,0.4664
1624841605861000,1,304.25324840,0.4664
1624841890149000,1,7730.09780262,0.4653
1624841890149000,1,2690.59725094,0.4652
1624841890572000,1,354.92960129,0.4652
1624841890572000,1,887.16770973,0.4652
1624842139652000,0,8260.00000000,0.4664
1624842139780000,0,0.42983012,0.4664
1624842249659000,1,8226.00000000,0.4667
1624842372126000,1,7705.41273200,0.4674
1624842372166000,1,1121.28635767,0.4674
1624842626831000,0,93.80000000,0.4673
1624842639856000,0,102.60000000,0.4674
1624842916447000,1,93.80000000,0.4675
1624844980377000,1,3400.00000000,0.4619
1624844980377000,1,3818.92060000,0.4618
1624844980377000,1,8401.79553980,0.4618
1624844980377000,1,7793.53671132,0.4617
1624844980377000,1,151.12389793,0.4616
1624844980377000,1,457.85812245,0.4616
1624845005303000,0,93.80000000,0.4623
1624845005340000,0,8649.57263214,0.4623
1624845134932000,1,65.66981434,0.4621
1624845238534000,1,93.80000000,0.4623
1624845299667000,1,8350.67243386,0.4615
1624845318418000,0,8285.00000000,0.4617
1624845598584000,1,100.00000000,0.4600
1624845598656000,1,1948.21137500,0.4596
1624845599235000,1,3625.41490000,0.4596
1624845607012000,0,8967.00000000,0.4601
1624846644600000,0,93.80000000,0.4616
1624846734132000,1,93.80000000,0.4617
1624847445825000,0,93.80000000,0.4633
1624847747170000,0,3378.72108043,0.4630
1624847903185000,1,93.80000000,0.4637
1624847964988000,1,7780.28367190,0.4633
1624848122157000,0,107.62666810,0.4623
1624848215653000,0,2035.00000000,0.4622
1624848552045000,0,7830.00000000,0.4602
1624848623553000,0,92.59702000,0.4600
1624849159762000,0,795.00000000,0.4584
1624849200148000,0,1279.00000000,0.4588
1624849282166000,0,93.80000000,0.4602
1624849575039000,1,83.99845646,0.4594
1624849575039000,1,266.71229331,0.4594
1624850491161000,0,1178.84320474,0.4625
1624850657051000,1,93.80000000,0.4595
1624851893214000,0,95.67534274,0.4604
1624852568764000,0,7831.00000000,0.4601
1624852826177000,0,1875.00000000,0.4598
1624852904536000,1,1715.70830827,0.4590
1624854578616000,0,93.00954000,0.4579
1624855320371000,0,624.88181960,0.4585
1624855783087000,0,6096.00000000,0.4579
1624855834573000,1,1640.02958217,0.4587
1624856292916000,0,100.00000000,0.4582
1624858227502000,0,93.80000000,0.4609
1624858359200000,1,9132.77847634,0.4608
1624858387821000,0,490.94761267,0.4611
1624858391462000,0,8978.00000000,0.4611
1624858646540000,0,7828.62228116,0.4601
1624858852210000,0,956.00000000,0.4596
1624858852601000,0,7843.00000000,0.4596
1624858937999000,1,93.80000000,0.4595
1624858981707000,0,3400.00000000,0.4593
1624858981707000,0,3077.31635318,0.4594
1624859269039000,0,70.94182759,0.4598
1624859434768000,0,93.80000000,0.4603
1624859479878000,1,93.80000000,0.4601
1624860100634000,0,592.14239201,0.4606
1624860174070000,0,93.80000000,0.4603
1624860614277000,0,132.72812387,0.4616
1624860851163000,0,239.40027600,0.4624
1624860853222000,0,981.65874533,0.4631
1624860863241000,0,685.53329795,0.4637
1624861036309000,0,70.48801677,0.4627
1624861230255000,1,93.80000000,0.4622
1624861613366000,0,2155.52798838,0.4616
1624861664551000,0,93.80000000,0.4613
1624861884822000,0,60.00000000,0.4601
1624862340220000,1,7929.00000000,0.4592
1624862340612000,1,3400.00000000,0.4587
1624862340612000,1,3077.31635318,0.4587
1624863161007000,1,3400.00000000,0.4599
1624863161007000,1,5166.67610000,0.4599
1624863161007000,1,3400.00000000,0.4597
1624863161007000,1,2499.82390000,0.4597
1624863398330000,0,3986.00000000,0.4597
1624863398429000,0,5146.85471822,0.4597
1624863930018000,1,1000.00000000,0.4596
1624864137933000,1,200.00000000,0.4588
1624864636202000,1,7773.25706099,0.4614
1624864636202000,1,86.98803243,0.4613
1624864636202000,1,1031.63561082,0.4613
1624864636206000,1,6744.06197249,0.4613
1624864636206000,1,217.55583167,0.4612
1624864636206000,1,1556.22750849,0.4610
1624864772838000,1,93.80000000,0.4619
1624864779828000,0,93.80000000,0.4622
1624864829125000,1,93.80000000,0.4619
1624864829395000,1,8558.00000000,0.4619
1624864925311000,1,8672.00000000,0.4615
1624864976076000,0,93.80000000,0.4612
1624865452954000,0,1019.46627635,0.4629
1624865642001000,1,2350.87160507,0.4626
1624865642004000,1,876.89617322,0.4626
1624865642007000,1,172.23222171,0.4626
1624865733940000,1,93.80000000,0.4620
1624865755157000,0,502.39000000,0.4626
1624865761361000,1,3858.30540000,0.4620
1624865761361000,1,137.50213621,0.4620
1624865761361000,1,1561.04784558,0.4620
1624865781544000,0,6413.65796706,0.4621
1624865861946000,0,93.80000000,0.4622
1624865863144000,0,2906.00000000,0.4622
1624865873818000,0,0.20000000,0.4622
1624865883485000,1,160.00000000,0.4622
1624865886574000,0,1359.56109585,0.4625
1624865917247000,0,1630.00000000,0.4625
1624865919284000,0,1370.00000000,0.4625
1624865957063000,0,3000.00000000,0.4629
1624865986094000,1,93.80000000,0.4622
1624866064653000,0,93.80000000,0.4625
1624866066509000,0,177.00000000,0.4625
1624866075045000,0,708.00000000,0.4625
1624866121642000,0,0.20000000,0.4625
1624866331119000,1,55.19920000,0.4653
1624866420759000,1,93.80000000,0.4652
1624866438802000,1,8989.00000000,0.4652
1624866468342000,0,93.80000000,0.4652
1624866639158000,1,93.80000000,0.4646
1624866846128000,0,93.80000000,0.4634
1624867281337000,1,93.80000000,0.4630
1624867434375000,0,104.57000000,0.4631
1624868070563000,0,93.80000000,0.4642
1624868298230000,0,3557.03893609,0.4664
1624868322802000,0,963.18049200,0.4663
1624868357179000,1,93.80000000,0.4658
1624868373121000,1,8720.94620259,0.4650
1624868402588000,0,8901.00000000,0.4648
1624868410501000,0,897.00000000,0.4651
1624868419941000,0,59.65927424,0.4654
1624868475995000,1,11460.00000000,0.4645
1624868476505000,1,7071.96440000,0.4643
1624868501621000,0,8325.00000000,0.4646
1624868694240000,0,2867.87653504,0.4648
1624868886814000,1,3400.00000000,0.4640
1624868886901000,0,31164.60435039,0.4640
1624868922733000,0,7751.04771888,0.4643
1624868922814000,1,7751.04771888,0.4643
1624868924731000,1,18890.99553398,0.4643
1624869179550000,0,750.00000000,0.4628
1624869652793000,0,93.80000000,0.4631
1624869733751000,0,303.57948042,0.4631
1624870813325000,1,93.80000000,0.4625
1624870842592000,0,7613.56697756,0.4625
1624870849591000,0,155.37891791,0.4625
1624870849591000,0,472.84108209,0.4627
1624871364248000,0,214.90354419,0.4630
1624871670098000,0,257.71988010,0.4637
1624872008247000,0,1044.42000000,0.4637
1624872123267000,0,93.80000000,0.4640
1624872290482000,1,93.80000000,0.4641
1624873667064000,0,3400.00000000,0.4604
1624873667064000,0,7808.37279542,0.4605
1624873667064000,0,5543.35880000,0.4606
1624873667064000,0,3400.00000000,0.4607
1624873667064000,0,1260.13178000,0.4607
1624873667174000,1,2340.02948260,0.4610
1624873667252000,1,5530.64350000,0.4610
1624873667258000,1,130812.40886398,0.4610
1624873798343000,0,102.95079396,0.4591
1624873798788000,1,3400.00000000,0.4585
1624873798788000,1,3013.65796706,0.4585
1624874703247000,1,3400.00000000,0.4590
1624875024209000,0,93.80000000,0.4588
1624875279846000,1,8301.47399893,0.4582
1624875279846000,1,362.32352646,0.4580
1624875279846000,1,16500.00000000,0.4580
1624875279846000,1,905.74161936,0.4579
1624875279846000,1,7832.12134395,0.4579
1624875279846000,1,2355.47001223,0.4577
1624875279846000,1,649.66525914,0.4577
1624875306557000,1,55.08055200,0.4579
1624875310994000,0,55.08055200,0.4584
1624875350659000,0,89.63469000,0.4580
1624875377762000,0,3806.00000000,0.4576
1624875402792000,0,8720.00000000,0.4578
1624875752529000,1,93.80000000,0.4585
1624875798839000,1,50.00000000,0.4572
1624875838083000,1,200.00000000,0.4570
1624875870956000,1,1667.22541526,0.4568
1624875870957000,1,3152.21247150,0.4568
1624875955269000,1,314.41630000,0.4558
1624875955461000,1,0.00001663,0.4558
1624875964632000,0,90.02588000,0.4559
1624876016780000,1,8749.43755285,0.4552
1624876017463000,1,500.00000000,0.4550
1624876054911000,0,7218.00000000,0.4551
1624876054981000,0,93.80000000,0.4551
1624876057440000,0,526.73791984,0.4551
1624876057554000,0,608.57001318,0.4551
1624876260544000,0,3400.00000000,0.4565
1624876260544000,0,7877.19950436,0.4565
1624876260544000,0,4707.80690000,0.4566
1624876260544000,0,1079.65594126,0.4567
1624876417226000,0,685.93260000,0.4567
1624876477615000,1,93.80000000,0.4560
1624876991562000,0,93.80000000,0.4556
1624877132354000,1,636.51225000,0.4551
1624877329459000,1,55.38496600,0.4553
1624877334600000,0,55.38496600,0.4558
1624877388119000,1,3400.00000000,0.4547
1624877388119000,1,371.34000000,0.4547
1624877391316000,1,93.80000000,0.4547
1624877440844000,0,93.80000000,0.4559
1624877514534000,1,93.80000000,0.4561
1624877530579000,0,109.01514122,0.4564
1624878830855000,0,90.46433000,0.4538
1624879010251000,1,1192.87246526,0.4526
1624879010273000,1,292.81074809,0.4525
1624879010313000,1,6033.72347920,0.4525
1624879010342000,1,13593.46577271,0.4525
1624879010508000,1,1758.00000000,0.4523
1624879029383000,0,90.87890000,0.4517
1624879541594000,1,1716.56032929,0.4510
1624879908779000,0,93.80000000,0.4520
1624879981432000,1,93.80000000,0.4513
1624880110885000,0,93.80000000,0.4530
1624880249930000,1,93.80000000,0.4528
1624880250426000,1,3009.42580000,0.4528
1624880532923000,0,93.80000000,0.4536
1624880535400000,0,2945.79940499,0.4538
1624880535615000,0,1311.82482771,0.4538
1624880717584000,1,93.80000000,0.4532
1624880895187000,0,93.80000000,0.4529
1624881252910000,1,93.80000000,0.4520
1624881355224000,1,106.20000000,0.4520
1624881368270000,0,50.33074489,0.4519
1624881681218000,1,200.00000000,0.4511
1624881701617000,1,500.00000000,0.4500
1624881702272000,1,2000.00000000,0.4499
1624881729882000,0,91.26075000,0.4498
1624881922263000,0,93.80000000,0.4523
1624881997986000,0,91.26070000,0.4538
1624882000106000,0,62.59505200,0.4539
1624882000106000,0,4726.79487412,0.4539
1624882032659000,1,93.80000000,0.4543
1624882232987000,0,2330.61651125,0.4547
1624882247603000,0,1039.12764928,0.4548
1624882600982000,0,3369.74410000,0.4561
1624882601977000,0,4525.38074577,0.4561
1624882661349000,0,1878.44786105,0.4570
1624882661349000,0,1600.30228552,0.4570
1624882727469000,0,93.80000000,0.4568
1624882756309000,1,93.80000000,0.4560
1624882812033000,1,7908.46151728,0.4553
1624882985597000,1,3400.00000000,0.4539
1624882985597000,1,512.53516088,0.4539
1624882995671000,1,105.34893331,0.4532
1624882995671000,1,263.41180963,0.4532
1624882995671000,1,1092.87054429,0.4532
1624883211150000,1,219.21726653,0.4530
1624883211150000,1,3937.72270000,0.4530
1624883211150000,1,3400.00000000,0.4530
1624883211217000,0,93.80000000,0.4530
1624883211224000,0,3400.00000000,0.4530
1624883211777000,0,149044.00000000,0.4530
1624883211777000,0,0.20525547,0.4530
1624883266192000,1,93.80000000,0.4530
1624883808104000,0,7795.36813767,0.4523
1624883810100000,0,155.90736276,0.4523
1624883882660000,0,7804.48096017,0.4517
1624884953985000,0,1814.31021576,0.4542
1624884996366000,1,7934.17981340,0.4536
1624885015060000,0,93.80000000,0.4534
1624885028537000,0,9142.00000000,0.4538
1624885168104000,1,93.80000000,0.4544
1624885364036000,0,737.22816548,0.4547
1624885406979000,1,47.11620627,0.4543
1624885411337000,1,225.00000000,0.4543
1624885458621000,0,875.47831155,0.4546
1624885589463000,1,143.11521700,0.4532
1624885664473000,0,93.80000000,0.4539
1624885768075000,1,93.80000000,0.4536
1624886034690000,0,93.80000000,0.4537
1624886261686000,1,93.80000000,0.4537
1624887015776000,0,93.80000000,0.4558
1624887076752000,1,93.80000000,0.4545
1624887080984000,1,8965.75330000,0.4545
1624887193634000,1,3400.00000000,0.4538
1624887193634000,1,3919.99810000,0.4538
1624887193634000,1,132.07106657,0.4538
1624887471552000,0,2654.00000000,0.4547
1624887471739000,0,93.80000000,0.4547
1624887571384000,1,93.80000000,0.4543
1624887780327000,0,3400.00000000,0.4542
1624888343130000,0,93.80000000,0.4532
1624888953232000,0,263.00000000,0.4529
1624889021794000,1,169.80327832,0.4537
1624889188400000,0,84.10191209,0.4534
1624889223813000,1,115.65895119,0.4528
1624889275615000,0,3849.00000000,0.4536
1624889525875000,0,1178.30700000,0.4536
1624889551171000,0,106.70000000,0.4536
1624889702145000,0,2192.79564537,0.4538
1624890256472000,1,93.80000000,0.4550
1624890746169000,0,3400.00000000,0.4556
1624890746169000,0,3993.45781201,0.4556
1624891875546000,0,87.47000000,0.4565
1624891992150000,1,87.47000000,0.4562
1624892201896000,0,58.29915200,0.4579
1624892201896000,0,1574.71226793,0.4579
1624892202575000,1,67.55758000,0.4575
1624892218774000,0,3400.00000000,0.4590
1624892268275000,0,1249.90481840,0.4581
1624892339311000,0,3400.00000000,0.4583
1624892541999000,0,93.80000000,0.4589
1624892558467000,1,64.64566000,0.4591
1624892569267000,0,823.37834824,0.4597
1624892569293000,0,16.80363976,0.4597
1624892574801000,0,926.28310222,0.4601
1624892574864000,0,18.90373678,0.4601
1624892574864000,0,8645.77100311,0.4602
1624892574864000,0,1107.33938305,0.4605
1624892587648000,1,304.19606600,0.4597
1624892588663000,1,376.24448000,0.4598
1624892614534000,0,772.00000000,0.4604
1624892633621000,1,480.15118200,0.4603
1624892633961000,0,0.07978900,0.4604
1624892649134000,1,93.80000000,0.4605
1624892661930000,1,251.18400800,0.4605
1624892696706000,0,93.80000000,0.4614
1624892700533000,1,61.80246000,0.4612
1624892705839000,1,93.80000000,0.4612
1624892738652000,0,58.78900000,0.4613
1624892739995000,0,0.00091900,0.4613
1624892816732000,0,100.00000000,0.4627
1624892861385000,1,58.78900000,0.4626
1624892897646000,1,100.00000000,0.4625
1624892899250000,0,93.80000000,0.4625
1624892900929000,0,6.20000000,0.4625
1624892900929000,0,307.90000000,0.4630
1624892911534000,1,93.80000000,0.4625
1624893005167000,0,93.80000000,0.4634
1624893044935000,1,93.80000000,0.4625
1624893110806000,1,8329.05556436,0.4625
1624893216399000,0,3400.00000000,0.4630
1624893216399000,0,1856.66018794,0.4630
1624893216399000,0,968.08953475,0.4630
1624893242565000,1,58.98385000,0.4632
1624893574918000,0,45.67974222,0.4640
1624893905623000,0,93.80000000,0.4639
1624893927537000,1,93.80000000,0.4636
1624893937315000,1,3400.00000000,0.4636
1624893937315000,1,1105.53615611,0.4635
1624893952906000,0,93.80000000,0.4643
1624894025150000,1,3400.00000000,0.4633
1624894025396000,1,93.80000000,0.4634
1624894716166000,0,1493.00000000,0.4640
1624895251108000,1,58.72989000,0.4650
1624895318633000,0,93.80000000,0.4668
1624895467900000,1,1300.00000000,0.4656
1624895533496000,0,310.84480000,0.4682
1624895533496000,0,157.89366231,0.4682
1624895533511000,0,398.26153769,0.4682
1624895537735000,1,85.15106000,0.4682
1624895708430000,1,93.80000000,0.4687
1624895713471000,1,8485.95710420,0.4687
1624895757352000,0,93.80000000,0.4684
1624895758649000,0,7617.60800000,0.4684
1624895888207000,1,93.80000000,0.4694
1624895995235000,1,55.84570000,0.4703
1624896016348000,0,93.80000000,0.4714
1624896072021000,1,2648.00000000,0.4703
1624896087595000,1,93.80000000,0.4699
1624896087722000,1,591.14263500,0.4699
1624896088966000,0,197.51000000,0.4702
1624896091139000,0,2113.85602311,0.4699
1624896120147000,0,93.80000000,0.4705
1624896158012000,1,1219.46109081,0.4697
1624896198993000,1,93.80000000,0.4694
1624896302714000,0,100.00000000,0.4687
1624896526763000,1,215.27000000,0.4672
1624896803875000,1,150.00000000,0.4672
1624896847311000,0,3400.00000000,0.4677
1624896847311000,0,3019.48479029,0.4677
1624897183372000,0,3400.00000000,0.4665
1624897183372000,0,2427.96131115,0.4666
1624897183395000,0,5296.90890134,0.4666
1624897183425000,1,2427.96130566,0.4666
1624897183494000,0,3399.99999500,0.4666
1624897183619000,0,3400.00000000,0.4666
1624897183619000,0,2703.39442168,0.4666
1624897184165000,1,2387.58959566,0.4666
1624897186058000,0,225.47230281,0.4666
1624897237519000,1,8604.00000000,0.4662
1624897624709000,0,93.80000000,0.4685
1624897968945000,1,93.80000000,0.4685
1624898173541000,0,93.80000000,0.4668
1624898566430000,1,93.80000000,0.4697
1624898853364000,0,93.80000000,0.4690
1624898867627000,0,250.20000000,0.4694
1624900014437000,0,8260.66160000,0.4679
1624900168643000,0,103.36000000,0.4685
1624900181201000,1,93.80000000,0.4680
1624900515468000,1,328.39249698,0.4674
1624900531707000,1,164.19624577,0.4680
1624900678379000,0,6733.44632240,0.4702
1624900699013000,0,7657.98129601,0.4708
1624901042528000,0,93.80000000,0.4697
1624901198690000,1,93.80000000,0.4686
1624901411262000,0,2139.86973314,0.4684
1624901454055000,1,3845.53380000,0.4673
1624901522615000,1,968.59260000,0.4669
1624902392275000,0,93.80000000,0.4648
1624902403456000,0,643.60694101,0.4653
1624902741440000,0,74.32803400,0.4657
1624902749838000,0,91.49599200,0.4662
1624902840501000,1,93.80000000,0.4651
1624902872605000,0,5148.00000000,0.4649
1624903436566000,0,202.62665323,0.4665
1624903868841000,0,914.53456290,0.4647
1624904194114000,1,2143.69849944,0.4650
1624904580785000,1,3853.61840000,0.4645
1624904580785000,1,3400.00000000,0.4645
1624904580785000,1,7751.73888837,0.4645
1624904580785000,1,3400.00000000,0.4644
1624904580785000,1,8727.41271005,0.4644
1624904580785000,1,444.99569550,0.4643
1624904580785000,1,7753.34308470,0.4643
1624904580785000,1,2892.48970472,0.4641
1624904580785000,1,1112.27857539,0.4641
1624904580785000,1,664.12294127,0.4635
1624904607985000,0,93.80000000,0.4650
1624904617271000,0,1488.04324391,0.4650
1624904950350000,0,1491.34290760,0.4642
1624904950422000,0,6734.67566314,0.4642
1624904973724000,0,104.34000000,0.4643
1624905260654000,0,65.18959243,0.4645
1624905348033000,1,65.18959244,0.4645
1624905366587000,0,5366.47237164,0.4647
1624905371944000,1,93.80000000,0.4645
1624905373283000,1,1841.01040756,0.4645
1624905509966000,1,2000.00000000,0.4640
1624905656482000,1,2000.00000000,0.4635
1624905756193000,1,2000.00000000,0.4630
1624905832840000,1,2000.00000000,0.4625
1624905961519000,0,88.25248000,0.4620
1624906232821000,1,2000.00000000,0.4635
1624906318652000,1,3099.75000000,0.4629
1624906360446000,0,93.80000000,0.4636
1624906610159000,1,93.80000000,0.4628
1624906617406000,1,1906.20000000,0.4628
1624906694736000,1,1000.00000000,0.4625
1624906883316000,0,93.80000000,0.4637
1624906981327000,1,93.80000000,0.4640
1624906982054000,1,1392.26366459,0.4640
1624907109871000,0,232.13338139,0.4638
1624907109881000,0,232.13338139,0.4638
1624907149232000,0,93.80000000,0.4643
1624907173619000,1,93.80000000,0.4636
1624907325012000,1,500.00000000,0.4636
1624908114773000,0,817.56527244,0.4660
1624908161505000,0,93.80000000,0.4663
1624908834796000,0,1804.73315618,0.4666
1624908865791000,1,153.64754300,0.4662
1624908884871000,1,93.80000000,0.4661
1624908885471000,1,1906.20000000,0.4661
1624909204072000,1,1000.00000000,0.4655
1624909597377000,1,500.00000000,0.4650
1624909597912000,1,8553.68940000,0.4649
1624909612485000,1,1000.00000000,0.4645
1624910307113000,1,2000.00000000,0.4650
1624910429637000,1,1055.73790000,0.4640
1624910431554000,1,944.26210000,0.4640
1624910678821000,1,7772.13855042,0.4639
1624910689908000,0,8514.00000000,0.4639
1624910690565000,0,0.38715703,0.4639
1624911504944000,0,214.87917555,0.4643
1624912389226000,1,531.81486802,0.4664
1624912491339000,0,93.80000000,0.4672
1624912493869000,0,513.00000000,0.4675
1624912494017000,0,0.12115300,0.4675
1624912970134000,0,1000.00000000,0.4680
1624912970134000,0,1000.00000000,0.4680
1624913008716000,0,1837.00000000,0.4680
1624913008770000,0,0.65106991,0.4680
1624913556322000,1,970.92230000,0.4670
1624913795997000,0,500.00000000,0.4680
1624913808719000,0,214.75800000,0.4685
1624913809717000,0,1785.00000000,0.4685
1624913809815000,0,0.24200000,0.4685
1624913853262000,1,93.80000000,0.4686
1624914161779000,1,200.00000000,0.4671
1624914302903000,0,795.16746104,0.4678
1624914693774000,1,55.62440000,0.4692
1624914903884000,0,196.95000000,0.4696
1624915237511000,0,100.74106914,0.4692
1624915704593000,0,490.00000000,0.4680
1624915709225000,0,10.00000000,0.4680
1624916361134000,0,93.80000000,0.4685
1624916707813000,0,2000.00000000,0.4700
1624916707813000,0,450.00000000,0.4700
1624916708131000,0,50.00000000,0.4700
1624916776029000,0,616.94000000,0.4708
1624917052858000,1,93.80000000,0.4710
1624917056268000,1,55.54856000,0.4710
1624917057691000,1,1850.65144000,0.4710
1624917065645000,0,93.80000000,0.4711
1624917126997000,0,6227.24366215,0.4710
1624917151544000,0,601.44663838,0.4715
1624917230656000,1,93.80000000,0.4707
1624917231279000,1,8616.02721936,0.4707
1624917252433000,0,411.15000000,0.4714
1624917266261000,0,93.80000000,0.4714
1624917540510000,1,93.80000000,0.4705
1624917557746000,1,1906.20000000,0.4705
1624917566421000,1,2000.00000000,0.4700
1624917619153000,0,659.85000000,0.4697
1624917726822000,1,2000.00000000,0.4690
1624917945098000,0,664.22000000,0.4666
1624918047888000,0,2647.00000000,0.4661
1624918200146000,0,225.00000000,0.4647
1624918213798000,0,666.85000000,0.4647
1624918243426000,1,500.00000000,0.4643
1624918400648000,0,2000.00000000,0.4649
1624918526559000,0,665.96000000,0.4653
1624919372465000,0,665.57000000,0.4655
1624919381892000,1,200.25795356,0.4652
1624919573831000,1,99.99999999,0.4640
1624919574357000,1,0.00000001,0.4640
1624919578536000,1,1999.99999999,0.4630
1624919578543000,1,0.00000001,0.4630
1624919631300000,0,668.36000000,0.4635
1624919694969000,0,88.57643000,0.4630
1624919771889000,1,8732.59322156,0.4630
1624919823825000,0,2297.00000000,0.4635
1624919823906000,0,93.80000000,0.4635
1624919860919000,0,8428.33509722,0.4641
1624920035770000,0,667.36000000,0.4644
1624920335476000,1,93.80000000,0.4644
1624920347452000,1,8617.20990509,0.4636
1624920494775000,0,5473.00000000,0.4638
1624920636022000,0,93.80000000,0.4650
1624920847842000,1,93.80000000,0.4650
1624920847896000,1,1906.20000000,0.4650
1624921126622000,1,7752.71116422,0.4651
1624921219864000,1,6096.04128743,0.4638
1624921263534000,0,9001.00000000,0.4641
1624921510959000,0,100.00000000,0.4636
1624921538858000,0,7780.00000000,0.4632
1624921587731000,0,200.00000000,0.4633
1624921669829000,0,200.00000000,0.4630
1624921727541000,1,1351.51284455,0.4622
1624921855668000,1,300.00000000,0.4610
1624921917068000,1,180.35133375,0.4611
1624921917071000,1,0.00000001,0.4611
1624921920891000,0,89.01092000,0.4607
1624921957481000,0,1887.20173535,0.4608
1624922138875000,1,458.51528349,0.4617
1624922138875000,1,1377.12088468,0.4617
1624922306198000,1,910.27027027,0.4625
1624922516845000,1,925.12432432,0.4620
1624924015941000,0,93.80000000,0.4640
1624924019944000,0,906.00000000,0.4640
1624924029054000,0,0.20000000,0.4640
1624924063358000,1,93.80000000,0.4641
1624924247238000,0,93.80000000,0.4640
1624924270948000,1,93.80000000,0.4637
