timestamp ms,type,amount,price
1624838537668000,0,99.99999999,0.4690
1624838537676000,0,0.00000001,0.4690
1624838540290000,0,1920.19495242,0.4699
1624838540290000,0,499.80504758,0.4700
1624838551457000,0,0.19495242,0.4700
1624838586548000,1,93.80000000,0.4703
1624839023200000,0,93.80000000,0.4649
1624839023950000,0,773.20000000,0.4649
1624839602587000,1,93.80000000,0.4619
1624839632186000,0,93.80000000,0.4625
1624840083863000,0,51960.00000000,0.4654
1624840085483000,0,1166.82630000,0.4657
1624840324744000,1,93.80000000,0.4664
1624840342133000,1,320.00000000,0.4664
1624840440211000,0,93.80000000,0.4668
1624840691806000,1,93.80000000,0.4678
1624840788869000,0,93.80000000,0.4682
1624841183424000,0,2971.98516745,0.4663
1624841462425000,1,3400.00000000,0.4654
1624841462425000,1,2601.64438459,0.4654
1624841605737000,1,93.80000000,0.4664
1624841605861000,1,304.25324840,0.4664
1624841890149000,1,7730.09780262,0.4653
1624841890149000,1,2690.59725094,0.4652
1624841890572000,1,354.92960129,0.4652
1624841890572000,1,887.16770973,0.4652
1624842139652000,0,8260.00000000,0.4664
1624842139780000,0,0.42983012,0.4664
1624842249659000,1,8226.00000000,0.4667
1624842372126000,1,7705.41273200,0.4674
1624842372166000,1,1121.28635767,0.4674
1624842626831000,0,93.80000000,0.4673
1624842639856000,0,102.60000000,0.4674
1624842916447000,1,93.80000000,0.4675
1624844980377000,1,3400.00000000,0.4619
1624844980377000,1,3818.92060000,0.4618
1624844980377000,1,8401.79553980,0.4618
1624844980377000,1,7793.53671132,0.4617
1624844980377000,1,151.12389793,0.4616
1624844980377000,1,457.85812245,0.4616
1624845005303000,0,93.80000000,0.4623
1624845005340000,0,8649.57263214,0.4623
1624845134932000,1,65.66981434,0.4621
1624845238534000,1,93.80000000,0.4623
1624845299667000,1,8350.67243386,0.4615
1624845318418000,0,8285.00000000,0.4617
1624845598584000,1,100.00000000,0.4600
1624845598656000,1,1948.21137500,0.4596
1624845599235000,1,3625.41490000,0.4596
1624845607012000,0,8967.00000000,0.4601
1624846644600000,0,93.80000000,0.4616
1624846734132000,1,93.80000000,0.4617
1624847445825000,0,93.80000000,0.4633
1624847747170000,0,3378.72108043,0.4630
1624847903185000,1,93.80000000,0.4637
1624847964988000,1,7780.28367190,0.4633
1624848122157000,0,107.62666810,0.4623
1624848215653000,0,2035.00000000,0.4622
1624848552045000,0,7830.00000000,0.4602
1624848623553000,0,92.59702000,0.4600
1624849159762000,0,795.00000000,0.4584
1624849200148000,0,1279.00000000,0.4588
1624849282166000,0,93.80000000,0.4602
1624849575039000,1,83.99845646,0.4594
1624849575039000,1,266.71229331,0.4594
1624850491161000,0,1178.84320474,0.4625
1624850657051000,1,93.80000000,0.4595
1624851893214000,0,95.67534274,0.4604
1624852568764000,0,7831.00000000,0.4601
1624852826177000,0,1875.00000000,0.4598
1624852904536000,1,1715.70830827,0.4590
1624854578616000,0,93.00954000,0.4579
1624855320371000,0,624.88181960,0.4585
1624855783087000,0,6096.00000000,0.4579
1624855834573000,1,1640.02958217,0.4587
1624856292916000,0,100.00000000,0.4582
1624858227502000,0,93.80000000,0.4609
1624858359200000,1,9132.77847634,0.4608
1624858387821000,0,490.94761267,0.4611
1624858391462000,0,8978.00000000,0.4611
1624858646540000,0,7828.62228116,0.4601
1624858852210000,0,956.00000000,0.4596
1624858852601000,0,7843.00000000,0.4596
1624858937999000,1,93.80000000,0.4595
1624858981707000,0,3400.00000000,0.4593
1624858981707000,0,3077.31635318,0.4594
1624859269039000,0,70.94182759,0.4598
1624859434768000,0,93.80000000,0.4603
1624859479878000,1,93.80000000,0.4601
1624860100634000,0,592.14239201,0.4606
1624860174070000,0,93.80000000,0.4603
1624860614277000,0,132.72812387,0.4616
1624860851163000,0,239.40027600,0.4624
1624860853222000,0,981.65874533,0.4631
1624860863241000,0,685.53329795,0.4637
1624861036309000,0,70.48801677,0.4627
1624861230255000,1,93.80000000,0.4622
1624861613366000,0,2155.52798838,0.4616
1624861664551000,0,93.80000000,0.4613
1624861884822000,0,60.00000000,0.4601
1624862340220000,1,7929.00000000,0.4592
1624862340612000,1,3400.00000000,0.4587
1624862340612000,1,3077.31635318,0.4587
1624863161007000,1,3400.00000000,0.4599
1624863161007000,1,5166.67610000,0.4599
1624863161007000,1,3400.00000000,0.4597
1624863161007000,1,2499.82390000,0.4597
1624863398330000,0,3986.00000000,0.4597
1624863398429000,0,5146.85471822,0.4597
1624863930018000,1,1000.00000000,0.4596
1624864137933000,1,200.00000000,0.4588
1624864636202000,1,7773.25706099,0.4614
1624864636202000,1,86.98803243,0.4613
1624864636202000,1,1031.63561082,0.4613
1624864636206000,1,6744.06197249,0.4613
1624864636206000,1,217.55583167,0.4612
1624864636206000,1,1556.22750849,0.4610
1624864772838000,1,93.80000000,0.4619
1624864779828000,0,93.80000000,0.4622
1624864829125000,1,93.80000000,0.4619
1624864829395000,1,8558.00000000,0.4619
1624864925311000,1,8672.00000000,0.4615
1624864976076000,0,93.80000000,0.4612
1624865452954000,0,1019.46627635,0.4629
1624865642001000,1,2350.87160507,0.4626
1624865642004000,1,876.89617322,0.4626
1624865642007000,1,172.23222171,0.4626
1624865733940000,1,93.80000000,0.4620
1624865755157000,0,502.39000000,0.4626
1624865761361000,1,3858.30540000,0.4620
1624865761361000,1,137.50213621,0.4620
1624865761361000,1,1561.04784558,0.4620
1624865781544000,0,6413.65796706,0.4621
1624865861946000,0,93.80000000,0.4622
1624865863144000,0,2906.00000000,0.4622
1624865873818000,0,0.20000000,0.4622
1624865883485000,1,160.00000000,0.4622
1624865886574000,0,1359.56109585,0.4625
1624865917247000,0,1630.00000000,0.4625
1624865919284000,0,1370.00000000,0.4625
1624865957063000,0,3000.00000000,0.4629
1624865986094000,1,93.80000000,0.4622
1624866064653000,0,93.80000000,0.4625
1624866066509000,0,177.00000000,0.4625
1624866075045000,0,708.00000000,0.4625
1624866121642000,0,0.20000000,0.4625
1624866331119000,1,55.19920000,0.4653
1624866420759000,1,93.80000000,0.4652
1624866438802000,1,8989.00000000,0.4652
1624866468342000,0,93.80000000,0.4652
1624866639158000,1,93.80000000,0.4646
1624866846128000,0,93.80000000,0.4634
1624867281337000,1,93.80000000,0.4630
1624867434375000,0,104.57000000,0.4631
1624868070563000,0,93.80000000,0.4642
1624868298230000,0,3557.03893609,0.4664
1624868322802000,0,963.18049200,0.4663
1624868357179000,1,93.80000000,0.4658
1624868373121000,1,8720.94620259,0.4650
1624868402588000,0,8901.00000000,0.4648
1624868410501000,0,897.00000000,0.4651
1624868419941000,0,59.65927424,0.4654
1624868475995000,1,11460.00000000,0.4645
1624868476505000,1,7071.96440000,0.4643
1624868501621000,0,8325.00000000,0.4646
1624868694240000,0,2867.87653504,0.4648
1624868886814000,1,3400.00000000,0.4640
1624868886901000,0,31164.60435039,0.4640
1624868922733000,0,7751.04771888,0.4643
1624868922814000,1,7751.04771888,0.4643
1624868924731000,1,18890.99553398,0.4643
1624869179550000,0,750.00000000,0.4628
1624869652793000,0,93.80000000,0.4631
1624869733751000,0,303.57948042,0.4631
1624870813325000,1,93.80000000,0.4625
1624870842592000,0,7613.56697756,0.4625
1624870849591000,0,155.37891791,0.4625
1624870849591000,0,472.84108209,0.4627
1624871364248000,0,214.90354419,0.4630
1624871670098000,0,257.71988010,0.4637
1624872008247000,0,1044.42000000,0.4637
1624872123267000,0,93.80000000,0.4640
1624872290482000,1,93.80000000,0.4641
1624873667064000,0,3400.00000000,0.4604
1624873667064000,0,7808.37279542,0.4605
1624873667064000,0,5543.35880000,0.4606
1624873667064000,0,3400.00000000,0.4607
1624873667064000,0,1260.13178000,0.4607
1624873667174000,1,2340.02948260,0.4610
1624873667252000,1,5530.64350000,0.4610
1624873667258000,1,130812.40886398,0.4610
1624873798343000,0,102.95079396,0.4591
1624873798788000,1,3400.00000000,0.4585
1624873798788000,1,3013.65796706,0.4585
1624874703247000,1,3400.00000000,0.4590
1624875024209000,0,93.80000000,0.4588
1624875279846000,1,8301.47399893,0.4582
1624875279846000,1,362.32352646,0.4580
1624875279846000,1,16500.00000000,0.4580
1624875279846000,1,905.74161936,0.4579
1624875279846000,1,7832.12134395,0.4579
1624875279846000,1,2355.47001223,0.4577
1624875279846000,1,649.66525914,0.4577
1624875306557000,1,55.08055200,0.4579
1624875310994000,0,55.08055200,0.4584
1624875350659000,0,89.63469000,0.4580
1624875377762000,0,3806.00000000,0.4576
1624875402792000,0,8720.00000000,0.4578
1624875752529000,1,93.80000000,0.4585
1624875798839000,1,50.00000000,0.4572
1624875838083000,1,200.00000000,0.4570
1624875870956000,1,1667.22541526,0.4568
1624875870957000,1,3152.21247150,0.4568
1624875955269000,1,314.41630000,0.4558
1624875955461000,1,0.00001663,0.4558
1624875964632000,0,90.02588000,0.4559
1624876016780000,1,8749.43755285,0.4552
1624876017463000,1,500.00000000,0.4550
1624876054911000,0,7218.00000000,0.4551
1624876054981000,0,93.80000000,0.4551
1624876057440000,0,526.73791984,0.4551
1624876057554000,0,608.57001318,0.4551
1624876260544000,0,3400.00000000,0.4565
1624876260544000,0,7877.19950436,0.4565
1624876260544000,0,4707.80690000,0.4566
1624876260544000,0,1079.65594126,0.4567
1624876417226000,0,685.93260000,0.4567
1624876477615000,1,93.80000000,0.4560
1624876991562000,0,93.80000000,0.4556
1624877132354000,1,636.51225000,0.4551
1624877329459000,1,55.38496600,0.4553
1624877334600000,0,55.38496600,0.4558
1624877388119000,1,3400.00000000,0.4547
1624877388119000,1,371.34000000,0.4547
1624877391316000,1,93.80000000,0.4547
1624877440844000,0,93.80000000,0.4559
1624877514534000,1,93.80000000,0.4561
1624877530579000,0,109.01514122,0.4564
1624878830855000,0,90.46433000,0.4538
1624879010251000,1,1192.87246526,0.4526
1624879010273000,1,292.81074809,0.4525
1624879010313000,1,6033.72347920,0.4525
1624879010342000,1,13593.46577271,0.4525
1624879010508000,1,1758.00000000,0.4523
1624879029383000,0,90.87890000,0.4517
1624879541594000,1,1716.56032929,0.4510
1624879908779000,0,93.80000000,0.4520
1624879981432000,1,93.80000000,0.4513
1624880110885000,0,93.80000000,0.4530
1624880249930000,1,93.80000000,0.4528
1624880250426000,1,3009.42580000,0.4528
1624880532923000,0,93.80000000,0.4536
1624880535400000,0,2945.79940499,0.4538
1624880535615000,0,1311.82482771,0.4538
1624880717584000,1,93.80000000,0.4532
1624880895187000,0,93.80000000,0.4529
1624881252910000,1,93.80000000,0.4520
1624881355224000,1,106.20000000,0.4520
1624881368270000,0,50.33074489,0.4519
1624881681218000,1,200.00000000,0.4511
1624881701617000,1,500.00000000,0.4500
1624881702272000,1,2000.00000000,0.4499
1624881729882000,0,91.26075000,0.4498
1624881922263000,0,93.80000000,0.4523
1624881997986000,0,91.26070000,0.4538
1624882000106000,0,62.59505200,0.4539
1624882000106000,0,4726.79487412,0.4539
1624882032659000,1,93.80000000,0.4543
1624882232987000,0,2330.61651125,0.4547
1624882247603000,0,1039.12764928,0.4548
1624882600982000,0,3369.74410000,0.4561
1624882601977000,0,4525.38074577,0.4561
1624882661349000,0,1878.44786105,0.4570
1624882661349000,0,1600.30228552,0.4570
1624882727469000,0,93.80000000,0.4568
1624882756309000,1,93.80000000,0.4560
1624882812033000,1,7908.46151728,0.4553
1624882985597000,1,3400.00000000,0.4539
1624882985597000,1,512.53516088,0.4539
1624882995671000,1,105.34893331,0.4532
1624882995671000,1,263.41180963,0.4532
1624882995671000,1,1092.87054429,0.4532
1624883211150000,1,219.21726653,0.4530
1624883211150000,1,3937.72270000,0.4530
1624883211150000,1,3400.00000000,0.4530
1624883211217000,0,93.80000000,0.4530
1624883211224000,0,3400.00000000,0.4530
1624883211777000,0,149044.00000000,0.4530
1624883211777000,0,0.20525547,0.4530
1624883266192000,1,93.80000000,0.4530
1624883808104000,0,7795.36813767,0.4523
1624883810100000,0,155.90736276,0.4523
1624883882660000,0,7804.48096017,0.4517
1624884953985000,0,1814.31021576,0.4542
1624884996366000,1,7934.17981340,0.4536
1624885015060000,0,93.80000000,0.4534
1624885028537000,0,9142.00000000,0.4538
1624885168104000,1,93.80000000,0.4544
1624885364036000,0,737.22816548,0.4547
1624885406979000,1,47.11620627,0.4543
1624885411337000,1,225.00000000,0.4543
1624885458621000,0,875.47831155,0.4546
1624885589463000,1,143.11521700,0.4532
1624885664473000,0,93.80000000,0.4539
1624885768075000,1,93.80000000,0.4536
1624886034690000,0,93.80000000,0.4537
1624886261686000,1,93.80000000,0.4537
1624887015776000,0,93.80000000,0.4558
1624887076752000,1,93.80000000,0.4545
1624887080984000,1,8965.75330000,0.4545
1624887193634000,1,3400.00000000,0.4538
1624887193634000,1,3919.99810000,0.4538
1624887193634000,1,132.07106657,0.4538
1624887471552000,0,2654.00000000,0.4547
1624887471739000,0,93.80000000,0.4547
1624887571384000,1,93.80000000,0.4543
1624887780327000,0,3400.00000000,0.4542
1624888343130000,0,93.80000000,0.4532
1624888953232000,0,263.00000000,0.4529
1624889021794000,1,169.80327832,0.4537
1624889188400000,0,84.10191209,0.4534
1624889223813000,1,115.65895119,0.4528
1624889275615000,0,3849.00000000,0.4536
1624889525875000,0,1178.30700000,0.4536
1624889551171000,0,106.70000000,0.4536
1624889702145000,0,2192.79564537,0.4538
1624890256472000,1,93.80000000,0.4550
1624890746169000,0,3400.00000000,0.4556
1624890746169000,0,3993.45781201,0.4556
1624891875546000,0,87.47000000,0.4565
1624891992150000,1,87.47000000,0.4562
1624892201896000,0,58.29915200,0.4579
1624892201896000,0,1574.71226793,0.4579
1624892202575000,1,67.55758000,0.4575
1624892218774000,0,3400.00000000,0.4590
1624892268275000,0,1249.90481840,0.4581
1624892339311000,0,3400.00000000,0.4583
1624892541999000,0,93.80000000,0.4589
1624892558467000,1,64.64566000,0.4591
1624892569267000,0,823.37834824,0.4597
1624892569293000,0,16.80363976,0.4597
1624892574801000,0,926.28310222,0.4601
1624892574864000,0,18.90373678,0.4601
1624892574864000,0,8645.77100311,0.4602
1624892574864000,0,1107.33938305,0.4605
1624892587648000,1,304.19606600,0.4597
1624892588663000,1,376.24448000,0.4598
1624892614534000,0,772.00000000,0.4604
1624892633621000,1,480.15118200,0.4603
1624892633961000,0,0.07978900,0.4604
1624892649134000,1,93.80000000,0.4605
1624892661930000,1,251.18400800,0.4605
1624892696706000,0,93.80000000,0.4614
1624892700533000,1,61.80246000,0.4612
1624892705839000,1,93.80000000,0.4612
1624892738652000,0,58.78900000,0.4613
1624892739995000,0,0.00091900,0.4613
1624892816732000,0,100.00000000,0.4627
1624892861385000,1,58.78900000,0.4626
1624892897646000,1,100.00000000,0.4625
1624892899250000,0,93.80000000,0.4625
1624892900929000,0,6.20000000,0.4625
1624892900929000,0,307.90000000,0.4630
1624892911534000,1,93.80000000,0.4625
1624893005167000,0,93.80000000,0.4634
1624893044935000,1,93.80000000,0.4625
1624893110806000,1,8329.05556436,0.4625
1624893216399000,0,3400.00000000,0.4630
1624893216399000,0,1856.66018794,0.4630
1624893216399000,0,968.08953475,0.4630
1624893242565000,1,58.98385000,0.4632
1624893574918000,0,45.67974222,0.4640
1624893905623000,0,93.80000000,0.4639
1624893927537000,1,93.80000000,0.4636
1624893937315000,1,3400.00000000,0.4636
1624893937315000,1,1105.53615611,0.4635
1624893952906000,0,93.80000000,0.4643
1624894025150000,1,3400.00000000,0.4633
1624894025396000,1,93.80000000,0.4634
1624894716166000,0,1493.00000000,0.4640
1624895251108000,1,58.72989000,0.4650
1624895318633000,0,93.80000000,0.4668
1624895467900000,1,1300.00000000,0.4656
1624895533496000,0,310.84480000,0.4682
1624895533496000,0,157.89366231,0.4682
1624895533511000,0,398.26153769,0.4682
1624895537735000,1,85.15106000,0.4682
1624895708430000,1,93.80000000,0.4687
1624895713471000,1,8485.95710420,0.4687
1624895757352000,0,93.80000000,0.4684
1624895758649000,0,7617.60800000,0.4684
1624895888207000,1,93.80000000,0.4694
1624895995235000,1,55.84570000,0.4703
1624896016348000,0,93.80000000,0.4714
1624896072021000,1,2648.00000000,0.4703
1624896087595000,1,93.80000000,0.4699
1624896087722000,1,591.14263500,0.4699
1624896088966000,0,197.51000000,0.4702
1624896091139000,0,2113.85602311,0.4699
1624896120147000,0,93.80000000,0.4705
1624896158012000,1,1219.46109081,0.4697
1624896198993000,1,93.80000000,0.4694
1624896302714000,0,100.00000000,0.4687
1624896526763000,1,215.27000000,0.4672
1624896803875000,1,150.00000000,0.4672
1624896847311000,0,3400.00000000,0.4677
1624896847311000,0,3019.48479029,0.4677
1624897183372000,0,3400.00000000,0.4665
1624897183372000,0,2427.96131115,0.4666
1624897183395000,0,5296.90890134,0.4666
1624897183425000,1,2427.96130566,0.4666
1624897183494000,0,3399.99999500,0.4666
1624897183619000,0,3400.00000000,0.4666
1624897183619000,0,2703.39442168,0.4666
1624897184165000,1,2387.58959566,0.4666
1624897186058000,0,225.47230281,0.4666
1624897237519000,1,8604.00000000,0.4662
1624897624709000,0,93.80000000,0.4685
1624897968945000,1,93.80000000,0.4685
1624898173541000,0,93.80000000,0.4668
1624898566430000,1,93.80000000,0.4697
1624898853364000,0,93.80000000,0.4690
1624898867627000,0,250.20000000,0.4694
1624900014437000,0,8260.66160000,0.4679
1624900168643000,0,103.36000000,0.4685
1624900181201000,1,93.80000000,0.4680
1624900515468000,1,328.39249698,0.4674
1624900531707000,1,164.19624577,0.4680
1624900678379000,0,6733.44632240,0.4702
1624900699013000,0,7657.98129601,0.4708
1624901042528000,0,93.80000000,0.4697
1624901198690000,1,93.80000000,0.4686
1624901411262000,0,2139.86973314,0.4684
1624901454055000,1,3845.53380000,0.4673
1624901522615000,1,968.59260000,0.4669
1624902392275000,0,93.80000000,0.4648
1624902403456000,0,643.60694101,0.4653
1624902741440000,0,74.32803400,0.4657
1624902749838000,0,91.49599200,0.4662
1624902840501000,1,93.80000000,0.4651
1624902872605000,0,5148.00000000,0.4649
1624903436566000,0,202.62665323,0.4665
1624903868841000,0,914.53456290,0.4647
1624904194114000,1,2143.69849944,0.4650
1624904580785000,1,3853.61840000,0.4645
1624904580785000,1,3400.00000000,0.4645
1624904580785000,1,7751.73888837,0.4645
1624904580785000,1,3400.00000000,0.4644
1624904580785000,1,8727.41271005,0.4644
1624904580785000,1,444.99569550,0.4643
1624904580785000,1,7753.34308470,0.4643
1624904580785000,1,2892.48970472,0.4641
1624904580785000,1,1112.27857539,0.4641
1624904580785000,1,664.12294127,0.4635
1624904607985000,0,93.80000000,0.4650
1624904617271000,0,1488.04324391,0.4650
1624904950350000,0,1491.34290760,0.4642
1624904950422000,0,6734.67566314,0.4642
1624904973724000,0,104.34000000,0.4643
1624905260654000,0,65.18959243,0.4645
1624905348033000,1,65.18959244,0.4645
1624905366587000,0,5366.47237164,0.4647
1624905371944000,1,93.80000000,0.4645
1624905373283000,1,1841.01040756,0.4645
1624905509966000,1,2000.00000000,0.4640
1624905656482000,1,2000.00000000,0.4635
1624905756193000,1,2000.00000000,0.4630
1624905832840000,1,2000.00000000,0.4625
1624905961519000,0,88.25248000,0.4620
1624906232821000,1,2000.00000000,0.4635
1624906318652000,1,3099.75000000,0.4629
1624906360446000,0,93.80000000,0.4636
1624906610159000,1,93.80000000,0.4628
1624906617406000,1,1906.20000000,0.4628
1624906694736000,1,1000.00000000,0.4625
1624906883316000,0,93.80000000,0.4637
1624906981327000,1,93.80000000,0.4640
1624906982054000,1,1392.26366459,0.4640
1624907109871000,0,232.13338139,0.4638
1624907109881000,0,232.13338139,0.4638
1624907149232000,0,93.80000000,0.4643
1624907173619000,1,93.80000000,0.4636
1624907325012000,1,500.00000000,0.4636
1624908114773000,0,817.56527244,0.4660
1624908161505000,0,93.80000000,0.4663
1624908834796000,0,1804.73315618,0.4666
1624908865791000,1,153.64754300,0.4662
1624908884871000,1,93.80000000,0.4661
1624908885471000,1,1906.20000000,0.4661
1624909204072000,1,1000.00000000,0.4655
1624909597377000,1,500.00000000,0.4650
1624909597912000,1,8553.68940000,0.4649
1624909612485000,1,1000.00000000,0.4645
1624910307113000,1,2000.00000000,0.4650
1624910429637000,1,1055.73790000,0.4640
1624910431554000,1,944.26210000,0.4640
1624910678821000,1,7772.13855042,0.4639
1624910689908000,0,8514.00000000,0.4639
1624910690565000,0,0.38715703,0.4639
1624911504944000,0,214.87917555,0.4643
1624912389226000,1,531.81486802,0.4664
1624912491339000,0,93.80000000,0.4672
1624912493869000,0,513.00000000,0.4675
1624912494017000,0,0.12115300,0.4675
1624912970134000,0,1000.00000000,0.4680
1624912970134000,0,1000.00000000,0.4680
1624913008716000,0,1837.00000000,0.4680
1624913008770000,0,0.65106991,0.4680
1624913556322000,1,970.92230000,0.4670
1624913795997000,0,500.00000000,0.4680
1624913808719000,0,214.75800000,0.4685
1624913809717000,0,1785.00000000,0.4685
1624913809815000,0,0.24200000,0.4685
1624913853262000,1,93.80000000,0.4686
1624914161779000,1,200.00000000,0.4671
1624914302903000,0,795.16746104,0.4678
1624914693774000,1,55.62440000,0.4692
1624914903884000,0,196.95000000,0.4696
1624915237511000,0,100.74106914,0.4692
1624915704593000,0,490.00000000,0.4680
1624915709225000,0,10.00000000,0.4680
1624916361134000,0,93.80000000,0.4685
1624916707813000,0,2000.00000000,0.4700
1624916707813000,0,450.00000000,0.4700
1624916708131000,0,50.00000000,0.4700
1624916776029000,0,616.94000000,0.4708
1624917052858000,1,93.80000000,0.4710
1624917056268000,1,55.54856000,0.4710
1624917057691000,1,1850.65144000,0.4710
1624917065645000,0,93.80000000,0.4711
1624917126997000,0,6227.24366215,0.4710
1624917151544000,0,601.44663838,0.4715
1624917230656000,1,93.80000000,0.4707
1624917231279000,1,8616.02721936,0.4707
1624917252433000,0,411.15000000,0.4714
1624917266261000,0,93.80000000,0.4714
1624917540510000,1,93.80000000,0.4705
1624917557746000,1,1906.20000000,0.4705
1624917566421000,1,2000.00000000,0.4700
1624917619153000,0,659.85000000,0.4697
1624917726822000,1,2000.00000000,0.4690
1624917945098000,0,664.22000000,0.4666
1624918047888000,0,2647.00000000,0.4661
1624918200146000,0,225.00000000,0.4647
1624918213798000,0,666.85000000,0.4647
1624918243426000,1,500.00000000,0.4643
1624918400648000,0,2000.00000000,0.4649
1624918526559000,0,665.96000000,0.4653
1624919372465000,0,665.57000000,0.4655
1624919381892000,1,200.25795356,0.4652
1624919573831000,1,99.99999999,0.4640
1624919574357000,1,0.00000001,0.4640
1624919578536000,1,1999.99999999,0.4630
1624919578543000,1,0.00000001,0.4630
1624919631300000,0,668.36000000,0.4635
1624919694969000,0,88.57643000,0.4630
1624919771889000,1,8732.59322156,0.4630
1624919823825000,0,2297.00000000,0.4635
1624919823906000,0,93.80000000,0.4635
1624919860919000,0,8428.33509722,0.4641
1624920035770000,0,667.36000000,0.4644
1624920335476000,1,93.80000000,0.4644
1624920347452000,1,8617.20990509,0.4636
1624920494775000,0,5473.00000000,0.4638
1624920636022000,0,93.80000000,0.4650
1624920847842000,1,93.80000000,0.4650
1624920847896000,1,1906.20000000,0.4650
1624921126622000,1,7752.71116422,0.4651
1624921219864000,1,6096.04128743,0.4638
1624921263534000,0,9001.00000000,0.4641
1624921510959000,0,100.00000000,0.4636
1624921538858000,0,7780.00000000,0.4632
1624921587731000,0,200.00000000,0.4633
1624921669829000,0,200.00000000,0.4630
1624921727541000,1,1351.51284455,0.4622
1624921855668000,1,300.00000000,0.4610
1624921917068000,1,180.35133375,0.4611
1624921917071000,1,0.00000001,0.4611
1624921920891000,0,89.01092000,0.4607
1624921957481000,0,1887.20173535,0.4608
1624922138875000,1,458.51528349,0.4617
1624922138875000,1,1377.12088468,0.4617
1624922306198000,1,910.27027027,0.4625
1624922516845000,1,925.12432432,0.4620
1624924015941000,0,93.80000000,0.4640
1624924019944000,0,906.00000000,0.4640
1624924029054000,0,0.20000000,0.4640
1624924063358000,1,93.80000000,0.4641
1624924247238000,0,93.80000000,0.4640
1624924270948000,1,93.80000000,0.4637
1624924450656000,0,888.07600000,0.4640
1624924830772000,0,93.80000000,0.4650
1624924835906000,0,425.33752869,0.4650
1624924835924000,0,1480.86247131,0.4650
1624924835924000,0,1560.97937323,0.4650
1624924835955000,0,439.02062677,0.4650
1624924902821000,1,93.80000000,0.4624
1624925048819000,0,684.07250000,0.4660
1624925049044000,0,315.92750000,0.4660
1624925118738000,0,1000.00000000,0.4670
1624925421176000,0,1000.00000000,0.4676
1624925479510000,1,57.58295000,0.4680
1624925988531000,0,93.80000000,0.4685
1624926080535000,0,1000.00000000,0.4690
1624926198511000,0,3000.00000000,0.4700
1624926226147000,1,56.06106000,0.4702
1624926272167000,1,93.80000000,0.4707
1624926332635000,0,2000.00000000,0.4710
1624926612034000,0,93.80000000,0.4720
1624926612271000,0,906.20000000,0.4720
1624926625740000,1,55.06957000,0.4722
1624926632531000,0,2000.00000000,0.4730
1624926949300000,1,234.44457533,0.4714
1624927882729000,1,55.35531000,0.4749
1624928115042000,0,115.00000000,0.4765
1624928115044000,0,1691.38598794,0.4765
1624928119379000,1,55.12150000,0.4764
1624928466913000,1,93.80000000,0.4752
1624929125807000,0,101.72000000,0.4760
1624929247181000,0,8698.72971013,0.4755
1624929276906000,1,8114.88691340,0.4753
1624929277889000,0,10000.00000000,0.4746
1624929417993000,1,2000.00000000,0.4735
1624929491357000,1,1000.00000000,0.4729
1624929572164000,1,600.00000000,0.4721
1624929597748000,0,93.80000000,0.4726
1624929724792000,1,93.80000000,0.4736
1624929725061000,1,405.33710000,0.4736
1624929725087000,1,0.00006540,0.4736
1624930142728000,0,1000.00000000,0.4729
1624930214057000,1,1000.00000000,0.4720
1624930390952000,1,1000.00000000,0.4713
1624930393441000,1,1000.00000000,0.4710
1624930943104000,1,3000.00000000,0.4716
1624931120740000,1,2000.00000000,0.4710
1624931152631000,0,8186.00000000,0.4719
1624931254864000,1,7653.44425363,0.4715
1624931356085000,1,3629.59129511,0.4710
1624931383798000,1,383.25827414,0.4707
1624931383855000,1,54.67058343,0.4707
1624931383930000,1,936.95655370,0.4706
1624931383951000,1,115.64946714,0.4706
1624931383951000,1,1824.59782432,0.4705
1624931384424000,1,3000.00000000,0.4705
1624931451877000,1,1000.00000000,0.4700
1624931820033000,1,4914.07045840,0.4712
1624931884160000,0,120.34548463,0.4713
1624932124318000,1,7649.09948966,0.4718
1624932168936000,0,7896.00000000,0.4716
1624932206333000,0,7646.00000000,0.4720
1624932501713000,1,2000.00000000,0.4723
1624932745616000,0,888.00000000,0.4728
1624932777480000,0,93.80000000,0.4729
1624932777535000,0,4939.00000000,0.4729
1624932823408000,1,93.80000000,0.4723
1624932914821000,1,100.00000000,0.4723
1624932932470000,1,2000.00000000,0.4722
1624932979127000,1,1000.00000000,0.4720
1624933469212000,1,5113.11642862,0.4711
1624933610704000,1,738.67831790,0.4710
1624933610773000,1,149.32168210,0.4710
1624933616206000,1,1000.00000000,0.4700
1624933638517000,1,203.13390000,0.4690
1624933638897000,1,796.86610000,0.4690
1624933794154000,1,1000.00000000,0.4680
1624933837611000,0,89.64250000,0.4680
1624934069976000,1,212.51599147,0.4690
1624934186802000,0,93.80000000,0.4690
1624934296071000,1,1000.00000000,0.4680
1624934900392000,1,93.80000000,0.4670
1624935063615000,1,906.20000000,0.4670
1624935826836000,0,90.02725000,0.4660
1624936220241000,0,93.80000000,0.4670
1624936220446000,0,6.20000000,0.4670
1624936258900000,1,93.80000000,0.4669
1624936823156000,0,199.00000000,0.4685
1624936860460000,0,3500.00000000,0.4690
1624937205635000,0,7709.00000000,0.4681
1624937208022000,0,2646.00000000,0.4683
1624937624535000,0,1031.14000000,0.4705
1624937692184000,1,9020.27111058,0.4693
1624938472055000,0,93.80000000,0.4676
1624938751492000,0,50.00000000,0.4680
1624938763946000,0,50.00000000,0.4681
1624939202977000,1,93.80000000,0.4680
1624939218888000,1,254.04188034,0.4680
1624939235383000,0,8743.00000000,0.4680
1624939268253000,0,50.00000000,0.4685
1624939351380000,0,43.80000000,0.4694
1624939569301000,0,50.00000000,0.4699
1624939572722000,0,49.00000000,0.4705
1624939573289000,0,1.00000000,0.4705
1624939576023000,0,49.00000000,0.4710
1624939772343000,0,50.00000000,0.4705
1624939832728000,0,50.00000000,0.4705
1624939868092000,0,50.00000000,0.4704
1624939891517000,0,50.00000000,0.4702
1624939930292000,0,50.00000000,0.4709
1624939948963000,1,93.80000000,0.4703
1624939949699000,1,8800.55379134,0.4703
1624940002571000,0,246.28450106,0.4703
1624940786706000,0,93.80000000,0.4691
1624941487213000,0,739.23566878,0.4709
1624941755141000,0,4529.26280000,0.4716
1624943251329000,0,100.21984732,0.4716
1624943498449000,1,93.80000000,0.4702
1624944241857000,1,850.00000000,0.4691
1624944340965000,1,711.70042643,0.4690
1624944381245000,0,8585.00000000,0.4691
1624945070357000,1,950.95085470,0.4680
1624945079756000,0,4622.90801453,0.4679
1624945528393000,0,93.80000000,0.4688
1624945586184000,1,93.80000000,0.4693
1624946404318000,0,7659.00000000,0.4707
1624946425343000,0,0.41022799,0.4707
1624946425343000,0,921.58977201,0.4707
1624946456579000,1,7662.80642389,0.4706
1624946465581000,0,316.00000000,0.4708
1624946466789000,0,93.80000000,0.4708
1624947052656000,0,184.00000000,0.4712
1624947853080000,0,7635.00000000,0.4723
1624948516186000,1,1345.43073500,0.4736
1624948516507000,1,1346.01411400,0.4736
1624948588836000,1,54.02329000,0.4744
1624948967131000,1,93.80000000,0.4748
1624949089168000,0,50.00000000,0.4750
1624949152374000,0,49.00000000,0.4755
1624949152590000,0,1.00000000,0.4755
1624949234169000,0,49.00000000,0.4760
1624949240285000,0,1.00000000,0.4760
1624949456634000,1,100.68957676,0.4751
1624949621646000,0,101.82000000,0.4756
1624949660189000,0,203.56000000,0.4758
1624949745079000,0,43.80000000,0.4765
1624949748692000,0,6.20000000,0.4765
1624949758024000,0,50.00000000,0.4770
1624949761073000,1,53.79606000,0.4777
1624949763404000,1,93.80000000,0.4778
1624949771506000,0,999.99999999,0.4780
1624949771508000,0,0.00000001,0.4780
1624950009547000,0,93.80000000,0.4772
1624950072314000,1,93.80000000,0.4765
1624950082764000,1,392.10990000,0.4765
1624950082768000,1,1068.59030000,0.4765
1624950308226000,0,50.00000000,0.4765
1624950460728000,0,1000.00000000,0.4770
1624950502427000,0,43.80000000,0.4775
1624950683790000,0,49.00000000,0.4780
1624950684007000,0,1.00000000,0.4780
1624950690173000,1,54.37745000,0.4781
1624950699604000,0,49.00000000,0.4785
1624950703573000,0,1.00000000,0.4785
1624950948916000,0,393.54104037,0.4780
1624950952976000,0,594.32978044,0.4780
1624950953750000,0,12.12917919,0.4780
1624950979376000,0,980.00000000,0.4788
1624950981362000,0,20.00000000,0.4788
1624950981362000,0,1000.00000000,0.4790
1624950981362000,0,1000.00000000,0.4790
1624950994045000,0,4900.00000000,0.4799
1624950997640000,0,100.00000000,0.4799
1624950997640000,0,2000.00000000,0.4800
1624950997640000,0,8252.00000000,0.4801
1624951229895000,1,93.80000000,0.4785
1624951260037000,1,7544.74859259,0.4785
1624951260107000,1,54.37740000,0.4785
1624951489636000,1,194.28198433,0.4788
1624951643672000,0,93.80000000,0.4800
1624951644540000,0,406.00000000,0.4800
1624951647991000,0,0.20000000,0.4800
1624951653379000,1,53.63927000,0.4800
1624951659557000,0,2000.00000000,0.4810
1624951659557000,0,1000.00000000,0.4810
1624951686906000,0,500.00000000,0.4820
1624951688234000,1,53.12571000,0.4821
1624951704301000,0,77.00000000,0.4830
1624951704303000,0,1923.00000000,0.4830
1624951835772000,0,873.00000000,0.4835
1624951835814000,0,0.19266799,0.4835
1624951846326000,0,1777.05955068,0.4840
1624951846326000,0,1000.00000000,0.4840
1624951851520000,1,52.90595000,0.4845
1624951852302000,0,1000.00000000,0.4850
1624951855005000,0,1000.00000000,0.4860
1624951951925000,1,93.80000000,0.4852
1624952443071000,1,78.91089406,0.4805
1624952710320000,0,2300.16353954,0.4803
1624952710349000,0,1199.83646046,0.4803
1624953039867000,0,8397.00000000,0.4772
1624953104150000,1,2035.38493546,0.4761
1624953104863000,1,405.42685358,0.4758
1624953104863000,1,1013.56713395,0.4758
1624953693196000,0,93.80000000,0.4785
1624953693511000,0,959.26831181,0.4785
1624953693552000,0,860.93168819,0.4785
1624953693789000,0,921.72379576,0.4786
1624953693801000,0,1504.24836643,0.4786
1624953693802000,0,1504.02184005,0.4786
1624953693931000,0,43050.00599776,0.4786
1624953828438000,1,93.80000000,0.4759
1624953844752000,0,90.74292000,0.4759
1624953856718000,0,1403.35368626,0.4763
1624954859194000,0,2086.08119693,0.4782
1624955026717000,1,1315.64268631,0.4783
1624955481489000,0,93.80000000,0.4781
1624955488560000,0,569.16932400,0.4784
1624955490367000,0,2072.32560000,0.4788
1624955495518000,0,2404.67966494,0.4792
1624955497409000,0,48.09359330,0.4792
1624955518227000,0,0.98150190,0.4792
1624955621419000,1,3500.00000000,0.4799
1624955621419000,1,8700.31688833,0.4799
1624955621419000,1,1081.29941581,0.4797
1624955621419000,1,432.60577653,0.4797
1624955621419000,1,4045.77787758,0.4797
1624955621482000,1,596.49867369,0.4797
1624955621529000,1,2877.84327664,0.4797
1624955621529000,1,25.65801990,0.4795
1624955621588000,1,2785.88655118,0.4795
1624955621588000,1,102.05474337,0.4795
1624955632124000,0,252.00000000,0.4804
1624955634139000,0,4471.52008772,0.4811
1624955634139000,0,1788.51549691,0.4811
1624955649850000,0,3500.00000000,0.4822
1624955671476000,0,3500.00000000,0.4833
1624955711854000,0,8217.00000000,0.4837
1624955816598000,1,73.03096000,0.4852
1624956124230000,0,3426.96910000,0.4888
1624956129691000,1,72.82416000,0.4887
1624956167430000,1,93.80000000,0.4887
1624956167650000,1,15866.20000000,0.4887
1624956254823000,0,93.80000000,0.4872
1624956255269000,0,8427.00000000,0.4872
1624956653238000,1,93.80000000,0.4874
1624956662565000,1,8287.21746330,0.4870
1624956821397000,0,93.80000000,0.4885
1624956881416000,0,966.65607231,0.4889
1624956883772000,0,7394.05899057,0.4888
1624956883772000,0,795.90977738,0.4889
1624957011493000,0,8008.00000000,0.4861
1624957073167000,0,3500.00000000,0.4870
1624957073167000,0,9511.27164545,0.4871
1624957073170000,0,9882.83316106,0.4871
1624957120236000,0,8631.00000000,0.4884
1624957120263000,0,0.62411244,0.4884
1624957173180000,0,8372.00000000,0.4891
1624957213713000,0,1960.00000000,0.4900
1624957213917000,0,40.00000000,0.4900
1624957246292000,1,93.80000000,0.4899
1624957318582000,0,8603.00000000,0.4883
1624957623582000,0,93.80000000,0.4864
1624957664424000,1,93.80000000,0.4858
1624957707928000,0,40.94668833,0.4860
1624958288348000,0,103.24684692,0.4852
1624958485056000,0,93.80000000,0.4846
1624958503696000,1,200.00000000,0.4842
1624958597944000,0,99.66000000,0.4859
1624958724681000,0,199.13000000,0.4864
1624958869907000,0,99.30000000,0.4876
1624958878530000,1,93.80000000,0.4870
1624959033174000,0,3421.22250000,0.4882
1624959033357000,0,22401.23180695,0.4882
1624959351857000,0,93.80000000,0.4875
1624959396134000,1,93.80000000,0.4868
1624959435500000,0,99.30000000,0.4876
1624959564679000,0,93.80000000,0.4891
1624959966148000,1,8733.59837840,0.4906
1624960086071000,0,8183.00000000,0.4888
1624960105450000,0,297.14000000,0.4889
1624960220716000,1,93.80000000,0.4893
1624960244667000,1,8807.07412614,0.4889
1624960593369000,0,93.80000000,0.4895
1624960663491000,0,148.40000000,0.4895
1624960978359000,1,93.80000000,0.4860
1624961202536000,0,411.53155464,0.4873
1624961751836000,0,1839.47466448,0.4880
1624961803689000,0,93.80000000,0.4865
1624961803836000,0,776.05710000,0.4865
1624961822582000,1,93.80000000,0.4864
1624962060518000,0,93.80000000,0.4889
1624962072565000,0,338.99942051,0.4890
1624962077794000,0,1514.45750000,0.4890
1624962078558000,0,8124.54307949,0.4890
1624962157189000,1,93.80000000,0.4895
1624962244637000,0,93.80000000,0.4900
1624962654377000,1,93.80000000,0.4897
1624962703399000,0,93.80000000,0.4904
1624962835931000,1,93.80000000,0.4900
1624962913367000,0,93.80000000,0.4907
1624962935775000,1,69.06142000,0.4912
1624963043837000,0,150.00000000,0.4940
1624963192317000,0,191.38967402,0.4939
1624963299547000,1,93.80000000,0.4926
1624963332683000,0,93.80000000,0.4937
1624963355458000,0,7323.00000000,0.4937
1624963451737000,0,4004.00000000,0.4939
1624963495606000,0,3456.84262633,0.4939
1624963572338000,1,93.80000000,0.4927
1624963722920000,0,93.80000000,0.4922
1624963784459000,1,93.80000000,0.4916
1624963949611000,0,93.80000000,0.4929
1624964238624000,0,3500.00000000,0.4941
1624964292044000,1,68.64116000,0.4941
1624964431369000,1,93.80000000,0.4946
1624964517679000,0,93.80000000,0.4952
1624964739409000,1,93.80000000,0.4979
1624965048193000,0,292.92000000,0.4959
1624965428284000,1,7338.59010850,0.4934
1624965974549000,0,93.80000000,0.4941
1624966188900000,1,50.00000000,0.4951
1624966439169000,0,7184.49080000,0.4980
1624966439289000,0,14415.23105940,0.4980
1624966503345000,1,93.80000000,0.4983
1624966570087000,0,93.80000000,0.4960
1624966733254000,0,7310.00000000,0.4947
1624966901978000,0,1500.00000000,0.4989
1624967173645000,1,93.80000000,0.4968
1624967202069000,1,1000.00000000,0.4963
1624967452644000,0,93.80000000,0.4998
1624967453290000,0,1737.88824689,0.4999
1624967453304000,0,1262.11175311,0.4999
1624967453728000,0,2500.00000000,0.5000
1624967459315000,0,60.99999999,0.5010
1624967459317000,0,0.00000001,0.5010
1624967500855000,1,1258.72468068,0.5050
1624967500912000,1,1271.97092630,0.5050
1624967500948000,1,93.80000000,0.5050
1624967500966000,1,875.50439302,0.5050
1624967542532000,0,100.00000000,0.5080
1624967569906000,1,56.17661000,0.5120
1624967572655000,1,69.38028908,0.5122
1624967580156000,1,3499.99999999,0.5114
1624967580162000,1,0.00000001,0.5114
1624967722314000,0,1140.98944000,0.5188
1624967722805000,0,1038.00000000,0.5195
1624967723001000,0,93.80000000,0.5200
1624967730828000,0,164.37046153,0.5200
1624967735678000,1,93.80000000,0.5193
1624967735869000,1,580.59617526,0.5193
1624967735892000,1,1344.24836869,0.5193
1624967735981000,1,457.76946592,0.5193
1624967735985000,1,1344.13111657,0.5193
1624967736241000,1,891.35214442,0.5193
1624967736418000,1,1345.35733121,0.5193
1624967737457000,1,599.65874463,0.5193
1624967738151000,1,7219.35650000,0.5193
1624967738160000,1,3223.73015330,0.5193
1624967769774000,1,3500.00000000,0.5160
1624967896854000,1,8013.88083732,0.5128
1624967899417000,0,2608.05561089,0.5135
1624967899418000,0,2682.00413459,0.5135
1624967935102000,1,2083.54239600,0.5186
1624967961865000,1,3500.00000000,0.5188
1624968077719000,0,7003.53839869,0.5168
1624968077719000,0,5466.04317455,0.5169
1624968077743000,0,9081.94255466,0.5169
1624968084014000,0,2835.62953847,0.5200
1624968108751000,1,615.04799724,0.5287
1624968113345000,1,3500.00000000,0.5263
1624968113345000,1,3500.00000000,0.5263
1624968113345000,1,1110.92856000,0.5262
1624968289229000,1,3423.83730000,0.5214
1624968289229000,1,5213.80713001,0.5213
1624968301521000,1,6935.54108013,0.5202
1624968301521000,1,3318.45891987,0.5199
1624968313743000,1,1199.27501849,0.5199
1624968314435000,1,4453.05509338,0.5199
1624968322469000,0,82.08611000,0.5198
1624968368784000,0,38460.00000000,0.5229
1624968486354000,0,93.80000000,0.5258
1624968675399000,0,5808.90967529,0.5232
1624968675420000,0,1725.09493064,0.5232
1624968675447000,0,1379.04604394,0.5232
1624968675587000,0,29786.94935013,0.5232
1624968688743000,0,3500.00000000,0.5268
1624968689057000,0,251.37026566,0.5270
1624968689586000,0,2171.00000000,0.5281
1624969037233000,1,93.80000000,0.5214
1624969070375000,0,3500.00000000,0.5235
1624969070375000,0,1246.14334836,0.5235
1624969132834000,0,727.65395219,0.5222
1624969245225000,0,93.80000000,0.5222
1624969269974000,1,3451.73800000,0.5226
1624969269974000,1,825.57323133,0.5226
1624969525071000,0,3500.00000000,0.5208
1624969554741000,1,93.80000000,0.5204
1624969555148000,1,5681.46160000,0.5204
1624969704930000,0,7802.00000000,0.5206
1624969704956000,0,0.60326856,0.5206
1624969773539000,0,8405.00000000,0.5219
1624969794772000,0,592.74000000,0.5228
1624969835987000,1,3500.00000000,0.5217
1624969835987000,1,673.77893200,0.5216
1624969952782000,0,93.80000000,0.5229
1624969991582000,1,620.41480578,0.5227
1624970018748000,1,93.80000000,0.5233
1624970057269000,0,590.93000000,0.5242
1624970067642000,1,69069.56044689,0.5240
1624970067760000,1,2842.94480000,0.5240
1624970074151000,1,60519.73016411,0.5240
1624970167128000,1,500.00000000,0.5225
1624970330889000,1,8382.84380120,0.5223
1624970348505000,0,593.71000000,0.5220
1624970426860000,0,93.80000000,0.5204
1624970569607000,0,595.12000000,0.5207
1624970594701000,1,93.80000000,0.5201
1624970626380000,0,80.28606000,0.5187
1624970640689000,1,16934.40000000,0.5171
1624970640799000,1,345.60000000,0.5171
1624970645240000,0,80.58899000,0.5168
1624970653101000,1,3500.00000000,0.5160
1624970653101000,1,1246.14334836,0.5160
1624970836758000,0,597.85000000,0.5184
1624970983663000,0,80.87379000,0.5150
1624970997142000,0,352.87000000,0.5154
1624971200215000,0,8069.22197792,0.5165
1624971382509000,0,96.47322086,0.5157
1624971428042000,1,1839.47466448,0.5142
1624971439179000,0,131.69000000,0.5148
1624971593740000,0,603.31000000,0.5135
1624971634130000,0,81.19383000,0.5129
1624971723487000,0,81.53078000,0.5103
1624971727606000,0,93.80000000,0.5105
1624971816607000,0,3452.59330000,0.5142
1624971816607000,0,1335.13773850,0.5142
1624971849982000,1,93.80000000,0.5149
1624971921861000,0,1048.51440000,0.5161
1624971921919000,0,12247.37871539,0.5164
1624971921924000,0,12597.62851466,0.5164
1624971922044000,0,93.80000000,0.5163
1624971922233000,0,3398.06340000,0.5163
1624972029474000,0,598.03000000,0.5182
1624972055010000,0,200.00000000,0.5181
1624972066792000,0,7900.00000000,0.5182
1624972209781000,0,1811.53061185,0.5196
1624972323583000,1,200.00000000,0.5186
1624972335578000,0,596.64000000,0.5194
1624972340863000,0,2183.39876041,0.5195
1624972356796000,1,70.80942000,0.5201
1624972389972000,1,93.80000000,0.5199
1624972394254000,1,5155.83778493,0.5199
1624972394255000,1,1698.45421507,0.5199
1624972534895000,0,93.80000000,0.5198
1624972611580000,0,3500.00000000,0.5231
1624972611580000,0,1125.58745000,0.5231
1624972611580000,0,3500.00000000,0.5232
1624972611580000,0,3397.93280000,0.5232
1624972611580000,0,1129.62081186,0.5232
1624972654865000,0,592.95000000,0.5226
1624972858493000,1,3500.00000000,0.5176
1624972858493000,1,1287.73103850,0.5175
1624973101875000,0,4618.78060000,0.5204
1624973157764000,0,3500.00000000,0.5213
1624973157764000,0,1228.11955500,0.5213
1624973420671000,0,1650.50213003,0.5215
1624973420671000,0,1849.49786997,0.5215
1624973564606000,0,186.52000000,0.5191
1624973758543000,0,92.73000000,0.5222
1624973878203000,1,70.40247000,0.5231
1624974040391000,1,93.80000000,0.5215
1624974158232000,0,594.33000000,0.5214
1624974303906000,0,92.92000000,0.5211
1624974345901000,0,191.57023237,0.5207
1624974430655000,1,312.00000000,0.5199
1624974484551000,0,8043.66314071,0.5209
1624974589424000,0,52140.00000000,0.5239
1624974769475000,1,8173.29709162,0.5245
1624974878402000,1,3500.00000000,0.5246
1624974878402000,1,4545.22880000,0.5245
1624974878402000,1,525.07183415,0.5243
1624974878402000,1,1685.03492367,0.5243
1624974989673000,1,100.00000000,0.5235
1624975079173000,0,7705.20703202,0.5238
1624975079191000,0,157.24912310,0.5238
1624975084149000,1,514.20169888,0.5233
1624975084149000,1,70.45830112,0.5233
1624975214585000,0,591.87000000,0.5234
1624975336791000,0,1188.00000000,0.5213
1624975336823000,0,263.00000000,0.5213
1624975337660000,0,93.80000000,0.5213
1624975391587000,0,143.00992660,0.5218
1624975423446000,0,12461.77800000,0.5231
1624975659706000,1,93.80000000,0.5230
1624975868980000,0,3500.00000000,0.5221
1624975868980000,0,2217.90110521,0.5221
1624976001297000,0,594.21000000,0.5223
1624976166644000,1,1139.13941210,0.5201
1624976232509000,0,412.66208724,0.5199
1624976232519000,0,412.66208724,0.5199
1624976354220000,0,94.37838305,0.5206
1624976731160000,0,595.83000000,0.5201
1624976769637000,0,93.80000000,0.5210
1624977031538000,1,1106.22134053,0.5202
1624977287282000,1,93.80000000,0.5220
1624977420770000,0,93.80000000,0.5240
1624977480877000,0,591.42000000,0.5240
1624977669186000,1,93.80000000,0.5236
1624977786076000,0,591.09000000,0.5243
1624977823015000,0,569.20363060,0.5244
1624977903352000,0,93.80000000,0.5249
1624977976388000,1,93.80000000,0.5236
1624978135674000,0,93.80000000,0.5242
1624978145698000,1,93.80000000,0.5239
1624978154274000,0,590.64000000,0.5247
1624978319783000,0,92.35000000,0.5243
1624978499261000,0,93.80000000,0.5243
1624978989921000,0,1654.00000000,0.5204
1624978992035000,0,0.30748796,0.5204
1624979043389000,1,93.80000000,0.5201
1624979603680000,0,3500.00000000,0.5197
1624979603680000,0,844.00000000,0.5198
1624979603680000,0,6275.58592036,0.5199
1624979733208000,1,94.37838305,0.5193
1624980434090000,0,93.80000000,0.5192
1624980664061000,1,93.80000000,0.5176
1624980686501000,0,138.52966800,0.5177
1624980837009000,1,3500.00000000,0.5172
1624980837009000,1,1122.90801453,0.5171
1624981060738000,1,695.76080371,0.5174
1624981100878000,0,74.46458000,0.5159
1624981269446000,0,74.78200000,0.5138
1624981269762000,1,425.62475087,0.5131
1624981269813000,1,3074.37524913,0.5131
1624981269813000,1,3152.86841302,0.5131
1624981360270000,0,75.09480000,0.5116
1624981677709000,1,175.50897199,0.5122
1624981677713000,1,0.00000001,0.5122
1624982128289000,0,93.80000000,0.5148
1624982137115000,0,381.00000000,0.5153
1624982137961000,0,0.27342900,0.5153
1624982139133000,0,21066.00000000,0.5156
1624982139226000,0,26154.00000000,0.5156
1624982397930000,0,135.00000000,0.5169
1624982398184000,0,0.40608200,0.5169
1624982462911000,1,1018.35910694,0.5171
1624982493203000,0,229.06277203,0.5189
1624982493390000,0,2521.24427334,0.5189
1624982493390000,0,2100.65137580,0.5189
1624982493398000,0,46029.04157883,0.5189
1624982716800000,1,93.80000000,0.5154
1624982719442000,1,304.97261733,0.5154
1624982896457000,1,2010.59780000,0.5131
1624982896712000,1,1438.11860000,0.5131
1624982896712000,1,572.47920000,0.5131
1624983013720000,0,3500.00000000,0.5124
1624983214910000,1,100.00000000,0.5131
1624983267543000,0,8639.00000000,0.5136
1624983486222000,0,924.92528375,0.5110
1624983596024000,0,75.35402000,0.5099
1624983596176000,1,5000.00000000,0.5094
1624983803775000,0,346.04480000,0.5136
1624983803863000,0,0.00002100,0.5136
1624983926535000,0,8282.65383203,0.5152
1624983957731000,0,93.80000000,0.5157
1624983989228000,1,93.80000000,0.5162
1624984078457000,0,281.29000000,0.5162
1624984124250000,1,578.55564600,0.5159
1624984345355000,1,51.36237000,0.5180
1624984358342000,0,252.19276072,0.5192
1624984358378000,0,7842.83592491,0.5192
1624984358669000,0,4689.10486488,0.5192
1624984785656000,0,912.02134187,0.5182
1624984941392000,1,14820.00000000,0.5170
1624985230077000,0,8205.57611351,0.5162
1624985341705000,1,200.00000000,0.5167
1624985490580000,0,6994.00000000,0.5166
1624985713699000,0,93.80000000,0.5167
1624985714127000,0,2792.86188576,0.5167
1624985714130000,0,2792.47157594,0.5167
1624985714131000,0,2244.78957482,0.5167
1624985714153000,0,45536.07696348,0.5167
1624985725455000,0,280.58000000,0.5181
1624985916886000,0,6146.02543778,0.5185
1624985944398000,1,93.80000000,0.5180
1624986111191000,1,191.18516100,0.5152
1624986111248000,1,6146.02543778,0.5145
1624986141722000,0,93.80000000,0.5152
1624986234780000,0,6116.27317328,0.5157
1624986319606000,0,162.20647772,0.5172
1624986319716000,0,3.31033628,0.5172
1624986339138000,0,56.14000000,0.5175
1624986578295000,0,8309.23414039,0.5183
1624986675443000,1,8450.27459465,0.5193
1624986766640000,0,598.77000000,0.5192
1624986803557000,0,2113.00000000,0.5200
1624986847209000,1,49.23970000,0.5203
1624987009728000,0,18907.00000000,0.5195
1624987010147000,0,1911.79270000,0.5195
1624987012580000,0,20345.98315400,0.5195
1624987013051000,0,406.91966308,0.5195
1624987013462000,0,8.30448292,0.5195
1624987355495000,0,7789.00000000,0.5196
1624987399168000,1,93.80000000,0.5193
1624987409339000,0,326.02000000,0.5195
1624987451185000,1,6961.05477511,0.5192
1624987766122000,0,6377.00000000,0.5193
1624987976689000,0,93.80000000,0.5206
1624988065775000,1,93.80000000,0.5202
1624988091176000,0,3500.00000000,0.5210
1624988091176000,0,15706.00000000,0.5210
1624988157886000,1,6956.52722227,0.5195
1624988489435000,0,7774.00000000,0.5181
1624988557656000,0,6968.72197679,0.5189
1624988557751000,0,93.80000000,0.5191
1624988575076000,1,93.80000000,0.5191
1624988592005000,0,405.92948970,0.5200
1624989181559000,1,750.00000000,0.5166
1624989410568000,0,93.80000000,0.5200
1624989411084000,0,3076.02000000,0.5200
1624989465060000,0,11442.00000000,0.5200
1624989465929000,0,19649.38783149,0.5200
1624989510137000,0,18845.00000000,0.5197
1624989527933000,1,93.80000000,0.5195
1624989765897000,1,3478.18380000,0.5158
1624989789858000,1,8550.75074967,0.5151
1624990024026000,0,93.80000000,0.5146
1624990024534000,0,47246.20000000,0.5146
1624990408915000,0,333.12529774,0.5140
1624990523088000,1,93.80000000,0.5134
1624990535311000,1,43.14645800,0.5126
1624990544119000,0,70.13645000,0.5130
1624990910526000,0,94.39000000,0.5130
1624991315805000,1,1811.53061185,0.5112
1624991316035000,1,6116.27317328,0.5112
1624991375693000,0,93.80000000,0.5119
1624991541321000,0,605.18000000,0.5121
1624991610073000,0,8607.00000000,0.5126
1624991675383000,0,6.79847546,0.5140
1624991685696000,1,93.80000000,0.5138
1624991998389000,0,127.68257700,0.5158
1624992801815000,0,280.32000000,0.5182
1624992901053000,0,91.37139211,0.5173
1624993605310000,0,440.41202371,0.5178
1624993936189000,0,93.80000000,0.5188
1624994268750000,1,300.00000000,0.5173
1624994289130000,1,93.80000000,0.5169
1624994311875000,0,7800.00000000,0.5173
1624994466270000,0,861.54617699,0.5181
1624994913305000,1,6968.05245515,0.5185
1624995248234000,0,93.80000000,0.5174
1624995249010000,0,52646.20000000,0.5174
1624995279948000,1,93.80000000,0.5167
1624995498901000,0,173.00000000,0.5182
1624995499770000,0,0.17835300,0.5182
