timestamp ms,type,amount,price
1622332972659000,1,8206.00000000,0.5813
1622332999813000,0,8297.00000000,0.5843
1622333236201000,0,8186.00000000,0.5856
1622333352727000,1,7437.00000000,0.5866
1622333388763000,0,625.12561389,0.5874
1622333456333000,0,7741.00000000,0.5865
1622333531509000,1,7518.00000000,0.5832
1622333531534000,1,0.51127239,0.5832
1622333619547000,1,6140.00000000,0.5810
1622333623428000,1,770.00000000,0.5808
1622333625633000,1,0.95385674,0.5808
1622333975187000,0,7489.00000000,0.5756
1622333975208000,0,0.52795057,0.5756
1622334533708000,0,7686.00000000,0.5738
1622334669893000,1,750.00000000,0.5757
1622334779221000,1,1016.38549610,0.5742
1622334779221000,1,390.90674464,0.5742
1622334787919000,1,7957.43436973,0.5740
1622335308179000,1,106.64538194,0.5687
1622335308179000,1,6209.35461806,0.5687
1622335342426000,0,750.00000000,0.5705
1622335431578000,1,96.28633016,0.5698
1622335431578000,1,903.71366984,0.5698
1622335623388000,0,6178.41469999,0.5713
1622335687051000,0,100.00000000,0.5701
1622335983087000,0,7512.00000000,0.5713
1622336027312000,0,9821.58530001,0.5713
1622336218287000,1,8013.00000000,0.5730
1622336245227000,1,7741.93210472,0.5727
1622336403966000,1,8172.00000000,0.5738
1622336403986000,1,0.55660382,0.5738
1622336486270000,0,8001.00000000,0.5766
1622336700623000,1,8076.10105459,0.5785
1622336999738000,0,8157.00000000,0.5740
1622337025604000,1,8118.00000000,0.5750
1622337213630000,0,7765.00000000,0.5736
1622337332071000,1,7732.00015985,0.5745
1622337588547000,0,7567.00000000,0.5749
1622337622009000,1,325.00000000,0.5737
1622337643964000,1,5155.00000000,0.5733
1622337676047000,1,3914.00000000,0.5730
1622337754229000,0,7594.00000000,0.5740
1622337800500000,1,8017.00000000,0.5728
1622337938083000,1,349.00000000,0.5693
1622337938198000,1,0.46831628,0.5693
1622338133560000,0,511.00000000,0.5671
1622338302190000,0,7448.10970830,0.5670
1622338623684000,1,8081.00000000,0.5713
1622338656018000,1,253.20592859,0.5700
1622338656018000,1,632.79407141,0.5700
1622338686769000,1,184.17635846,0.5678
1622338699691000,0,6489.00000000,0.5687
1622338756237000,0,7893.95201233,0.5689
1622338812125000,1,241.16325339,0.5697
1622338812125000,1,602.87641560,0.5697
1622338833791000,1,7792.00000000,0.5676
1622339057520000,1,7702.00000000,0.5685
1622339068945000,0,4504.00000000,0.5687
1622339103295000,0,7984.00000000,0.5683
1622339400045000,1,7971.00000000,0.5691
1622339404231000,0,8219.87954057,0.5697
1622339596171000,1,7883.00000000,0.5708
1622339621622000,0,7758.00000000,0.5711
1622339621652000,0,0.80200110,0.5711
1622339637494000,1,8328.00000000,0.5713
1622339675757000,0,1252.00000000,0.5720
1622339675850000,0,6610.75805002,0.5720
1622339703964000,1,5680.00000000,0.5723
1622339787857000,0,7756.00000000,0.5734
1622339914021000,1,2529.00000000,0.5737
1622339915148000,1,5510.00000000,0.5737
1622339915164000,1,0.03704280,0.5737
1622340300673000,0,8250.00000000,0.5709
1622340399585000,1,7784.00000000,0.5745
1622340399701000,1,123.21000000,0.5743
1622340448173000,0,8103.00000000,0.5742
1622340507432000,1,626.79000000,0.5761
1622340507466000,1,3998.00000000,0.5761
1622340507481000,1,2973.64815865,0.5761
1622340540237000,1,178.78569480,0.5754
1622340564274000,0,7968.00000000,0.5751
1622340663408000,1,7657.00000000,0.5760
1622340665720000,1,6407.00000000,0.5758
1622340747967000,0,7739.00000000,0.5755
1622340764057000,1,229.00000000,0.5754
1622340764284000,1,7608.22823447,0.5754
1622340795362000,0,7659.00000000,0.5751
1622340828526000,1,7580.30009574,0.5748
1622340844381000,0,8267.00000000,0.5754
1622340916011000,1,8007.00000000,0.5757
1622340923206000,0,7773.00000000,0.5762
1622340996253000,1,3465.00000000,0.5778
1622340996450000,1,4178.21123043,0.5778
1622341055079000,0,7513.00000000,0.5779
1622341120780000,1,5091.86640265,0.5778
1622341133886000,0,750.00000000,0.5787
1622341197615000,1,7376.55879007,0.5798
1622341458357000,0,7738.00000000,0.5805
1622341466638000,1,7583.28962711,0.5805
1622341479310000,0,7820.00000000,0.5809
1622341571946000,1,1592.00000000,0.5799
1622341691173000,1,7660.65875389,0.5814
1622341733531000,1,50.00000000,0.5822
1622341808265000,1,50.00000000,0.5809
1622341851456000,0,7874.00000000,0.5816
1622342222830000,1,7627.79224214,0.5849
1622342258496000,0,7980.00000000,0.5857
1622342258538000,0,0.07973688,0.5857
1622342297485000,1,7813.04377619,0.5854
1622342378561000,0,7983.00000000,0.5854
1622342548070000,0,7952.00000000,0.5859
1622342565460000,1,7345.03640030,0.5858
1622342637599000,1,8028.74055125,0.5861
1622342781898000,0,7891.00000000,0.5854
1622342931111000,0,7496.00000000,0.5868
1622342949899000,1,3151.00000000,0.5859
1622342949975000,1,750.00000000,0.5859
1622343015049000,0,8019.00000000,0.5867
1622343029765000,1,7538.00000000,0.5861
1622343250108000,1,6248.00000000,0.5885
1622343268462000,1,389.62293076,0.5875
1622343277884000,0,750.00000000,0.5882
1622343320965000,0,2676.00000000,0.5871
1622343333984000,1,368.95261123,0.5861
1622343337272000,0,7993.00000000,0.5867
1622343352564000,1,8090.00000000,0.5863
1622343371836000,1,354.90000000,0.5854
1622343372112000,1,0.00003028,0.5854
1622343437166000,1,8037.00000000,0.5870
1622343466591000,0,7648.03980880,0.5871
1622343592436000,0,304.48529611,0.5876
1622343601514000,0,3827.00000000,0.5878
1622343601587000,0,4180.85621592,0.5878
1622343646339000,0,15004.00000000,0.5888
1622343674997000,1,9990.00000000,0.5891
1622343675106000,1,7986.38005898,0.5891
1622343776499000,0,354.90000000,0.5891
1622343826204000,1,7606.38715310,0.5889
1622343838027000,0,7458.00000000,0.5894
1622344011127000,1,6363.96789528,0.5904
1622344011127000,1,7030.03210472,0.5904
1622344027149000,0,7590.00000000,0.5910
1622344027299000,0,0.06563195,0.5910
1622344049159000,0,2156.50240039,0.5923
1622344058963000,1,2612.00000000,0.5921
1622344059015000,1,4947.06398080,0.5921
1622344059158000,1,196.72300000,0.5920
1622344063649000,1,553.27700000,0.5920
1622344064096000,1,5355.07270000,0.5920
1622344071974000,0,6277.00000000,0.5923
1622344077145000,0,750.00000000,0.5923
1622344077294000,0,7039.87105918,0.5923
1622344081993000,0,1450.06283224,0.5927
1622344082521000,0,3625.83931453,0.5930
1622344129401000,1,6277.00000000,0.5914
1622344129401000,1,7543.04007638,0.5914
1622344134846000,0,7852.00000000,0.5920
1622344201853000,0,1450.41885340,0.5922
1622344241281000,0,5964.63801963,0.5929
1622344311645000,1,333.68930054,0.5912
1622344311645000,1,7502.31069946,0.5912
1622344311646000,1,0.17441809,0.5912
1622344383780000,0,7419.00000000,0.5929
1622344383868000,0,2616.36198037,0.5929
1622344383868000,0,4802.63801963,0.5931
1622344434320000,0,1475.89867826,0.5977
1622344508258000,0,5843.67358744,0.5935
1622344542230000,1,3167.00000000,0.5947
1622344546725000,1,7516.80100679,0.5942
1622344546725000,1,3714.19899321,0.5942
1622344547769000,1,2220.00000000,0.5942
1622344556939000,0,3167.00000000,0.5947
1622344556966000,0,5947.47260981,0.5947
1622344592837000,1,0.81283400,0.5942
1622344705831000,1,574.00000000,0.5938
1622344706293000,1,15426.00000000,0.5938
1622344761733000,0,7686.00000000,0.5941
1622344793723000,1,484.00000000,0.5948
1622344793735000,1,0.17702974,0.5948
1622344859337000,1,493.98700000,0.5938
1622344862550000,1,2899.00000000,0.5932
1622344864084000,1,176.04600000,0.5938
1622344864308000,1,0.00087453,0.5938
1622344999155000,0,8150.00000000,0.5920
1622345014698000,1,7672.00000000,0.5914
1622345030680000,0,7943.00000000,0.5919
1622345030689000,0,0.90882136,0.5919
1622345060219000,1,7740.98666061,0.5909
1622345060219000,1,105.01333939,0.5908
1622345060296000,1,0.53207159,0.5908
1622345083981000,1,5976.00000000,0.5905
1622345084041000,1,0.23537523,0.5905
1622345095013000,0,8208.00000000,0.5904
1622345095021000,0,0.69210808,0.5904
1622345128082000,1,8138.66247011,0.5904
1622345158610000,0,6020.00000000,0.5904
1622345210714000,1,7768.00000000,0.5900
1622345220389000,0,7435.00000000,0.5900
1622345242537000,0,7807.00000000,0.5907
1622345258371000,1,8118.00000000,0.5902
1622345282800000,1,7830.00000000,0.5903
1622345307483000,0,670.03300000,0.5909
1622345308920000,0,7354.00000000,0.5909
1622345330193000,1,7777.00000000,0.5906
1622345330204000,1,0.38156392,0.5906
1622345343308000,1,750.00000000,0.5903
1622345361212000,0,7425.49086363,0.5910
1622345361229000,0,151.54062987,0.5910
1622345366509000,0,750.00000000,0.5916
1622345427925000,1,67.00000000,0.5923
1622345428355000,1,6414.00000000,0.5923
1622345522910000,0,8111.00000000,0.5900
1622345522950000,0,0.15994196,0.5900
1622345570284000,1,7891.00000000,0.5892
1622345597379000,0,6092.00000000,0.5890
1622345597463000,0,1989.40651108,0.5890
1622345628526000,1,7790.00000000,0.5880
1622345725259000,0,1707.00000000,0.5894
1622345767449000,0,7705.00000000,0.5895
1622345943976000,1,1560.00000000,0.5922
1622346018207000,1,7852.00000000,0.5950
1622346082087000,0,7970.00000000,0.5943
1622346082123000,0,0.54023637,0.5943
1622346088284000,0,1918.41632680,0.5944
1622346094638000,1,4568.00000000,0.5934
1622346095040000,1,3250.00000000,0.5934
1622346198527000,0,8060.00000000,0.5920
1622346212656000,0,7687.00000000,0.5932
1622346242811000,1,7940.00000000,0.5919
1622346242811000,1,0.75149134,0.5919
1622346255471000,1,97.00000000,0.5913
1622346255501000,1,0.18629320,0.5913
1622346273476000,1,7531.00000000,0.5911
1622346280898000,0,7625.00000000,0.5917
1622346382555000,1,8175.00000000,0.5935
1622346382564000,1,0.26894315,0.5935
1622346399026000,0,8112.00000000,0.5940
1622346399044000,0,0.54698079,0.5940
1622346404967000,1,1569.00000000,0.5935
1622346420121000,1,3688.00000000,0.5930
1622346420200000,1,4422.12996162,0.5930
1622346430633000,0,8114.00000000,0.5935
1622346469252000,1,750.00000000,0.5932
1622346618095000,0,8100.00000000,0.5945
1622346713902000,1,7793.00000000,0.5941
1622346713903000,1,0.38698346,0.5941
1622346727998000,1,171.00000000,0.5938
1622346728070000,1,0.36404268,0.5938
1622346751360000,1,423.98928118,0.5931
1622346751360000,1,169.59571247,0.5931
1622346751360000,1,1102.36965440,0.5931
1622346751360000,1,5933.89370000,0.5931
1622346751360000,1,2686.01655448,0.5931
1622346751361000,1,3264.68685836,0.5931
1622346751578000,1,423.91897629,0.5931
1622346751578000,1,326.08102371,0.5931
1622346805690000,1,8180.00000000,0.5929
1622346805698000,1,0.36942615,0.5929
1622346890524000,1,1895.00000000,0.5929
1622346890612000,1,5722.32229401,0.5929
1622346968000000,1,191.37028563,0.5907
1622346982693000,0,750.00000000,0.5912
1622347001110000,0,7183.00000000,0.5912
1622347001126000,0,0.62515476,0.5912
1622347067649000,1,205.53522260,0.5917
1622347145503000,1,7933.00000000,0.5916
1622347167239000,0,7739.00000000,0.5922
1622347177928000,1,496.00000000,0.5919
1622347182058000,1,7430.00000000,0.5919
1622347249193000,0,7484.00000000,0.5942
1622347328293000,0,7459.00000000,0.5940
1622347328375000,0,0.71383015,0.5940
1622347334602000,0,1446.00000000,0.5942
1622347353724000,1,4895.00000000,0.5942
1622347370492000,1,7818.00000000,0.5943
1622347382621000,1,334.00000000,0.5936
1622347382626000,1,0.42530937,0.5936
1622347431217000,0,7868.00000000,0.5930
1622347439073000,1,7615.00000000,0.5927
1622347439180000,1,0.41929068,0.5927
1622347468168000,0,7433.00000000,0.5927
1622347472782000,1,541.00000000,0.5922
1622347495252000,1,6945.00000000,0.5922
1622347511994000,0,7842.00000000,0.5931
1622347521736000,1,7571.00000000,0.5927
1622347679988000,0,8168.00000000,0.5922
1622347721788000,1,750.00000000,0.5921
1622347721823000,1,6736.44451891,0.5921
1622347882453000,0,7572.43199109,0.5946
1622347882462000,0,154.53942839,0.5946
1622347888385000,1,7654.00000000,0.5942
1622347989704000,0,750.00000000,0.5941
1622348010690000,0,717.00000000,0.5946
1622348010703000,0,708.00000000,0.5946
1622348010717000,0,708.00000000,0.5946
1622348206321000,1,7488.00000000,0.5935
1622348223360000,0,7706.36908900,0.5927
1622348272872000,1,8029.00000000,0.5918
1622348299757000,0,7812.32785830,0.5920
1622348299758000,0,159.43526241,0.5920
1622348339097000,1,8049.00000000,0.5907
1622348345138000,0,7358.11434229,0.5910
1622348408904000,0,7875.79758106,0.5920
1622348420252000,1,8148.00000000,0.5918
1622348420267000,1,0.87499123,0.5918
1622348531393000,0,4820.66900000,0.5924
1622348566132000,1,8187.00000000,0.5917
1622348566193000,1,0.73866352,0.5917
1622348612397000,0,7599.00000000,0.5913
1622348656425000,1,750.00000000,0.5918
1622348658497000,1,7495.00000000,0.5918
1622348665607000,0,8175.00000000,0.5922
1622348729459000,1,7675.00000000,0.5926
1622348729484000,1,0.29745518,0.5926
1622348745514000,0,8081.00000000,0.5933
1622348745542000,0,0.33599434,0.5933
1622348770841000,1,7545.00000000,0.5928
1622348801265000,0,7640.00000000,0.5931
1622348801326000,0,0.22556131,0.5931
1622348829021000,1,8089.00000000,0.5932
1622348829055000,1,0.14021878,0.5932
1622348859736000,0,7897.00000000,0.5934
1622348906691000,0,1379.00481757,0.5937
1622348961197000,1,7529.00000000,0.5935
1622348971994000,0,7993.00000000,0.5933
1622349126111000,1,7459.00000000,0.5956
1622349132052000,0,1313.45558475,0.5960
1622349132211000,0,750.00000000,0.5960
1622349136044000,0,988.64096312,0.5960
1622349165204000,0,1437.24644451,0.5982
1622349165208000,0,0.00000001,0.5982
1622349169501000,0,4086.96033493,0.5995
1622349215021000,1,614.55242100,0.6008
1622349326089000,0,7478.00000000,0.5992
1622349480759000,1,6006.00000000,0.5961
1622349566475000,1,3654.00000000,0.5971
1622349683770000,0,8029.00000000,0.5988
1622349827750000,1,5290.00000000,0.5972
1622349847246000,0,8189.00000000,0.5981
1622349880034000,1,3161.00000000,0.5971
1622349880036000,1,4450.27102770,0.5971
1622349912688000,0,8017.00000000,0.5988
1622349937820000,1,2155.00000000,0.5974
1622349937820000,1,5813.07883016,0.5974
1622350225792000,1,144.00000000,0.5974
1622350231648000,1,0.46527037,0.5974
1622350272150000,1,125.00000000,0.5964
1622350272247000,1,0.18333188,0.5964
1622350285377000,0,7674.00000000,0.5967
1622350285448000,0,0.40182964,0.5967
1622350307336000,0,5926.00000000,0.5966
1622350327511000,0,5928.88910779,0.5965
1622350327511000,0,0.00456010,0.5966
1622350327511000,0,1439.61345136,0.5968
1622350327511000,0,2898.96829823,0.5969
1622350327513000,0,3029.41377633,0.5969
1622350444375000,1,116.00000000,0.5979
1622350444443000,1,0.58649739,0.5979
1622350573239000,0,7911.00382104,0.5969
1622350805603000,0,7983.00000000,0.5968
1622350825273000,1,7916.00000000,0.5968
1622350825297000,1,0.32826637,0.5968
1622350918866000,1,7700.37252954,0.5964
1622350972873000,0,7796.00000000,0.5978
1622350986171000,0,7997.00000000,0.5984
1622350996144000,1,7985.00000000,0.5981
1622350996146000,1,0.56740824,0.5981
1622351028044000,0,7634.00000000,0.5992
1622351055017000,1,1684.00000000,0.5989
1622351099354000,1,7425.00000000,0.6001
1622351099384000,1,0.93516454,0.6001
1622351207084000,1,7327.91678467,0.6038
1622351220133000,0,7866.00000000,0.6046
1622351255361000,1,7916.50199800,0.6033
1622351255391000,1,161.56126527,0.6033
1622351463580000,0,8047.00000000,0.6023
1622351714461000,0,3253.23071347,0.6064
1622351714476000,0,2578.80112045,0.6064
1622351729911000,0,84.24388656,0.6103
1622351778654000,0,7529.27417502,0.6129
1622351781031000,1,309.44363108,0.6124
1622351950800000,1,7855.89835223,0.6115
1622351950837000,1,160.32445617,0.6115
1622352163194000,0,7867.00000000,0.6105
1622352314164000,0,6635.00000000,0.6131
1622352314203000,0,9365.00000000,0.6131
1622352359023000,0,378.89150143,0.6182
1622352378453000,0,171.00000000,0.6200
1622352389854000,1,15680.00000000,0.6173
1622352395924000,1,7445.43832637,0.6173
1622352459040000,1,7459.71193260,0.6147
1622352459045000,1,152.23901903,0.6147
1622352516664000,1,105.16134644,0.6160
1622352521773000,1,163.33759620,0.6156
1622352521773000,1,408.34399049,0.6156
1622352521773000,1,759.01506573,0.6155
1622352532731000,0,7465.00000000,0.6163
1622352858296000,1,312.00000000,0.6106
1622352888807000,0,8019.00000000,0.6109
1622353073910000,1,7768.25872601,0.6130
1622353161564000,0,8024.00000000,0.6121
1622353191856000,1,78.40000000,0.6121
1622353196000000,1,2213.52600000,0.6121
1622353221447000,1,7382.86687883,0.6120
1622353221508000,1,150.67075263,0.6120
1622353273428000,0,7701.62183794,0.6123
1622353273428000,0,157.17595588,0.6123
1622353291516000,0,8045.00000000,0.6139
1622353308604000,1,2091.00000000,0.6135
1622353384188000,1,2771.00000000,0.6150
1622353384214000,1,4777.15799302,0.6150
1622353535422000,0,7443.00000000,0.6137
1622353560401000,0,1350.92538899,0.6149
1622353634016000,1,1285.00000000,0.6158
1622353634033000,1,1285.00000000,0.6158
1622353634053000,1,2549.00000000,0.6158
1622353666681000,0,7978.00000000,0.6153
1622353711145000,1,7326.47340346,0.6152
1622353711200000,1,149.51986538,0.6152
1622353842976000,1,90.00000000,0.6139
1622354031666000,1,7980.00000000,0.6156
1622354095861000,0,2128.35937544,0.6152
1622354096426000,1,85.98842656,0.6146
1622354096426000,1,5746.96253721,0.6146
1622354096747000,1,85.98842656,0.6145
1622354116046000,1,928.50943000,0.6136
1622354116272000,1,57.16100000,0.6135
1622354169817000,1,7903.00000000,0.6129
1622354194479000,0,7670.00000000,0.6133
1622354223945000,0,15680.00000000,0.6137
1622354245705000,1,3957.00000000,0.6139
1622354245812000,1,12043.00000000,0.6139
1622354306712000,1,7925.00000000,0.6138
1622354314189000,0,8059.00000000,0.6141
1622354338026000,1,6378.00000000,0.6138
1622354338026000,1,943.06392274,0.6138
1622354358908000,0,7528.00000000,0.6142
1622354408307000,0,15366.40000000,0.6152
1622354421037000,1,1406.00000000,0.6144
1622354449609000,0,313.60000000,0.6152
1622354490215000,0,7789.00000000,0.6160
1622354559302000,0,1364.88194418,0.6170
1622354562093000,0,27.85473355,0.6170
1622354582473000,1,7914.93663221,0.6170
1622354582566000,1,14274.00000000,0.6171
1622354591548000,1,4955.00000000,0.6160
1622354660752000,0,57.16100000,0.6168
1622354660778000,0,7489.57980221,0.6168
1622354684841000,1,7806.00000000,0.6156
1622354684850000,1,0.13694571,0.6156
1622354701965000,0,7794.00000000,0.6158
1622354718247000,1,7481.00000000,0.6154
1622354732601000,0,4546.00000000,0.6155
1622354750421000,0,5486.00000000,0.6169
1622354777894000,1,7964.00000000,0.6159
1622354815373000,1,7466.61797144,0.6164
1622354841211000,0,282.00000000,0.6162
1622354841310000,0,7826.63864228,0.6162
1622354865340000,1,7603.00000000,0.6155
1622354879321000,0,7400.00000000,0.6161
1622354908143000,0,7782.00000000,0.6177
1622354914979000,1,7745.00000000,0.6171
1622354933705000,0,234.10862124,0.6174
1622354936731000,0,4106.00000000,0.6174
1622354936767000,0,3359.97793685,0.6174
1622354973484000,1,8043.81363632,0.6163
1622354999158000,1,70.56900000,0.6152
1622355126455000,0,7367.00000000,0.6158
1622355140174000,1,7562.00000000,0.6154
1622355278227000,1,350.00000000,0.6137
1622355290545000,0,70.56900000,0.6146
1622355347126000,0,3056.00000000,0.6159
1622355363640000,1,7617.00000000,0.6153
1622355363656000,1,0.53087371,0.6153
1622355410655000,1,60.69930752,0.6149
1622355435085000,1,60.00000000,0.6146
1622355435751000,1,0.03466868,0.6146
1622355455824000,0,7789.00000000,0.6152
1622355471245000,1,7680.00000000,0.6146
1622355487788000,0,7557.00000000,0.6149
1622355487791000,0,0.41759950,0.6149
1622355540410000,1,7820.00000000,0.6150
1622355570672000,0,6987.00000000,0.6155
1622355757428000,1,3766.00000000,0.6171
1622355758435000,1,942.00000000,0.6171
1622355764169000,1,7311.00000000,0.6167
1622355818898000,1,5734.00000000,0.6160
1622355818905000,1,0.57510758,0.6160
1622355826696000,0,157.00000000,0.6172
1622355879362000,0,7340.00000000,0.6169
1622355879459000,0,0.26645932,0.6169
1622355943161000,1,5729.00000000,0.6164
1622355943167000,1,0.83383684,0.6164
1622355952726000,1,750.00000000,0.6158
1622355974121000,1,5732.00000000,0.6163
1622355974134000,1,0.26334725,0.6163
1622355999638000,1,5729.00000000,0.6165
1622355999645000,1,0.43303947,0.6165
1622356012720000,0,750.00000000,0.6183
1622356189221000,1,5572.12226823,0.6214
1622356189265000,1,113.71678098,0.6214
1622356191165000,1,5572.72782739,0.6211
1622356198729000,1,8003.32134916,0.6204
1622356334272000,0,309.37600363,0.6165
1622356443870000,0,641.00000000,0.6138
1622356466225000,0,7325.00000000,0.6146
1622356532443000,0,8049.00000000,0.6159
1622356580901000,1,7143.00000000,0.6173
1622356581406000,0,32.18947640,0.6182
1622356609483000,0,7960.00000000,0.6185
1622356631607000,1,7843.78720716,0.6176
1622356763888000,1,3586.99627645,0.6197
1622356774088000,0,7848.00000000,0.6210
1622356774088000,0,0.67064892,0.6210
1622356780404000,0,62.00000000,0.6219
1622356784254000,1,7644.00000000,0.6206
1622356784288000,1,0.60194675,0.6206
1622356838383000,0,8984.60525498,0.6220
1622356867157000,0,16000.00000000,0.6223
1622356879715000,1,16000.00000000,0.6227
1622356973661000,1,5691.60497108,0.6199
1622356973661000,1,3197.30551758,0.6195
1622357049329000,0,8009.00000000,0.6202
1622357101178000,1,7417.00000000,0.6208
1622357101253000,1,0.10223603,0.6208
1622357208891000,0,110.14277706,0.6201
1622357211454000,0,453.74852853,0.6201
1622357222361000,0,7159.00000000,0.6201
1622357264759000,0,907.42580468,0.6217
1622357287420000,0,7928.00000000,0.6221
1622357287530000,0,0.38451258,0.6221
1622357292611000,0,5613.25880000,0.6235
1622357354299000,1,7847.00000000,0.6241
1622357354318000,1,0.83871616,0.6241
1622357388350000,1,4912.00000000,0.6228
1622357409237000,0,7950.00000000,0.6236
1622357445777000,0,1373.00000000,0.6250
1622357462197000,1,5319.00000000,0.6242
1622357486006000,1,7845.00000000,0.6237
1622357649463000,0,7605.00000000,0.6233
1622357685203000,1,7901.68007438,0.6222
1622357717396000,0,7442.00000000,0.6227
1622357717452000,0,0.56758157,0.6227
1622357907139000,1,5381.00000000,0.6215
1622357947437000,0,7860.00000000,0.6217
1622357974256000,1,7837.00000000,0.6218
1622358001998000,0,7323.00000000,0.6218
1622358024748000,1,7626.00000000,0.6224
1622358048418000,0,7849.00000000,0.6237
1622358048520000,0,0.22697514,0.6237
1622358062651000,0,1375.00000000,0.6240
1622358062677000,0,14625.00000000,0.6240
1622358115166000,1,7865.00000000,0.6258
1622358144899000,0,7513.00000000,0.6266
1622358175870000,1,7886.00000000,0.6275
1622358360006000,1,7212.67254925,0.6244
1622358382461000,0,620.02561359,0.6250
1622358388101000,1,16000.00000000,0.6244
1622358398965000,0,1248.17325370,0.6261
1622358423641000,1,5657.00000000,0.6242
1622358423664000,1,0.87680202,0.6242
1622358485394000,0,7969.00000000,0.6241
1622358607601000,0,1056.87531119,0.6226
1622358644970000,1,7365.26528840,0.6214
1622358685958000,0,7935.00000000,0.6220
1622358686009000,0,0.18520102,0.6220
1622358768968000,1,7773.84849084,0.6200
1622358881016000,1,34.66204990,0.6168
1622358881016000,1,34.66407070,0.6168
1622358881016000,1,86.68656894,0.6164
1622358881016000,1,5723.79391964,0.6164
1622358902794000,0,7888.00000000,0.6160
1622358929170000,1,1535.00000000,0.6163
1622359052653000,1,7886.00000000,0.6179
1622359063822000,0,418.00000000,0.6184
1622359142472000,0,4024.00000000,0.6179
1622359349777000,0,2493.00000000,0.6182
1622359375922000,1,7638.00000000,0.6176
1622359410159000,1,5717.00000000,0.6177
1622359433343000,0,2846.00000000,0.6178
1622359518177000,0,7988.00000000,0.6169
1622359581442000,1,7662.00000000,0.6173
1622359581482000,1,212.22118985,0.6173
1622359634527000,0,7465.00000000,0.6186
1622359652445000,1,2000.00000000,0.6187
1622359679304000,0,15428.49075134,0.6201
1622359680627000,1,519.00000000,0.6192
1622359680634000,1,6957.76459868,0.6192
1622359796424000,0,7451.00000000,0.6203
1622359839555000,1,7309.16739321,0.6215
1622360003011000,0,233.00000000,0.6226
1622360033366000,0,7636.00000000,0.6219
1622360067470000,1,15428.49075134,0.6216
1622360067470000,1,7311.50924866,0.6216
1622360067512000,1,0.20540949,0.6216
1622360086358000,0,8030.00000000,0.6224
1622360096375000,1,750.00000000,0.6219
1622360096474000,1,5410.00000000,0.6219
1622360223165000,0,7874.00000000,0.6215
1622360308763000,1,8073.00000000,0.6221
1622360363941000,0,750.00000000,0.6232
1622360546971000,0,278.86272613,0.6264
1622360572071000,0,168.55594532,0.6260
1622360575491000,0,555.22150001,0.6260
1622360690910000,1,7512.18911127,0.6263
1622360767488000,0,79.75767097,0.6238
1622360882325000,1,161.39000000,0.6227
1622360945303000,0,287.54004051,0.6231
1622360945869000,0,686.59056300,0.6231
1622360977862000,0,223.36446140,0.6237
1622360995818000,0,427.90835195,0.6237
1622361034363000,0,80.73852075,0.6246
1622361062095000,0,7671.00000000,0.6240
1622361360623000,1,1591.25017146,0.6224
1622361360623000,1,7603.04305225,0.6224
1622361360635000,1,187.63863722,0.6224
1622361613533000,0,1379.75196069,0.6239
1622361701654000,0,16000.00000000,0.6272
1622361701654000,0,7762.00000000,0.6272
1622361713968000,0,50000.00000000,0.6290
1622361728352000,0,4832.00000000,0.6300
1622361729013000,0,0.19902724,0.6300
1622361811327000,1,16000.00000000,0.6255
1622361811327000,1,6833.22644984,0.6255
1622361949871000,1,2281.00000000,0.6239
1622362022139000,1,1000.00000000,0.6224
1622362249624000,0,7507.00000000,0.6209
1622362284647000,1,2172.59295001,0.6212
1622362284658000,1,2172.59295001,0.6212
1622362311527000,1,152.29498541,0.6207
1622362311527000,1,380.71171358,0.6207
1622362311527000,1,3307.80330101,0.6207
1622362324857000,0,7399.00000000,0.6217
1622362529890000,1,7335.41478191,0.6206
1622362529911000,1,149.70234249,0.6206
1622362539546000,0,7393.00000000,0.6212
1622362645420000,1,7909.25907782,0.6214
1622362645436000,1,161.41345057,0.6214
1622362719704000,0,7962.00000000,0.6196
1622362771611000,1,2656.00000000,0.6190
1622362772468000,1,5364.00000000,0.6190
1622362772502000,1,0.75360856,0.6190
1622362809664000,0,7656.00000000,0.6193
1622362852768000,1,6923.00000000,0.6199
1622362857846000,1,90.58200000,0.6193
1622362873241000,0,161.03430224,0.6189
1622362939618000,0,7873.00000000,0.6172
1622362939641000,0,0.85014940,0.6172
1622362994661000,1,1023.13294749,0.6147
1622363235010000,1,7516.88571613,0.6165
1622363262474000,0,7835.00000000,0.6171
1622363463299000,1,6085.00000000,0.6180
1622363463399000,1,1334.30732141,0.6180
1622363471510000,0,7971.00000000,0.6183
1622363488146000,1,304.48529611,0.6177
1622363551033000,1,8126.00000000,0.6185
1622363604983000,0,7487.00000000,0.6193
1622363632325000,1,660.26800000,0.6187
1622363741587000,1,5508.00000000,0.6203
1622363761102000,0,7794.00000000,0.6202
1622363782862000,1,7863.00000000,0.6202
1622363941601000,0,7356.00000000,0.6200
1622363965347000,1,4547.00000000,0.6189
1622363974590000,1,1916.00000000,0.6183
1622364080451000,0,750.00000000,0.6205
1622364241991000,0,8104.00000000,0.6211
1622364290368000,1,1517.00000000,0.6206
1622364290397000,1,6530.35527189,0.6206
1622364304551000,1,8087.00000000,0.6200
1622364304598000,1,0.54552585,0.6200
1622364313625000,0,7486.00000000,0.6204
1622364333245000,0,7555.00000000,0.6211
1622364392218000,1,8083.66791764,0.6216
1622364423394000,0,8008.00000000,0.6216
1622364448925000,1,3155.00000000,0.6208
1622364500383000,1,2057.00000000,0.6208
1622364506993000,1,6373.00000000,0.6202
1622364507005000,1,1059.30859815,0.6202
1622364548690000,0,7396.00000000,0.6201
1622364619459000,0,5699.00000000,0.6203
1622364619462000,0,0.66468592,0.6203
1622364620591000,0,5699.00000000,0.6203
1622364620678000,0,0.66468592,0.6203
1622364624391000,0,7455.00000000,0.6206
1622364664149000,0,5695.00000000,0.6209
1622364664185000,0,0.82928289,0.6209
1622364711150000,0,545.00000000,0.6219
1622364763943000,1,83.24860230,0.6211
1622364763943000,1,7813.75139770,0.6211
1622364764053000,1,0.88599923,0.6211
1622364784025000,0,6271.00000000,0.6212
1622364868319000,0,47.94916070,0.6226
1622364879396000,1,750.00000000,0.6217
1622364885441000,0,332.00000000,0.6217
1622364885476000,0,750.00000000,0.6217
1622364896301000,1,1004.00000000,0.6211
1622364896360000,1,750.00000000,0.6211
1622364915816000,0,194.00000000,0.6217
1622364928226000,0,0.07422552,0.6217
1622364948232000,1,7417.00000000,0.6212
1622365014657000,0,7466.00000000,0.6206
1622365028115000,1,7705.88902440,0.6194
1622365028121000,1,157.26304131,0.6194
1622365064290000,0,235.00000000,0.6192
1622365168989000,0,2963.00000000,0.6172
1622365185252000,0,7266.18916537,0.6176
1622365402342000,1,64.01145316,0.6208
1622365402342000,1,414.98854684,0.6208
1622365402532000,1,0.92118358,0.6208
1622365567290000,0,750.00000000,0.6223
1622365714421000,1,7778.00000000,0.6234
1622365787496000,0,7772.18065710,0.6241
1622365818602000,1,750.00000000,0.6231
1622365818613000,1,6910.16194509,0.6231
1622365883200000,0,5967.00000000,0.6220
1622365935955000,1,7450.00000000,0.6219
1622366007879000,0,79.00000000,0.6208
1622366008853000,0,7267.00000000,0.6208
1622366008912000,0,0.92677739,0.6208
1622366009499000,0,750.00000000,0.6211
1622366069087000,1,7700.00000000,0.6219
1622366108402000,0,2659.00000000,0.6222
1622366152661000,0,1358.00000000,0.6228
1622366152665000,0,6309.22668859,0.6228
1622366207253000,1,750.00000000,0.6230
1622366237752000,1,5187.00000000,0.6229
1622366274422000,0,750.00000000,0.6238
1622366294909000,0,7518.00000000,0.6250
1622366314073000,1,7982.00000000,0.6242
1622366314116000,1,0.44915837,0.6242
1622366368779000,1,2683.00000000,0.6247
1622366493646000,0,7691.00000000,0.6238
1622366505778000,1,2134.00000000,0.6234
1622366505955000,1,396.00000000,0.6234
1622366505998000,1,4821.60609749,0.6234
1622366597430000,1,6328.00000000,0.6232
1622366699777000,0,7522.00000000,0.6223
1622366860966000,0,100.73257169,0.6232
1622366902742000,0,5664.00000000,0.6239
1622366903074000,0,0.85074750,0.6239
1622366910139000,0,5664.00000000,0.6239
1622366997886000,0,7736.00000000,0.6239
1622367077432000,1,7902.80240319,0.6215
1622367077437000,1,161.28168170,0.6215
1622367117478000,0,5750.00000000,0.6208
1622367185548000,1,750.00000000,0.6201
1622367403613000,1,7925.00000000,0.6213
1622367507398000,0,321.00000000,0.6196
1622367508393000,0,80.00000000,0.6196
1622367536277000,0,8040.00000000,0.6197
1622367589111000,1,7603.00000000,0.6206
1622367611497000,0,3457.00000000,0.6216
1622367612931000,0,375.92143032,0.6216
1622367614055000,0,7287.00000000,0.6216
1622367735320000,1,7912.00000000,0.6227
1622367735397000,1,0.32696122,0.6227
1622367771185000,0,8035.00000000,0.6244
1622367817753000,0,750.00000000,0.6249
1622367841694000,0,652.92741341,0.6255
1622367851661000,1,7980.00000000,0.6248
1622367862421000,0,2353.00000000,0.6247
1622367863900000,0,4932.00000000,0.6247
1622367863905000,0,0.99670223,0.6247
1622367905840000,1,7473.00000000,0.6241
1622367973866000,1,102.81944235,0.6225
1622367973866000,1,257.05273259,0.6225
1622367973866000,1,33.61577806,0.6225
1622368039739000,0,1607.00000000,0.6231
1622368064016000,0,8045.49939904,0.6235
1622368073656000,1,2598.62017990,0.6225
1622368073725000,1,1801.00000000,0.6225
1622368119192000,1,1583.00000000,0.6223
1622368120196000,1,5871.00000000,0.6223
1622368120232000,1,0.06834290,0.6223
1622368143537000,0,8110.00000000,0.6227
1622368246648000,0,1411.00000000,0.6246
1622368263830000,0,4177.00000000,0.6246
1622368322527000,0,7642.00000000,0.6251
1622368353902000,0,119.63342029,0.6248
1622368364718000,0,3348.00000000,0.6248
1622368392117000,1,750.00000000,0.6248
1622368392170000,1,7288.84683781,0.6248
1622368431503000,0,2565.00000000,0.6245
1622368431532000,0,3094.73658014,0.6245
1622368462712000,1,8071.00000000,0.6241
1622368466404000,0,132.00000000,0.6242
1622368471046000,0,7912.00000000,0.6242
1622368500927000,1,7333.00000000,0.6239
1622368510416000,0,7864.00000000,0.6242
1622368692048000,0,34.30000000,0.6241
1622368698661000,0,3646.00000000,0.6241
1622368716303000,1,7983.00000000,0.6230
1622368753104000,0,7583.10802235,0.6232
1622369006509000,0,5651.00000000,0.6254
1622369058757000,1,7976.00000000,0.6249
1622369080041000,0,3119.00000000,0.6246
1622369080136000,0,4800.56411482,0.6246
1622369215267000,0,605.95434221,0.6240
1622369381111000,1,2459.00000000,0.6233
1622369423457000,1,2685.00000000,0.6228
1622369512908000,0,7364.00000000,0.6226
1622369605534000,1,7478.00000000,0.6225
1622369703158000,0,2023.00000000,0.6198
1622369704679000,0,750.00000000,0.6198
1622369739224000,0,8090.00000000,0.6227
1622369876296000,0,5652.00000000,0.6253
1622369876339000,0,11304.00000000,0.6253
1622369876342000,0,4696.00000000,0.6253
1622369876342000,0,0.26235236,0.6253
1622369899065000,0,1471.00000000,0.6251
1622369899101000,0,4184.26720640,0.6251
1622369904741000,0,5652.00000000,0.6253
1622369954852000,1,7528.15996420,0.6246
1622370047054000,1,16000.00000000,0.6240
1622370047150000,1,1000.00000000,0.6240
1622370080535000,1,5659.27197790,0.6236
1622370080535000,1,7848.22762523,0.6234
1622370080535000,1,2872.19881753,0.6234
1622370086884000,0,6340.70961916,0.6243
1622370087023000,0,1308.28872480,0.6243
1622370097560000,0,7577.99956431,0.6244
1622370097578000,0,154.65305233,0.6244
1622370152876000,0,5540.55682048,0.6249
1622370184420000,1,7834.96519556,0.6245
1622370317732000,0,7864.82954408,0.6251
1622370410892000,1,750.00000000,0.6244
1622370454345000,1,7387.00000000,0.6234
1622370542109000,0,7846.72785582,0.6239
1622370542123000,0,160.13730318,0.6239
1622370559511000,1,7369.00000000,0.6237
1622370592020000,0,5641.05981865,0.6242
1622370639462000,0,750.00000000,0.6250
1622370683985000,1,8064.00000000,0.6246
1622370777151000,0,7622.00000000,0.6238
1622370862413000,1,7795.00000000,0.6227
1622370862436000,1,0.57219900,0.6227
1622370881696000,0,2195.00000000,0.6228
1622370908004000,0,7825.52263770,0.6227
1622370928620000,0,436.79814202,0.6233
1622371075743000,1,7926.00000000,0.6239
1622371075803000,1,0.42400654,0.6239
1622371306536000,0,7572.00000000,0.6232
1622371311269000,1,7574.00000000,0.6229
1622371324317000,0,7731.00000000,0.6235
1622371498949000,1,7487.00000000,0.6255
1622371498996000,1,0.55232150,0.6255
1622371742573000,0,7297.00000000,0.6227
1622371777972000,1,7156.00000000,0.6223
1622371778106000,1,228.05880138,0.6223
1622371967009000,0,2811.00000000,0.6229
1622372011194000,1,7499.00000000,0.6226
1622372017574000,0,7980.00000000,0.6229
1622372049143000,1,7650.00000000,0.6223
1622372109928000,0,5307.00000000,0.6222
1622372194544000,1,102.81221300,0.6226
1622372390348000,0,103.23600000,0.6208
1622372392379000,0,7363.00240274,0.6208
1622372392379000,0,150.26535516,0.6208
1622372598251000,1,7870.00000000,0.6209
1622372674117000,0,1049.00000000,0.6212
1622372722422000,1,7470.00000000,0.6208
1622372738206000,0,5635.00000000,0.6211
1622372761599000,0,7938.00000000,0.6218
1622372884441000,1,7533.50886604,0.6228
1622372961269000,1,5668.00000000,0.6228
1622372998858000,1,5658.00000000,0.6236
1622373065534000,1,178.11289695,0.6241
1622373171331000,0,7781.00000000,0.6246
1622373171339000,0,0.96647676,0.6246
1622373186686000,1,7830.00000000,0.6244
1622373202761000,1,7675.00000000,0.6240
1622373202777000,1,0.55008487,0.6240
1622373230951000,1,5650.00000000,0.6244
1622373230971000,1,0.90539342,0.6244
1622373254044000,0,7608.00000000,0.6249
1622373254049000,0,0.29847061,0.6249
1622373313217000,0,8033.00000000,0.6247
1622373364096000,1,750.00000000,0.6244
1622373431090000,1,7900.00000000,0.6243
1622373488670000,0,750.00000000,0.6237
1622373540923000,0,7653.00000000,0.6241
1622373573239000,1,7462.00000000,0.6244
1622373645320000,0,6471.00000000,0.6239
1622373662776000,0,651.62160299,0.6241
1622373703714000,1,7824.00000000,0.6229
1622373793079000,1,0.23644497,0.6228
1622373793228000,1,181.27900000,0.6225
1622373793282000,1,0.00092476,0.6225
1622373852878000,0,7486.00000000,0.6223
1622373852883000,0,0.39787446,0.6223
1622373861197000,1,7354.00000000,0.6220
1622373932224000,0,6967.00000000,0.6241
1622373946300000,0,155.00000000,0.6243
1622373981963000,1,7778.00000000,0.6240
1622374124168000,0,7596.00000000,0.6225
1622374269756000,1,7715.00000000,0.6231
1622374457450000,1,568.72100000,0.6205
1622374535897000,0,7711.00000000,0.6218
1622374545041000,1,7357.00000000,0.6211
1622374573033000,1,5687.00000000,0.6204
1622374622947000,0,750.00000000,0.6219
1622374645651000,0,7728.00000000,0.6226
1622374666319000,1,131.35800000,0.6226
1622374686146000,0,16000.00000000,0.6230
1622374686146000,0,5671.00000000,0.6230
1622374707594000,0,742.00000000,0.6234
1622374765562000,0,5549.17570662,0.6238
1622374803464000,1,1694.99396588,0.6248
1622374805667000,0,5648.00000000,0.6254
1622374806072000,0,0.04306925,0.6254
1622374811942000,0,131.35800000,0.6254
1622374812043000,0,5517.49997740,0.6254
1622374813517000,0,5649.00000000,0.6254
1622374911982000,1,7853.00000000,0.6243
1622375223781000,0,7798.00000000,0.6256
1622375223841000,0,0.89075457,0.6256
1622375249912000,1,7772.00000000,0.6262
1622375342899000,0,7644.00000000,0.6273
1622375346403000,0,500.00000000,0.6280
1622375398810000,1,91.09100000,0.6274
1622375411774000,0,91.09100000,0.6282
1622375460885000,1,7310.00000000,0.6284
1622375482114000,1,100.11900000,0.6292
1622375488067000,0,364.00000000,0.6300
1622375491415000,0,1500.00000000,0.6310
1622375541412000,0,3364.45650639,0.6389
1622375541412000,0,913.54349361,0.6389
1622375555492000,1,331.61034794,0.6392
1622375555522000,1,0.00000001,0.6392
1622375606416000,0,452.78249429,0.6387
1622375681278000,0,100.11900000,0.6370
1622375681662000,0,7683.20000000,0.6370
1622375771225000,1,750.00000000,0.6369
1622375771470000,1,1250.00000000,0.6369
1622375822441000,1,4405.78185358,0.6368
1622375850056000,0,7285.82399840,0.6360
1622375890543000,0,750.00000000,0.6377
1622375984833000,0,500.00000000,0.6390
1622375994222000,0,37960.00000000,0.6404
1622376012227000,0,1000.00000000,0.6410
1622376067611000,1,178.39725960,0.6391
1622376103709000,0,12000.00000000,0.6383
1622376106426000,0,5513.77553056,0.6385
1622376188328000,1,8046.00000000,0.6375
1622376188355000,1,308.00000000,0.6375
1622376188356000,1,928.00000000,0.6375
1622376188508000,1,442.00000000,0.6375
1622376192926000,1,0.04589802,0.6375
1622376192926000,1,1148.95410198,0.6372
1622376193049000,1,0.38635240,0.6372
1622376295830000,1,1660.00000000,0.6345
1622376315432000,1,157.93800000,0.6344
1622376318306000,0,47.13983399,0.6347
1622376319789000,0,124.86789600,0.6347
1622376321459000,1,156.35900000,0.6337
1622376322083000,0,634.02420000,0.6344
1622376327447000,0,23520.00000000,0.6344
1622376383469000,1,435.70300000,0.6343
1622376423556000,0,5274.00000000,0.6351
1622376460948000,0,51.67313500,0.6334
1622376462356000,0,139.78812672,0.6334
1622376558859000,0,3150.29493501,0.6331
1622376558859000,0,1200.00000000,0.6331
1622376558859000,0,34119.70506499,0.6332
1622376558924000,0,0.29493501,0.6332
1622376615998000,0,9360.00000000,0.6324
1622376615998000,0,28320.00000000,0.6324
1622376676643000,0,47.40238522,0.6316
1622376709879000,0,394.00000000,0.6314
1622376710171000,0,750.00000000,0.6314
1622376720975000,0,306.00000000,0.6314
1622376723604000,0,4148.00000000,0.6314
1622376728499000,0,0.30038887,0.6314
1622376728499000,0,3153.69961113,0.6314
1622376797529000,0,465.00000000,0.6329
1622376807823000,1,750.00000000,0.6321
1622376900380000,0,6011.00000000,0.6328
1622376910964000,1,7967.00000000,0.6319
1622376911529000,0,162.20285958,0.6323
1622377021807000,0,750.00000000,0.6297
1622377022375000,1,5610.27258355,0.6291
1622377022375000,1,30.78723510,0.6288
1622377050170000,1,7448.00000000,0.6293
1622377125118000,0,6451.00000000,0.6278
1622377144424000,1,7465.84848215,0.6267
1622377144424000,1,160.68144073,0.6262
1622377144424000,1,401.51271276,0.6262
1622377144424000,1,160.60508511,0.6262
1622377144424000,1,1421.59933327,0.6262
1622377150280000,0,7293.97962792,0.6276
1622377232234000,0,7226.45288924,0.6283
1622377277514000,1,7753.00000000,0.6284
1622377292205000,0,1451.00000000,0.6281
1622377478637000,0,1603.00000000,0.6300
1622377502420000,1,7267.39839124,0.6299
1622377594869000,0,5723.00000000,0.6287
1622377681303000,0,9560.00000000,0.6291
1622377751433000,1,7647.00000000,0.6285
1622377751444000,1,0.60495633,0.6285
1622377817224000,0,7634.00000000,0.6294
1622377845149000,1,7967.00000000,0.6288
1622377879683000,0,2125.00000000,0.6287
1622377879684000,0,5888.49911075,0.6287
1622377916686000,1,2109.00000000,0.6289
1622378013170000,1,4428.00000000,0.6285
1622378079136000,0,7314.00000000,0.6275
1622378079230000,0,0.27003453,0.6275
1622378146881000,1,2702.00000000,0.6258
1622378172500000,1,13267.21276490,0.6250
1622378172500000,1,4332.78723510,0.6250
1622378267559000,1,105.77857063,0.6245
1622378548304000,1,918.00000000,0.6256
1622378661130000,1,750.00000000,0.6239
1622378730351000,1,101.32989714,0.6240
1622378797156000,0,7618.00000000,0.6201
1622378981471000,1,1611.00000000,0.6131
1622378981537000,1,0.68710277,0.6131
1622379185981000,0,15680.00000000,0.6163
1622379185984000,0,320.00000000,0.6163
1622379190389000,1,138.37049116,0.6156
1622379190389000,1,346.04751215,0.6156
1622379190389000,1,14944.07274809,0.6155
1622379215720000,0,161.40424669,0.6165
1622379218154000,1,294.92142271,0.6154
1622379218154000,1,117.07857729,0.6154
1622379351302000,1,104.37955613,0.6167
1622379351302000,1,260.62044387,0.6167
1622379351353000,1,0.33098396,0.6167
1622379358012000,0,750.00000000,0.6173
1622379358232000,0,14194.07274809,0.6173
1622379492874000,1,16000.00000000,0.6175
1622379506355000,0,538.28158211,0.6176
1622379506589000,0,15336.85683521,0.6176
1622379517969000,0,235.00000000,0.6180
1622379762083000,0,55.00000000,0.6199
1622379794648000,1,750.00000000,0.6196
1622380220715000,1,162.20285958,0.6199
1622380442504000,1,192.97147491,0.6218
1622380445872000,1,7927.00000000,0.6217
1622380503852000,0,750.00000000,0.6215
1622380679443000,0,5647.00000000,0.6235
1622380824104000,1,750.00000000,0.6213
1622380824290000,1,241.10195353,0.6213
1622380824290000,1,602.75488382,0.6213
1622380824290000,1,1567.31357042,0.6213
1622380863666000,0,7707.00000000,0.6212
1622380894682000,1,7817.00000000,0.6211
1622380951333000,0,7355.00000000,0.6222
1622380985591000,0,24800.00000000,0.6217
1622380996160000,1,7630.00000000,0.6214
1622381415643000,1,233.00000000,0.6215
1622381415649000,1,0.41894344,0.6215
1622381563886000,0,7965.00000000,0.6207
1622381584071000,1,6108.00000000,0.6207
1622381643025000,1,7389.00000000,0.6199
1622381643117000,1,7389.00000000,0.6199
1622381643146000,1,347.13841732,0.6199
1622381769622000,0,1200.00000000,0.6185
1622381822520000,0,921.48744000,0.6185
1622381822520000,0,8104.51256000,0.6185
1622381822561000,0,0.68371711,0.6185
1622381837980000,1,7390.00000000,0.6176
1622381876658000,0,13640.00000000,0.6181
1622381937240000,0,14129.00000000,0.6184
1622381942912000,1,158.51449979,0.6175
1622382132399000,1,6662.00000000,0.6181
1622382164009000,0,7355.00000000,0.6181
1622382164025000,0,0.23715844,0.6181
1622382205262000,1,105.93202198,0.6175
1622382205262000,1,1139.06797802,0.6175
1622382230733000,1,7404.00000000,0.6171
1622382230857000,1,330.00000000,0.6171
1622382382494000,0,750.00000000,0.6198
1622382480456000,1,7631.00000000,0.6203
1622382542550000,0,7851.00000000,0.6205
1622382550335000,1,615.14000000,0.6206
1622382569668000,0,1600.34000000,0.6212
1622382572020000,0,615.14000000,0.6211
1622382605946000,0,2551.63580000,0.6210
1622382682039000,1,7113.00000000,0.6217
1622382688034000,0,8032.00000000,0.6221
1622382727188000,1,305.19142225,0.6220
1622382781402000,1,750.00000000,0.6220
1622382808251000,1,8038.00000000,0.6205
1622382832988000,0,774.90230800,0.6218
1622382839255000,0,9354.00000000,0.6218
1622382839502000,0,7914.75646443,0.6218
1622382861980000,0,750.00000000,0.6214
1622382901275000,1,253.00000000,0.6212
1622382901281000,1,15746.97432998,0.6212
1622382901281000,1,7751.51352532,0.6211
1622382923741000,0,13680.00000000,0.6222
1622382931751000,0,16000.00000000,0.6223
1622382931751000,0,7955.00000000,0.6224
1622382959013000,1,7664.00000000,0.6221
1622382979002000,1,69.00000000,0.6218
1622382979099000,1,0.88268849,0.6218
1622382992010000,0,7571.00000000,0.6223
1622383039700000,1,66.00000000,0.6220
1622383048727000,0,12720.00000000,0.6223
1622383098392000,1,6319.00000000,0.6223
1622383144220000,0,7274.10337388,0.6233
1622383377909000,1,7845.00000000,0.6225
1622383443075000,0,7571.00000000,0.6220
1622383462003000,1,750.00000000,0.6212
1622383664399000,1,7446.00000000,0.6205
1622383664410000,1,0.63657451,0.6205
1622383753303000,0,7943.00000000,0.6209
1622383769951000,1,4608.00000000,0.6214
1622383828385000,1,7752.00000000,0.6203
1622383958797000,0,7949.00000000,0.6183
1622384126814000,0,1029.00106439,0.6221
1622384485763000,0,3911.54255552,0.6190
1622384760705000,1,7388.99107266,0.6165
1622384773040000,1,7754.92720684,0.6157
1622384784961000,1,100.00000000,0.6155
1622384875434000,1,100.00000000,0.6135
1622384899433000,0,7523.00000000,0.6138
1622384931888000,1,16000.00000000,0.6134
1622384961913000,1,137.40294010,0.6116
1622384962378000,1,200.00000000,0.6110
1622384962378000,1,2740.00000000,0.6090
1622384962378000,1,917.00000000,0.6090
1622384962378000,1,11479.85683520,0.6090
1622385085739000,0,7653.20152190,0.6128
1622385137686000,1,103.00000000,0.6122
1622385156593000,1,7266.50214016,0.6122
1622385191190000,0,32.57819642,0.6126
1622385259384000,0,750.00000000,0.6127
1622385274433000,1,800.33000000,0.6128
1622385440667000,0,5169.00000000,0.6159
1622385472145000,1,270.00000000,0.6165
1622385472173000,1,0.86095841,0.6165
1622385472684000,1,677.00000000,0.6163
1622385475989000,0,85.84379209,0.6167
1622385570723000,1,6796.00000000,0.6161
1622385579894000,0,12320.00000000,0.6165
1622385580121000,0,2930.00000000,0.6165
1622385580766000,0,79.00000000,0.6169
1622385613549000,0,2804.00000000,0.6173
1622385790069000,1,7737.00000000,0.6165
1622385809120000,0,8025.00000000,0.6173
1622385815792000,1,7571.00000000,0.6168
1622385871626000,0,3022.00000000,0.6163
1622385871633000,0,4818.79110288,0.6163
1622385884851000,1,8068.00000000,0.6158
1622385908696000,0,3611.00000000,0.6162
1622385908710000,0,3709.83247759,0.6162
1622385957075000,1,7895.00000000,0.6161
1622385981071000,1,15352.00000000,0.6161
1622385981090000,1,648.00000000,0.6161
1622386102272000,0,7335.00000000,0.6139
1622386148567000,0,31120.00000000,0.6155
1622386167943000,0,7693.00000000,0.6166
1622386187776000,0,8307.00000000,0.6161
1622386188023000,0,7730.25601638,0.6161
1622386195140000,1,1379.00481757,0.6156
1622386203376000,1,8033.72880771,0.6156
1622386277765000,1,7411.64188730,0.6157
1622386415852000,1,749.14000000,0.6144
1622386415901000,1,620.00000000,0.6144
1622386497439000,0,7140.00000000,0.6145
1622386503766000,0,4856.22002942,0.6145
1622386503816000,0,4856.22002942,0.6145
1622386527492000,0,8480.00000000,0.6142
1622386556284000,0,10880.00000000,0.6143
1622386694693000,1,101.00000000,0.6140
1622386696620000,1,0.75895765,0.6140
1622386696620000,1,15552.65335397,0.6139
1622386696620000,1,7586.58768838,0.6139
1622386707586000,0,7998.00000000,0.6145
1622386722221000,1,7700.00000000,0.6143
1622386729877000,0,3968.00000000,0.6146
1622386898724000,1,181.57486117,0.6156
1622386954910000,1,7439.00000000,0.6141
1622386992735000,0,2693.00000000,0.6143
1622386993567000,0,5746.81306999,0.6143
1622386993716000,0,2413.18693001,0.6143
1622386994306000,0,32960.00000000,0.6145
1622386994306000,0,12280.00000000,0.6145
1622387042044000,0,7513.00000000,0.6148
1622387339250000,0,13307.00000000,0.6180
1622387341811000,0,9852.00000000,0.6183
1622387341852000,0,26108.00000000,0.6183
1622387351775000,0,5368.00000000,0.6193
1622387423249000,1,16000.00000000,0.6200
1622387579386000,0,7751.00000000,0.6183
1622387610458000,1,6863.00000000,0.6178
1622387653752000,1,3436.00000000,0.6174
1622387837606000,0,16000.00000000,0.6176
1622387891423000,1,189.00000000,0.6158
1622387914501000,0,750.00000000,0.6163
1622388032500000,1,9257.00000000,0.6178
1622388053180000,1,6743.00000000,0.6173
1622388153650000,0,683.85827319,0.6193
1622388236748000,1,7824.00000000,0.6180
1622388236757000,1,0.72964342,0.6180
1622388261674000,0,7395.00000000,0.6191
1622388311496000,0,206.00000000,0.6196
1622388368173000,0,8027.00000000,0.6178
1622388451201000,0,13400.00000000,0.6178
1622388579268000,1,7601.00000000,0.6166
1622388579298000,1,7570.98384352,0.6166
1622388602222000,0,7974.00000000,0.6167
1622388602290000,0,0.05482409,0.6167
1622388781358000,0,16000.00000000,0.6164
1622388781358000,0,7918.00000000,0.6164
1622388822353000,1,750.00000000,0.6165
1622388822445000,1,6273.00000000,0.6165
1622388822449000,1,1034.45108500,0.6165
1622388828871000,0,3218.15781066,0.6169
1622388954324000,1,5974.00000000,0.6174
1622389047476000,0,7564.00000000,0.6159
1622389075807000,0,5693.95020000,0.6179
1622389075807000,0,76.82403816,0.6179
1622389093678000,0,55.00000000,0.6177
1622389172845000,1,5110.00000000,0.6187
1622389172869000,1,2716.36550325,0.6187
1622389226822000,0,750.00000000,0.6189
1622389415798000,0,7688.73414748,0.6197
1622389415798000,0,5698.71120000,0.6199
1622389415798000,0,3042.12306875,0.6201
1622389438127000,1,5702.00000000,0.6192
1622389438144000,1,2142.32045390,0.6192
1622389438144000,1,3559.67954610,0.6191
1622389495651000,0,1344.61681943,0.6200
1622389643970000,1,3133.00000000,0.6204
1622389647284000,0,153.00000000,0.6211
1622389817441000,0,510.90563805,0.6206
1622389964703000,0,456.98403613,0.6220
1622390003441000,1,7358.00000000,0.6201
1622390017495000,0,7590.00000000,0.6207
1622390026403000,0,1522.05720956,0.6210
1622390058599000,1,4716.00000000,0.6203
1622390159435000,0,644.95225900,0.6208
1622390159706000,0,7056.00000000,0.6208
1622390160947000,0,362.99240489,0.6212
1622390161396000,0,5341.00000000,0.6212
1622390256689000,1,7996.00000000,0.6217
1622390293104000,0,7440.49098593,0.6235
1622390315468000,1,7878.00000000,0.6233
1622390315476000,1,0.20811744,0.6233
1622390404303000,0,7787.00000000,0.6233
1622390412200000,0,951.58727233,0.6242
1622390436423000,0,1308.54215727,0.6285
1622390641526000,0,2623.00000000,0.6256
1622390658286000,0,3078.00000000,0.6267
1622390658423000,0,8761.49018828,0.6267
1622390658792000,0,16440.00000000,0.6267
1622390658897000,0,0.50981172,0.6267
1622390722984000,1,7565.00000000,0.6272
1622390771761000,1,98.04800000,0.6243
1622390771857000,1,0.00072488,0.6243
1622391046391000,1,16000.00000000,0.6199
1622391046391000,1,7744.29044498,0.6199
1622391046391000,1,4935.70955502,0.6198
1622391050510000,0,7289.00000000,0.6205
1622391052751000,0,7458.00000000,0.6205
1622391094905000,0,5949.00000000,0.6227
1622391106941000,0,562.00000000,0.6228
1622391111061000,0,2200.00000000,0.6226
1622391111061000,0,12040.00000000,0.6226
1622391111126000,0,2200.00000000,0.6226
1622391111668000,0,28280.00000000,0.6227
1622391152958000,0,7563.00000000,0.6244
1622391244745000,0,98.04800000,0.6254
1622391248179000,0,162.50552843,0.6254
1622391285217000,0,820.15886136,0.6258
1622391325259000,0,496.52316923,0.6238
1622391328274000,0,137.33323700,0.6235
1622391329957000,0,8182.00000000,0.6235
1622391329964000,0,0.66676300,0.6235
1622391339270000,0,997.34138400,0.6233
1622391339776000,0,9802.65861600,0.6233
1622391340003000,0,31040.00000000,0.6235
1622391368626000,1,750.00000000,0.6227
1622391400090000,1,7930.00000000,0.6221
1622391423797000,0,227.00000000,0.6222
1622391425597000,0,750.00000000,0.6223
1622391495737000,0,34720.00000000,0.6229
1622391543658000,0,7989.00000000,0.6231
1622391795951000,0,77.00000000,0.6300
1622391817236000,0,68.00000000,0.6283
1622391817242000,0,15823.00000000,0.6283
1622391817413000,0,28029.00000000,0.6283
1622391883564000,0,154.00000000,0.6294
1622391887538000,1,7410.00000000,0.6283
1622392074162000,0,198.18413858,0.6261
1622392091689000,0,149.56672076,0.6259
1622392105251000,0,136.72335200,0.6269
1622392110602000,0,11840.00000000,0.6268
1622392198663000,0,16324.94223463,0.6276
1622392407856000,0,7809.49018509,0.6264
1622392407856000,0,11159.50981491,0.6264
1622392420959000,1,750.00000000,0.6253
1622392490211000,1,15250.00000000,0.6254
1622392560635000,0,750.00000000,0.6263
1622392560726000,0,12970.00000000,0.6263
1622392607280000,1,750.00000000,0.6264
1622392736335000,0,750.00000000,0.6262
1622392736500000,0,9130.00000000,0.6262
1622392774488000,1,5056.00000000,0.6264
1622392774578000,1,750.00000000,0.6264
1622392774621000,1,2207.63326454,0.6264
1622392852427000,0,750.00000000,0.6246
1622393053298000,1,350.00000000,0.6239
1622393213910000,0,8600.00000000,0.6246
1622393319558000,0,7272.00000000,0.6236
1622393337258000,0,9360.00000000,0.6239
1622393430068000,0,16000.00000000,0.6251
1622393430068000,0,14600.00000000,0.6251
1622393499841000,1,7868.99516609,0.6251
1622393499841000,1,37.18775077,0.6251
1622393518454000,0,2343.00000000,0.6254
1622393518546000,0,4984.06572647,0.6254
1622393658215000,1,36.27800000,0.6264
1622393692633000,0,36.27800000,0.6264
1622393693446000,0,13403.00000000,0.6264
1622393765453000,0,11760.00000000,0.6270
1622393829279000,0,12920.00000000,0.6270
1622393907536000,1,7971.00000000,0.6268
1622393915241000,0,7641.00000000,0.6270
1622393915379000,0,0.81327833,0.6270
1622394015858000,0,1169.78455504,0.6297
1622394026566000,0,1000.00000000,0.6310
1622394084385000,0,7441.00000000,0.6307
1622394122046000,1,57.34216545,0.6301
1622394125311000,1,7883.00000000,0.6301
1622394134348000,1,56.72575240,0.6296
1622394261749000,0,10840.00000000,0.6295
1622394445481000,1,66.70363026,0.6277
1622394445481000,1,733.29636974,0.6276
1622394492718000,1,65.87300000,0.6280
1622394492811000,1,0.00089750,0.6280
1622394527961000,0,65.87300000,0.6281
1622394568710000,0,12000.00000000,0.6280
1622394599097000,0,7391.00000000,0.6277
1622394658368000,1,7733.00000000,0.6284
1622394808196000,0,13720.00000000,0.6288
1622394837642000,1,158.71014041,0.6288
1622394837642000,1,641.28985959,0.6288
1622394851397000,1,1095.00000000,0.6287
1622394852053000,1,6908.00000000,0.6287
1622394939191000,0,7975.00000000,0.6294
1622394963183000,0,24536.00000000,0.6293
1622395002856000,0,11944.00000000,0.6290
1622395009878000,0,7585.86042345,0.6294
1622395009878000,0,5573.40900000,0.6295
1622395009878000,0,1778.74514031,0.6296
1622395039775000,1,1075.00000000,0.6287
1622395039877000,1,750.00000000,0.6287
1622395039969000,1,5542.72391385,0.6287
1622395216247000,1,3201.00000000,0.6288
1622395367110000,0,750.00000000,0.6288
1622395607903000,1,5176.32107661,0.6277
1622395673328000,0,5909.61744635,0.6280
1622395741913000,0,7455.19236282,0.6277
1622395741913000,0,5633.23825864,0.6278
1622395741913000,0,1746.00140294,0.6278
1622395761564000,1,750.00000000,0.6269
1622395816199000,1,7648.00000000,0.6278
1622395849601000,0,750.00000000,0.6281
1622395954858000,1,261.35250000,0.6290
1622395954858000,1,100.70179290,0.6290
1622395954858000,1,437.94570710,0.6290
1622395980688000,0,40.00000000,0.6300
1622395980688000,0,40.00000000,0.6301
1622395980720000,0,7442.43304353,0.6302
1622395987172000,0,200.00000000,0.6310
1622396065980000,1,86.33086052,0.6313
1622396065980000,1,713.66913948,0.6313
1622396086671000,1,7211.00000000,0.6311
1622396305411000,0,100.00000000,0.6312
1622396758248000,0,153.00000000,0.6313
1622396765234000,1,77.22996894,0.6302
1622396857463000,0,160.85377541,0.6291
1622396878100000,0,7868.00000000,0.6294
1622396913356000,1,750.00000000,0.6307
1622396979422000,1,1666.00000000,0.6302
1622397043720000,1,7316.00000000,0.6304
1622397057221000,0,500.00000000,0.6310
1622397079956000,0,250.00000000,0.6315
1622397091400000,0,1725.11367825,0.6320
1622397091724000,0,274.00000000,0.6320
1622397091763000,0,0.88632175,0.6320
1622397224475000,0,336.94642722,0.6322
1622397435276000,0,836.84081301,0.6307
1622397569124000,0,74.97530100,0.6304
1622397721623000,0,100.00000000,0.6315
1622397721623000,0,99.04046888,0.6315
1622397732780000,0,7627.00000000,0.6318
1622397783884000,1,3578.00000000,0.6313
1622397807713000,1,4786.00000000,0.6306
1622397853435000,0,7592.00000000,0.6320
1622397855367000,0,2000.00000000,0.6320
1622397856886000,0,1200.00000000,0.6322
1622397932308000,1,84.00000000,0.6311
1622397964095000,1,7900.00000000,0.6307
1622397964097000,1,0.38431950,0.6307
1622398004735000,1,1169.78455504,0.6316
1622398012821000,1,2372.56416370,0.6315
1622398640073000,0,7830.00000000,0.6322
1622398678294000,0,49.99999999,0.6330
1622398678311000,0,0.00000001,0.6330
1622398697716000,0,100.00000000,0.6340
1622398697716000,0,999.99999999,0.6340
1622398697717000,0,0.00000001,0.6340
1622398721618000,1,750.00000000,0.6351
1622398815089000,1,7957.00000000,0.6347
1622398815099000,1,0.58303808,0.6347
1622399029058000,0,40.00000000,0.6325
1622399085417000,0,710.00000000,0.6321
1622399349298000,0,100.00000000,0.6340
1622399369153000,0,79.28741632,0.6350
1622399547090000,0,3151.00880362,0.6338
1622400129494000,1,7482.76187573,0.6339
1622400133544000,1,750.00000000,0.6335
1622400133574000,1,1109.82240000,0.6335
1622400183813000,0,750.00000000,0.6337
1622400184239000,0,6584.00000000,0.6337
1622400307820000,1,7741.76597025,0.6332
1622400307831000,1,157.99522388,0.6332
1622400377721000,0,7530.00000000,0.6340
1622400437451000,0,7646.00000000,0.6365
1622400438621000,0,2000.00000000,0.6366
1622400446720000,0,1000.00000000,0.6380
1622400494894000,1,7375.00000000,0.6377
1622400574189000,1,3959.00000000,0.6380
1622400852304000,0,2532.00000000,0.6375
1622400932809000,1,43.55651731,0.6380
1622400932809000,1,6412.44348269,0.6379
1622401070690000,0,200.00000000,0.6399
1622401188395000,0,6412.00000000,0.6399
1622401188575000,0,7887.60839259,0.6400
1622401218720000,0,136.00000000,0.6410
1622401224134000,0,864.00000000,0.6410
1622401224134000,0,2000.00000000,0.6410
1622401244028000,1,34.44764043,0.6408
1622401244028000,1,15999.55651731,0.6408
1622401244028000,1,34.45902801,0.6408
1622401244028000,1,6673.31298377,0.6408
1622401244041000,1,498.56552144,0.6408
1622401273741000,1,33.80277723,0.6383
1622401273741000,1,33.81971212,0.6383
1622401273741000,1,84.53975072,0.6383
1622401273741000,1,3.83775993,0.6383
1622401302990000,1,32.07125577,0.6390
1622401302990000,1,61.96198073,0.6390
1622401757849000,1,3973.53426496,0.6391
1622401757863000,1,993.32800000,0.6391
1622401862052000,1,750.00000000,0.6390
1622401900189000,0,7831.00000000,0.6393
1622401949733000,1,7076.77959004,0.6394
1622401949747000,1,144.42407327,0.6394
1622401979268000,0,750.00000000,0.6410
1622402024060000,0,7765.97645510,0.6414
1622402037326000,0,91.58221258,0.6420
1622402084939000,1,7709.90710534,0.6409
1622402381290000,1,101.92265601,0.6347
1622402381290000,1,254.77454609,0.6347
1622402381290000,1,5561.47374281,0.6346
1622402381290000,1,662.49726409,0.6342
1622402381290000,1,3421.04862688,0.6342
1622402429230000,0,31.23655998,0.6371
1622402498944000,1,750.00000000,0.6372
1622402499099000,1,6917.77758596,0.6372
1622402799606000,0,780.86487843,0.6371
1622402824933000,0,5502.44490000,0.6372
1622402824933000,0,1541.73480379,0.6372
1622403088068000,0,150.00000000,0.6370
1622403104722000,1,5282.00000000,0.6360
1622403143567000,0,7857.00000000,0.6367
1622403156863000,1,5278.00000000,0.6362
1622403614828000,0,609.00000000,0.6363
1622403708828000,0,690.00000000,0.6372
1622403840327000,1,1842.39999582,0.6362
1622403868483000,0,148.37829437,0.6371
1622403908351000,0,60.00000000,0.6368
1622404019120000,1,300.00000000,0.6364
1622404469077000,1,82.00000000,0.6349
1622404469165000,1,0.75230846,0.6349
1622404505613000,0,7709.00000000,0.6352
1622404557160000,1,2858.00000000,0.6356
1622404620802000,1,75.88900000,0.6346
1622404626290000,1,674.11100000,0.6344
1622404710334000,1,73.00000000,0.6353
1622404710352000,1,0.28750637,0.6353
1622404802099000,1,7385.21932829,0.6346
1622404802099000,1,5563.62063763,0.6344
1622404802099000,1,5565.16003408,0.6341
1622404806162000,1,0.37222800,0.6341
1622404806162000,1,5568.11719449,0.6338
1622404806162000,1,5346.52987588,0.6335
1622404806210000,1,222.75549589,0.6335
1622404882607000,0,750.00000000,0.6336
1622404882687000,0,6737.21810210,0.6336
1622404950950000,1,750.00000000,0.6333
1622404979291000,1,5581.41601509,0.6320
1622404979291000,1,902.71990000,0.6316
1622404979291000,1,7555.74815770,0.6316
1622404979291000,1,5534.28815485,0.6316
1622405001228000,1,349.29812147,0.6315
1622405021983000,1,5476.89871313,0.6309
1622405024333000,1,109.53797427,0.6309
1622405024373000,1,2.23546886,0.6309
1622405049879000,1,5471.32391199,0.6314
1622405054557000,0,750.00000000,0.6319
1622405054649000,0,7245.40844905,0.6319
1622405094177000,1,750.00000000,0.6320
1622405200341000,1,5469.07628744,0.6319
1622405200352000,1,111.61380178,0.6319
1622405212577000,1,5582.96366265,0.6316
1622405212577000,1,7232.76954419,0.6315
1622405249882000,0,7708.27831159,0.6329
1622405308021000,0,7309.78701299,0.6331
1622405309715000,1,5459.26762410,0.6330
1622405309716000,1,111.41362498,0.6330
1622405406634000,1,7963.83795676,0.6323
1622405416098000,0,76.00000000,0.6335
1622405432504000,0,750.00000000,0.6335
1622405450737000,1,1951.09537244,0.6330
1622405557352000,1,5559.76916301,0.6341
1622405557352000,1,5333.33637295,0.6341
1622405561855000,1,5559.76916301,0.6341
1622405561855000,1,7673.04939831,0.6340
1622405584803000,0,7989.53195662,0.6349
1622405662147000,1,5546.00000000,0.6355
1622405662630000,1,0.68827100,0.6355
1622405664504000,1,5546.00000000,0.6355
1622405713604000,1,5535.00000000,0.6367
1622405713614000,1,0.09852751,0.6367
1622405774774000,0,7293.00000000,0.6407
1622405785355000,1,7410.74596752,0.6408
1622405889673000,0,100.00000000,0.6431
1622405933381000,0,6538.00000000,0.6462
1622405933382000,0,9430.76344002,0.6462
1622405969155000,1,5425.71097109,0.6490
1622405975826000,0,163.00000000,0.6500
1622405975826000,0,1000.00000000,0.6500
1622405985224000,1,2339.00000000,0.6503
1622406041149000,1,7551.00000000,0.6491
1622406041181000,1,6110.00000000,0.6491
1622406041181000,1,1441.00000000,0.6491
1622406048327000,1,5427.00000000,0.6491
1622406048378000,1,0.70814210,0.6491
1622406060308000,1,5423.00000000,0.6496
1622406060314000,1,0.61952675,0.6496
1622406064834000,0,10795.27719778,0.6509
1622406067527000,1,10795.27719778,0.6499
1622406069865000,1,5423.00000000,0.6496
1622406069931000,1,0.61952675,0.6496
1622406088649000,1,4897.00000000,0.6492
1622406185448000,1,5438.00000000,0.6474
1622406185452000,1,0.05055871,0.6474
1622406234190000,1,250.00000000,0.6461
1622406242147000,0,7225.00000000,0.6469
1622406251208000,0,7800.00000000,0.6480
1622406261056000,0,40.00000000,0.6480
1622406270138000,0,50.00000000,0.6490
1622406281772000,1,991.00000000,0.6490
1622406300028000,1,5423.00000000,0.6496
1622406301348000,0,100.00000000,0.6500
1622406318256000,1,7280.00000000,0.6499
1622406318277000,1,0.32955092,0.6499
1622406336710000,1,7221.00000000,0.6482
1622406347614000,1,5438.00000000,0.6478
1622406411214000,1,2856.00000000,0.6479
1622406411332000,1,2580.05184752,0.6479
1622406468987000,0,72.24219514,0.6520
1622406469330000,0,1927.75780486,0.6520
1622406500036000,0,6606.55821375,0.6540
1622406509983000,1,7680.20248509,0.6528
1622406537611000,1,306.42855176,0.6528
1622406537611000,1,5394.42446678,0.6528
1622406537912000,0,104.69380271,0.6540
1622406550330000,0,1317.89147625,0.6523
1622406608067000,1,5288.24249891,0.6531
1622406614257000,1,5290.16146503,0.6524
1622406620955000,1,105.80322930,0.6524
1622406620976000,1,2.15924958,0.6524
1622406634237000,0,72.37375392,0.6531
1622406639115000,1,5293.34430342,0.6523
1622406674191000,0,50.00000000,0.6541
1622406675874000,0,3459.53259277,0.6550
1622406836950000,0,7165.00000000,0.6566
1622406836982000,0,0.00926493,0.6566
1622406899644000,1,7584.05734758,0.6548
1622406899656000,1,154.77668056,0.6548
1622407250572000,0,7620.00000000,0.6527
1622407250613000,0,7620.00000000,0.6526
1622407250660000,0,7620.00000000,0.6526
1622407257521000,1,750.00000000,0.6523
1622407366196000,1,5594.00000000,0.6510
1622407390884000,0,750.00000000,0.6509
1622407391368000,0,49250.00000000,0.6509
1622407393700000,0,5413.00000000,0.6516
1622407393997000,0,0.90916802,0.6516
1622407445261000,0,5422.00000000,0.6506
1622407445279000,0,0.09375832,0.6506
1622407453776000,0,5421.00000000,0.6509
1622407453973000,0,7291.64822859,0.6511
1622407468159000,1,750.00000000,0.6509
1622407489389000,1,518.00000000,0.6511
1622407522705000,1,214.00000000,0.6500
1622407598711000,1,7700.37375392,0.6490
1622407646722000,0,4321.00000000,0.6482
1622407686897000,0,200.00000000,0.6485
1622407695076000,1,7272.00000000,0.6481
1622407749893000,0,199.99999999,0.6490
1622407749952000,0,0.00000001,0.6490
1622407749952000,0,808.87090251,0.6497
1622407750059000,0,4567.61289749,0.6497
1622407771436000,0,3000.00000000,0.6500
1622407889913000,0,7507.00000000,0.6496
1622407889913000,0,0.44153467,0.6496
1622408013496000,1,320.00000000,0.6507
1622408024936000,0,2000.00000000,0.6520
1622408090176000,1,6746.65702200,0.6514
1622408132328000,1,3313.00000000,0.6502
1622408724947000,0,272.24451415,0.6471
1622408836090000,0,7452.00000000,0.6455
1622408964248000,0,7649.00000000,0.6467
1622409007328000,1,7373.50141763,0.6458
1622409058843000,1,238.41060873,0.6446
1622409091589000,1,7227.12492071,0.6442
1622409135520000,0,5478.00000000,0.6438
1622409135839000,0,5478.79006059,0.6438
1622409138201000,0,5478.00000000,0.6440
1622409183234000,0,0.79006059,0.6440
1622409185331000,0,7486.28938544,0.6444
1622409185331000,0,5474.71061456,0.6444
1622409185335000,0,0.19921550,0.6444
1622409208844000,0,5473.00000000,0.6444
1622409362736000,0,0.68912418,0.6444
1622409424601000,1,7423.55218961,0.6437
1622409513314000,0,7693.00000000,0.6443
1622409513329000,0,0.71116767,0.6443
1622409746057000,0,2000.00000000,0.6435
1622409794096000,0,0.99186044,0.6435
1622409827203000,1,2495.00000000,0.6430
1622409864065000,1,7424.00000000,0.6423
1622409914679000,0,7362.00000000,0.6422
1622410047738000,0,672.18463544,0.6448
1622410105808000,0,1162.35693855,0.6454
1622410115270000,0,934.81200233,0.6462
1622410145353000,0,5460.51678467,0.6461
1622410145353000,0,5458.20292322,0.6463
1622410145353000,0,4517.76350901,0.6484
1622410160359000,1,7008.01429592,0.6452
1622410160384000,1,143.02069992,0.6452
1622410219917000,1,5680.12044756,0.6435
1622410219917000,1,7095.55030531,0.6435
1622410219934000,1,260.72797455,0.6435
1622410250798000,0,7801.00000000,0.6437
1622410544923000,1,7333.94952374,0.6438
1622410544932000,1,149.67243926,0.6438
1622410690344000,0,7626.00000000,0.6444
1622411093505000,0,750.00000000,0.6462
1622411159008000,1,7433.81325917,0.6444
1622411159017000,1,151.71047468,0.6444
1622411351058000,0,35.00000000,0.6439
1622411376800000,0,60.00000000,0.6423
1622411511577000,0,665.32954382,0.6445
1622411745790000,1,67.67300000,0.6403
1622411770352000,0,7176.00000000,0.6411
1622411797386000,1,682.32700000,0.6404
1622412013285000,1,7255.23719774,0.6391
1622412013295000,1,148.06606526,0.6391
1622412077638000,0,7395.00000000,0.6412
1622412077670000,0,0.19643194,0.6412
1622412118731000,1,2182.88220000,0.6421
1622412278273000,1,7570.70076377,0.6415
1622412433815000,1,42.44824030,0.6400
1622412433815000,1,110.35956659,0.6400
1622412433878000,0,750.00000000,0.6400
1622412434034000,0,306.25485767,0.6400
1622412484166000,0,7665.00000000,0.6404
1622412622115000,1,36.09000000,0.6390
1622412896441000,1,7162.61615940,0.6409
1622412896455000,1,146.17583999,0.6409
1622413156821000,0,36.09000000,0.6399
1622413157613000,0,7508.42743108,0.6399
1622413157683000,0,153.23321288,0.6399
1622413175049000,1,3030.09960776,0.6399
1622413802783000,1,750.00000000,0.6404
1622414026864000,0,750.00000000,0.6339
1622414414111000,0,7544.00000000,0.6349
1622414544056000,1,44.32892457,0.6364
1622415193991000,1,750.00000000,0.6376
1622415905087000,1,7491.61306280,0.6413
1622416090351000,1,66.06971692,0.6349
1622416193290000,1,7356.17840882,0.6337
1622416194192000,0,750.00000000,0.6343
1622416235768000,0,7240.00000000,0.6351
1622416702857000,0,7523.00000000,0.6352
1622416773269000,1,7732.86502153,0.6368
1622416824345000,0,7566.00000000,0.6370
1622417255699000,1,750.00000000,0.6357
1622417672392000,0,750.00000000,0.6363
1622417718316000,1,1472.00000000,0.6363
1622417904238000,0,896.00000000,0.6385
1622417904275000,0,0.99978000,0.6385
1622418022463000,1,750.00000000,0.6370
