timestamp ms,type,amount,price
1622419257133000,1,750.00000000,0.6364
1622419389609000,0,7421.00000000,0.6406
1622419450556000,0,66.06900000,0.6472
1622419450572000,0,0.00071692,0.6472
1622419464281000,0,65.66940724,0.6531
1622419507785000,1,1000.00000000,0.6490
1622419541743000,0,16000.00000000,0.6516
1622419736069000,0,65.00000000,0.6590
1622419736454000,0,0.66940724,0.6590
1622419736617000,0,600.00000000,0.6600
1622419736617000,0,927.82526349,0.6600
1622419736617000,0,304.00000000,0.6600
1622419736617000,0,5149.11205080,0.6635
1622419736617000,0,629.78940397,0.6635
1622419800551000,0,1572.25741665,0.6647
1622419849929000,0,65.66940723,0.6650
1622419849941000,0,0.00000001,0.6650
1622419854456000,0,128.29844999,0.6682
1622419925672000,1,900.00000000,0.6651
1622420212198000,1,66.06900000,0.6560
1622420212409000,1,447.48276600,0.6560
1622420251716000,0,700.82131600,0.6549
1622420394623000,1,64.29538073,0.6524
1622420542496000,0,5367.44136166,0.6510
1622421240487000,1,5459.80001368,0.6469
1622421244308000,1,5459.72623437,0.6469
1622421256048000,0,750.00000000,0.6473
1622421265858000,1,4180.47375195,0.6469
1622421265930000,1,750.00000000,0.6469
1622421384339000,1,64.88115900,0.6465
1622421409158000,0,750.00000000,0.6465
1622421547141000,1,750.00000000,0.6465
1622422152139000,1,5387.05166484,0.6556
1622422232633000,0,64.88100000,0.6590
1622422340406000,0,74.00000000,0.6573
1622422362530000,1,64.88100000,0.6569
1622422385109000,1,5376.76005183,0.6569
1622422405965000,0,750.00000000,0.6568
1622422659265000,1,5281.78336100,0.6541
1622423052848000,0,115.81074791,0.6532
1622423829627000,1,5453.88164684,0.6456
1622423829646000,1,0.00002571,0.6456
1622423829646000,1,1098.78684152,0.6456
1622424120141000,1,65.47259889,0.6407
1622424120153000,1,0.00000001,0.6407
1622424285260000,1,750.00000000,0.6405
1622424380524000,0,750.00000000,0.6426
1622424737700000,1,66.00000000,0.6349
1622424737762000,1,0.06971692,0.6349
1622424766248000,1,323.43200240,0.6338
1622424766248000,1,898.95353000,0.6338
1622424766248000,1,5555.99643229,0.6337
1622424841449000,1,255.00000000,0.6300
1622424841449000,1,495.00000000,0.6300
1622424842857000,1,176.12079366,0.6300
1622424842925000,1,254.57269891,0.6300
1622424842926000,1,648.11603123,0.6300
1622424873513000,1,66.00000000,0.6291
1622424873561000,1,0.67146771,0.6291
1622425176920000,1,280.43251666,0.6290
1622427333635000,0,750.00000000,0.6319
1622427537603000,1,750.00000000,0.6317
1622427666486000,1,298.14279550,0.6298
1622427666486000,1,119.25711819,0.6298
1622427666548000,1,0.00000001,0.6298
1622427666548000,1,749.08854702,0.6298
1622427669371000,1,92.76707476,0.6298
1622427762064000,1,45.94432292,0.6283
1622427762064000,1,298.63809895,0.6283
1622427762064000,1,114.86080729,0.6283
1622427978354000,0,1171.89624781,0.6308
1622427978354000,0,905.52351000,0.6308
1622427991610000,0,750.00000000,0.6312
1622428016252000,0,3550.00000000,0.6308
1622428028408000,1,583.07400000,0.6303
1622428031606000,1,166.92600000,0.6303
1622428032090000,1,34.95061425,0.6303
1622428035994000,1,188.29869943,0.6303
1622428058903000,0,750.00000000,0.6308
1622428082713000,0,182.85225337,0.6311
1622428082718000,0,0.00000001,0.6311
1622428134944000,1,286.20492283,0.6305
1622428134944000,1,463.79507717,0.6305
1622428137731000,1,286.20492283,0.6305
1622428137731000,1,694.42831651,0.6305
1622428158323000,1,266.74470771,0.6291
1622428158323000,1,666.86176928,0.6291
1622428158323000,1,1628.62293613,0.6291
1622428197978000,1,221.81054036,0.6292
1622428523834000,0,750.00000000,0.6313
1622428900903000,1,750.00000000,0.6332
1622429280591000,0,750.00000000,0.6353
1622429467514000,1,750.00000000,0.6350
1622429506354000,1,4250.00000000,0.6350
1622430076133000,1,5601.73437170,0.6297
1622430217737000,1,326.56158613,0.6255
1622430217755000,1,0.00000001,0.6255
1622430354276000,1,67.27888440,0.6234
1622430354377000,1,0.00000001,0.6234
1622430358199000,0,750.00000000,0.6223
1622430358663000,1,5397.83584094,0.6219
1622430361152000,0,1411.00000000,0.6223
1622430385326000,0,0.48509588,0.6223
1622431239770000,1,750.00000000,0.6283
1622431437561000,0,750.00000000,0.6323
1622431824921000,1,750.00000000,0.6336
1622432414870000,0,454.01700000,0.6330
1622432542752000,1,388.35100000,0.6280
1622432959472000,0,684.33400000,0.6294
1622433133962000,1,750.00000000,0.6275
1622433533162000,0,0.00030000,0.6330
1622433572503000,0,750.00000000,0.6332
1622433696104000,0,67.27888440,0.6355
1622433696275000,0,0.00000001,0.6355
1622434793726000,0,15250.00000000,0.6306
1622434809726000,1,852.00000000,0.6294
1622434809824000,1,0.99500583,0.6294
1622434809899000,1,887.00000000,0.6249
1622434809899000,1,2690.00000000,0.6249
1622434809899000,1,341.52440798,0.6249
1622434809899000,1,1479.31143296,0.6249
1622434929049000,1,750.00000000,0.6269
1622435228714000,0,750.00000000,0.6278
1622436904335000,1,324.82300000,0.6320
1622436908548000,1,0.00035990,0.6320
1622437577983000,0,324.82300000,0.6306
1622437844270000,1,750.00000000,0.6284
1622438276638000,0,750.00000000,0.6328
1622438726913000,0,74.48612358,0.6345
1622439156146000,1,750.00000000,0.6393
1622439300105000,0,750.00000000,0.6400
1622439332213000,1,168.95473800,0.6391
1622439505862000,1,750.00000000,0.6395
1622439544619000,0,750.00000000,0.6403
1622439608402000,1,750.00000000,0.6389
1622439622557000,0,1343.61371781,0.6393
1622439622557000,0,7131.29171698,0.6393
1622439622557000,0,3124.31846233,0.6393
1622439743088000,0,750.00000000,0.6371
1622440390680000,1,750.00000000,0.6353
1622440524237000,1,258.39094727,0.6349
1622440524237000,1,14576.04107713,0.6349
1622441039665000,0,200.00000000,0.6398
1622441042188000,0,750.00000000,0.6400
1622441052770000,0,66.00000000,0.6413
1622441076548000,0,0.67146771,0.6413
1622441379429000,0,66.00000000,0.6472
1622441445777000,1,750.00000000,0.6468
1622441489328000,0,0.06971692,0.6472
1622441958129000,0,64.22800000,0.6531
1622441960728000,0,0.00043304,0.6531
1622441999929000,0,685.77200000,0.6546
1622442099582000,1,750.00000000,0.6555
1622442202194000,0,14640.00000000,0.6569
1622442202199000,0,0.26907713,0.6569
1622442267074000,0,750.00000000,0.6555
1622442562035000,1,750.00000000,0.6547
1622442576321000,0,1311.07340539,0.6556
1622442576321000,0,3276.85639234,0.6556
1622442576321000,0,7389.94845122,0.6556
1622442576321000,0,1607.31183465,0.6556
1622442610702000,0,140.00000000,0.6548
1622442828748000,0,750.00000000,0.6551
1622442828793000,0,561.72021449,0.6551
1622442856080000,0,0.00015900,0.6590
1622443003967000,0,870.52576000,0.6607
1622443004085000,1,750.00000000,0.6607
1622443005253000,1,407.77755466,0.6607
1622443050350000,0,750.00000000,0.6613
1622443314256000,1,750.00000000,0.6617
1622443435782000,0,750.00000000,0.6635
1622443543688000,1,750.00000000,0.6632
1622443604049000,1,962.09848484,0.6610
1622443606807000,1,314.32575757,0.6602
1622443645731000,0,285.36111111,0.6636
1622443664200000,0,292.00000000,0.6634
1622443691446000,0,750.00000000,0.6642
1622443692045000,0,1249.99999999,0.6642
1622443692062000,0,0.00000001,0.6642
1622443694407000,0,64.29538072,0.6650
1622443694408000,0,0.00000001,0.6650
1622443746618000,0,65.66940723,0.6711
1622443746732000,0,0.00000001,0.6711
1622443768446000,0,667.10235770,0.6718
1622443768477000,0,611.36411770,0.6718
1622443817238000,1,100.00000000,0.6744
1622443894568000,0,251.45914099,0.6751
1622443894616000,0,0.00000001,0.6751
1622443914499000,1,1556.29189800,0.6756
1622444029895000,0,65.66940724,0.6772
1622444034341000,0,4404.56118031,0.6800
1622444035836000,0,154.99999999,0.6800
1622444035846000,0,0.00000001,0.6800
1622444055351000,0,64.35601910,0.6834
1622444055504000,0,1.31338814,0.6834
1622444221169000,1,750.00000000,0.6757
1622444224237000,0,669.20259898,0.6772
1622444224277000,0,170.93359102,0.6772
1622444410013000,0,160.00000000,0.6750
1622444578893000,0,140.00000000,0.6874
1622444588232000,0,65.66940723,0.6896
1622444588262000,0,0.00000001,0.6896
1622444715430000,0,65.66940723,0.6959
1622444715434000,0,0.00000001,0.6959
1622444728380000,0,10000.00000000,0.6986
1622444736744000,0,849.22638000,0.7015
1622444736744000,0,6791.38855408,0.7015
1622444736744000,0,2858.94111970,0.7015
1622444895003000,0,750.00000000,0.6975
1622444900911000,0,1269.34660060,0.6991
1622445017306000,1,750.00000000,0.6974
1622445090868000,1,573.04940031,0.6945
1622445133103000,0,1242.27195622,0.7015
1622445148792000,0,65.00000000,0.7022
1622445148828000,0,0.66940724,0.7022
1622445973226000,0,145.95602199,0.7034
1622445973232000,0,0.00000001,0.7034
1622445973310000,0,4997.37000000,0.7037
1622445973515000,0,145.95500000,0.7034
1622445973871000,0,0.00098522,0.7034
1622445997522000,0,65.66940723,0.7086
1622445997525000,0,0.00000001,0.7086
1622445997669000,0,160.00000000,0.7088
1622446033133000,0,176.28423576,0.7098
1622446033145000,0,888.04152181,0.7098
1622446079224000,1,599.68686869,0.7092
1622446080983000,1,962.09848485,0.7092
1622446090841000,1,305.95500000,0.7078
1622446162530000,0,750.00000000,0.7096
1622446210748000,0,180.00000000,0.7123
1622446480973000,0,2114.35373384,0.7028
1622446554144000,0,1058.00844476,0.7022
1622446704828000,1,968.74368112,0.7086
1622446705313000,1,4582.59438030,0.7086
1622446705645000,1,1113.37293689,0.7086
1622446853312000,1,280.00000000,0.7061
1622447109423000,0,1203.12433248,0.7022
1622447121445000,1,750.00000000,0.7009
1622447335300000,1,2630.69845023,0.7019
1622447436377000,0,750.00000000,0.7041
1622447845492000,0,100.00000000,0.7034
1622447923222000,0,69.00000000,0.7026
1622448010218000,0,160.00000000,0.7039
1622448077802000,0,20323.91990000,0.7020
1622448103710000,1,3172.36217860,0.7029
1622448293751000,0,119.09254700,0.6978
1622448296386000,0,679.28264000,0.6973
1622448298888000,0,570.24253600,0.6967
1622448299301000,1,60.33800000,0.6952
1622448318671000,0,97.00000000,0.6968
1622448502386000,0,139.00000000,0.6976
1622448533082000,1,689.66200000,0.6965
1622448564667000,1,0.00065654,0.6952
1622448679521000,1,5609.26850997,0.6943
1622448693570000,1,2360.00000000,0.6958
1622448838106000,1,5068.50410099,0.6958
1622448838106000,1,2099.02263496,0.6956
1622448886989000,0,69.00000000,0.6968
1622448887083000,0,69.00000000,0.6968
1622448972126000,1,372.00000000,0.6988
1622449089817000,1,5039.88855499,0.6999
1622449089817000,1,315.58371823,0.6994
1622449089817000,1,2113.53500866,0.6993
1622449116506000,0,750.00000000,0.7013
1622449150686000,0,11147.81017580,0.7022
1622449442563000,0,60.33865654,0.7086
1622449502905000,1,4980.85411393,0.7080
1622449502905000,1,4978.03950000,0.7079
1622449502905000,1,540.66243985,0.7077
1622449521208000,1,307.34830751,0.7100
1622449521208000,1,803.22616000,0.7100
1622449521208000,1,1867.57199536,0.7100
1622449531203000,1,750.00000000,0.7100
1622449742099000,1,2200.06004926,0.7079
1622449742107000,1,2782.00128409,0.7079
1622449810744000,0,160.00000000,0.7096
1622449863628000,0,147.99999999,0.7150
1622449863631000,0,0.00000001,0.7150
1622449864259000,0,65.66940723,0.7151
1622449864263000,0,0.00000001,0.7151
1622450044850000,1,3888.30081984,0.7160
1622450067283000,1,298.64189512,0.7144
1622450067283000,1,798.43619000,0.7143
1622450067283000,1,66.03441845,0.7143
1622450348992000,1,5528.98120896,0.7121
1622450428510000,0,4965.67184793,0.7119
1622450428510000,0,1982.52600306,0.7124
1622450778133000,0,461.74252800,0.7044
1622450793488000,0,118.57885800,0.7040
1622450832551000,0,676.56815800,0.7031
1622451066546000,0,133.40393462,0.7086
1622451086784000,1,312.29096650,0.7068
1622451274993000,1,911.64098773,0.7050
1622452211775000,1,804.82446000,0.7089
1622452211775000,1,366.17554000,0.7089
1622452269269000,0,750.00000000,0.7099
1622452306631000,1,173.60000029,0.7101
1622452311351000,1,750.00000000,0.7097
1622452470272000,0,750.00000000,0.7123
1622452645473000,1,750.00000000,0.7084
1622452925109000,0,750.00000000,0.7102
1622453452342000,0,35.00000000,0.7143
1622453452342000,0,105.00000000,0.7144
1622453490586000,1,29.52870891,0.7130
1622453536503000,1,750.00000000,0.7138
1622453619860000,0,68.00000000,0.7154
1622453645979000,1,1408.10312023,0.7153
1622453742498000,0,76.00000000,0.7137
1622453978459000,0,673.83789100,0.7089
1622454025119000,1,100.00000000,0.7092
1622454104609000,0,118.21963100,0.7081
1622454114728000,0,118.23145400,0.7078
1622454120566000,0,384.00407106,0.7074
1622454424242000,0,683.00000000,0.7092
1622454732788000,0,2079.00000000,0.7039
1622454976940000,0,309.00000000,0.7047
1622455013401000,0,2062.00000000,0.7045
1622455140755000,1,50.00000000,0.7038
1622455155359000,1,600.00000000,0.7030
1622455372305000,0,37.94103741,0.7075
1622455398417000,0,266.40934840,0.7096
1622455423217000,1,383.98916818,0.7069
1622455484190000,1,287.99187614,0.7087
1622455569652000,0,300.00000000,0.7103
1622455820829000,1,50.00000000,0.7087
1622455929822000,0,805.76337999,0.7111
1622455929841000,0,0.00000001,0.7111
1622456077763000,0,450.00000000,0.7131
1622456126083000,1,4945.76690731,0.7128
1622456126083000,1,800.35119000,0.7125
1622456126083000,1,6628.02077843,0.7125
1622456126083000,1,4948.40713488,0.7124
1622456126083000,1,804.96661972,0.7111
1622456126083000,1,152.54957538,0.7093
1622456349095000,0,11360.00000000,0.7113
1622457379045000,0,4961.85314016,0.7124
1622457379047000,0,2000.18183022,0.7124
1622457379047000,0,4950.14400000,0.7125
1622457438485000,0,807.06030000,0.7128
1622457438485000,0,7105.18963678,0.7128
1622457440264000,1,6741.40515693,0.7123
1622457657700000,0,145.68344214,0.7137
1622457908807000,0,37.94103740,0.7150
1622458005091000,1,563.32220752,0.7127
1622458255475000,1,750.00000000,0.7133
1622458482301000,1,800.73570617,0.7121
1622458534962000,0,149.50800000,0.7132
1622458538264000,1,1824.85804416,0.7127
1622458563887000,0,0.00021444,0.7132
1622458571432000,0,600.49200000,0.7144
1622458635550000,0,667.40686555,0.7200
1622458635569000,0,332.59313445,0.7200
1622458636795000,0,65.66940724,0.7216
1622458668799000,0,607.28625822,0.7220
1622458721862000,0,1854.59936521,0.7245
1622458721862000,0,801.87939000,0.7245
1622458721862000,0,1434.54426054,0.7245
1622458809606000,0,140.00000000,0.7256
1622458871560000,0,65.66940724,0.7282
1622458874623000,1,669.97463900,0.7277
1622458876400000,1,775.76010800,0.7277
1622458887460000,1,117.38308200,0.7278
1622458923080000,1,100.00000000,0.7250
1622458924388000,1,514.93900000,0.7249
1622458937637000,1,190.99390710,0.7234
1622458971624000,0,100.00000000,0.7225
1622459003929000,1,235.06100000,0.7212
1622459039459000,1,6004.53694140,0.7192
1622459359106000,0,750.00000000,0.7198
1622459399999000,0,403.00000000,0.7206
1622459589419000,0,130.00000000,0.7209
1622459638551000,0,201.00000000,0.7214
1622459669428000,0,470.00000000,0.7214
1622459760771000,0,100.00000000,0.7240
1622459791054000,1,100.00000000,0.7231
1622459865742000,1,275.69000000,0.7219
1622459865868000,1,0.00057712,0.7219
1622459940472000,0,669.06651200,0.7189
1622459956878000,1,4091.02301575,0.7194
1622460027631000,1,474.31000000,0.7175
1622460029698000,0,117.40251900,0.7182
1622460152558000,0,100.00000000,0.7187
1622460167575000,0,913.43562593,0.7187
1622460167625000,0,750.00000000,0.7187
1622460220865000,0,6915.00000000,0.7202
1622460280981000,1,750.00000000,0.7191
1622460318219000,0,100.00000000,0.7199
1622460339615000,1,913.43562593,0.7176
1622460386987000,0,258.00000000,0.7178
1622460566703000,0,67.00000000,0.7183
1622460579877000,1,1697.35910344,0.7173
1622460602584000,0,750.00000000,0.7189
1622460667940000,0,100.00000000,0.7225
1622460894878000,0,67.00000000,0.7209
1622461285105000,1,750.00000000,0.7180
1622461346755000,0,117.52767400,0.7166
1622461395587000,1,58.71856606,0.7143
1622461405684000,1,262.69705014,0.7119
1622461458456000,0,351.35224189,0.7150
1622461520346000,0,339.00000000,0.7147
1622461693993000,0,701.54508006,0.7113
1622461699922000,0,919.28058695,0.7121
1622461861961000,0,750.00000000,0.7127
1622461938396000,0,208.82533264,0.7147
1622462129375000,1,919.28058695,0.7130
1622462264713000,1,750.00000000,0.7107
1622462907639000,0,887.00000000,0.7201
1622462908165000,0,1961.92029329,0.7203
1622462908165000,0,11400.00000000,0.7204
1622463087520000,1,800.00000000,0.7151
1622463449971000,1,500.00000000,0.7151
1622463556164000,0,413.00000000,0.7180
1622463705138000,0,4915.11893152,0.7185
1622463705138000,0,795.57255000,0.7191
1622463705138000,0,3309.95512030,0.7192
1622464117963000,1,400.00000000,0.7151
1622464224177000,0,657.05256975,0.7150
1622464235887000,1,800.00000000,0.7141
1622464456716000,1,800.00000000,0.7110
1622464909451000,1,16000.00000000,0.7090
1622464994006000,1,59.25358528,0.7079
1622465016607000,0,6014.56226259,0.7056
1622465697532000,1,3699.34627907,0.7078
1622465697536000,1,1280.05035093,0.7078
1622465898155000,1,97.62830372,0.7069
1622465999373000,1,6979.06850146,0.7080
1622466029531000,0,146.99421745,0.7108
1622466235414000,1,235.30133261,0.7100
1622466368720000,1,7171.10266482,0.7072
1622466387696000,1,272.90432677,0.7056
1622466461831000,1,5001.66791884,0.7050
1622466461917000,0,750.00000000,0.7050
1622466462065000,0,9248.33208116,0.7050
1622466662211000,1,224.26232166,0.7069
1622466954487000,0,250.00000000,0.7100
1622467001780000,0,7213.34158903,0.7116
1622467147071000,1,6644.94799050,0.7122
1622467950637000,1,50.00000000,0.7130
1622467966870000,1,1000.00000000,0.7120
1622468573818000,1,750.00000000,0.7090
1622468574254000,1,1983.20874471,0.7090
1622468645831000,1,50.00000000,0.7086
1622468646319000,1,50.00000000,0.7085
1622468652490000,1,30.00000000,0.7078
1622468707355000,1,50.00000000,0.7055
1622468712729000,1,299.99999999,0.7051
1622468712876000,1,0.00000001,0.7051
1622468866041000,1,50.00000000,0.7066
1622469036487000,0,155.05711864,0.7080
1622469807992000,0,50.00000000,0.7070
1622469837454000,0,50.00000000,0.7068
1622469853681000,1,50.00000000,0.7052
1622469875020000,1,50.00000000,0.7050
1622469947813000,0,1224.00678762,0.7039
1622469958942000,0,850.24858228,0.7054
1622470056838000,1,50.00000000,0.7043
1622470056918000,1,50.00000000,0.7041
1622470071990000,1,50.00000000,0.7027
1622470078960000,1,50.00000000,0.7022
1622470082572000,1,1000.00000000,0.7020
1622470082789000,1,59.79332927,0.7015
1622470082789000,1,299.99836355,0.7012
1622470082789000,1,640.20830718,0.7010
1622470086329000,1,359.79169281,0.7010
1622470086336000,1,0.00000001,0.7010
1622470088502000,1,2000.00000000,0.7000
1622470088502000,1,1321.67465463,0.7000
1622470137257000,1,2822.97650170,0.6961
1622470631225000,1,50.00000000,0.6990
1622470668690000,0,750.00000000,0.6997
1622470884966000,1,50.00000000,0.6975
1622470904062000,1,750.00000000,0.6962
1622470987600000,1,50.00000000,0.6961
1622470989575000,1,50.00000000,0.6957
1622470990769000,1,100.00000000,0.6952
1622470991272000,1,60.33865653,0.6952
1622470991277000,1,0.00000001,0.6952
1622471013298000,1,50.00000000,0.6927
1622471016455000,1,8000.00000000,0.6913
1622471225575000,1,50.00000000,0.6915
1622471271098000,0,720.86548160,0.6919
1622471640793000,1,50.00000000,0.6939
1622471641271000,1,50.00000000,0.6938
1622471670400000,1,50.00000000,0.6933
1622471676078000,1,50.00000000,0.6928
1622471700611000,1,54.31696666,0.6914
1622473066910000,1,7209.63190469,0.6989
1622473066997000,1,40.00000000,0.6980
1622473066997000,1,1904.20012882,0.6977
1622473203625000,1,5039.61954175,0.6981
1622473203625000,1,5025.85210000,0.6981
1622473203625000,1,6364.09677448,0.6981
1622473205232000,0,750.00000000,0.6993
1622473314496000,0,6950.41971176,0.7002
1622473744099000,0,71.00000000,0.7026
1622474140664000,0,4889.95587672,0.7051
1622474284004000,0,59.19170861,0.7086
1622474284017000,0,0.00000001,0.7086
1622474432908000,1,2627.55922304,0.7086
1622474584002000,0,200.00000000,0.7120
1622474645883000,0,499.99999999,0.7140
1622474645889000,0,0.00000001,0.7140
1622474770899000,1,1970.66941728,0.7106
1622474832693000,0,149.31014651,0.7112
1622474983614000,1,2835.00000000,0.7102
1622475009536000,0,15389.62172332,0.7114
1622475009551000,0,314.07391272,0.7114
1622475009551000,0,21019.60620000,0.7114
1622475057503000,0,680.00000000,0.7118
1622475163253000,1,300.00000000,0.7080
1622475309808000,0,76.64369076,0.7112
1622475439060000,0,99.99999999,0.7145
1622475439103000,0,0.00000001,0.7145
1622475445166000,0,59.79332927,0.7151
1622475448290000,0,99.99999999,0.7165
1622475448301000,0,0.00000001,0.7165
1622475471429000,0,4179.93982172,0.7169
1622475529913000,1,798.11246000,0.7130
1622475529913000,1,679.88960296,0.7130
1622475662242000,1,30.00000000,0.7122
1622475668703000,1,600.00000000,0.7105
1622475738521000,0,8760.00000000,0.7138
1622476096687000,0,100.00000000,0.7135
1622476443302000,0,585.86810000,0.7122
1622476466602000,0,500.00000000,0.7120
1622476785562000,0,50.00000000,0.7149
1622476823990000,0,100.00000000,0.7161
1622476958069000,1,4948.65382929,0.7111
1622476958069000,1,4950.82408728,0.7107
1622476958069000,1,292.90246215,0.7102
1622476958116000,0,6914.42721693,0.7098
1622476996581000,0,100.00000000,0.7169
1622477005301000,0,300.00000000,0.7190
1622477006695000,0,75.82316538,0.7200
1622477006695000,0,2835.00000000,0.7200
1622477078123000,0,7237.77755615,0.7191
1622477327911000,0,322.00000000,0.7157
1622477340675000,1,399.00000000,0.7151
1622477391165000,0,10800.00000000,0.7139
1622477669951000,0,25320.00000000,0.7157
1622477775176000,0,100.00000000,0.7200
1622477845778000,0,65.79752756,0.7183
1622478142686000,1,750.00000000,0.7177
1622478746722000,0,8160.00000000,0.7127
1622479018577000,1,77.25000000,0.7090
1622479217265000,1,750.00000000,0.7062
1622479342821000,0,750.00000000,0.7059
1622479343371000,0,10770.00000000,0.7059
1622479343887000,0,32680.00000000,0.7060
1622480028954000,1,750.00000000,0.7060
1622480092201000,1,790.89879903,0.7072
1622480310698000,0,750.00000000,0.7087
1622480313374000,0,28840.00000000,0.7088
1622480469765000,1,750.00000000,0.7078
1622480517722000,1,75.82316538,0.7061
1622480587872000,1,291.55766270,0.7043
1622480587880000,1,0.00000001,0.7043
1622480589305000,1,99.99999999,0.7029
1622480589309000,1,0.00000001,0.7029
1622480617335000,1,720.86548160,0.7030
1622480644973000,1,59.79332927,0.7015
1622480648293000,1,555.36376604,0.7010
1622480658296000,0,138.00000000,0.7012
1622480784049000,1,200.00000000,0.7020
1622480950625000,1,100.00000000,0.7010
1622481020245000,1,1007.49854556,0.7017
1622481020301000,1,449.60884245,0.7017
1622481020335000,1,10855.30516598,0.7017
1622481236204000,0,67.18266975,0.7035
1622481455928000,1,50.00000000,0.6990
1622481491759000,1,40.00000000,0.6981
1622481492602000,1,400.00000000,0.6980
1622481526252000,1,40.00000000,0.6960
1622481526252000,1,325.73226715,0.6957
1622481526252000,1,5052.84058069,0.6957
1622481526252000,1,814.48783330,0.6955
1622481526252000,1,2118.06406914,0.6955
1622481526252000,1,500.00000000,0.6955
1622481541949000,0,1237.81907027,0.6959
1622481541949000,0,696.77618531,0.6959
1622481541980000,0,1847.73000710,0.6959
1622481561763000,1,60.33865654,0.6952
1622481562375000,1,40.00000000,0.6950
1622481590390000,1,348.13921058,0.6947
1622481590390000,1,819.12548000,0.6947
1622481590390000,1,7326.19435372,0.6947
1622481590390000,1,5062.91878117,0.6946
1622481590390000,1,778.81225813,0.6942
1622481907962000,1,39.99999999,0.6980
1622481907964000,1,0.00000001,0.6980
1622481949491000,0,750.00000000,0.6988
1622482054835000,1,50.00000000,0.6970
1622482092938000,1,50.00000000,0.6960
1622482098967000,1,650.00000000,0.6950
1622482099463000,1,50.00000000,0.6950
1622482123375000,1,71.33640000,0.6958
1622482327974000,0,750.00000000,0.6982
1622482328247000,0,11410.00000000,0.6982
1622482328538000,0,16208.00000000,0.6986
1622482328773000,0,18952.00000000,0.6986
1622482450153000,1,40.00000000,0.6975
1622482451168000,1,50.00000000,0.6970
1622482491731000,1,999.99999999,0.6960
1622482491738000,1,0.00000001,0.6960
1622482857613000,1,685.06782930,0.6976
1622483505532000,1,660.00000000,0.6994
1622483530343000,1,100.69379261,0.7000
1622483821906000,1,76.34285714,0.7000
1622483821906000,1,23.65714286,0.6998
1622484094310000,0,5029.02045998,0.7009
1622484094310000,0,5091.25292601,0.7012
1622484405164000,1,40.00000000,0.6985
1622484414816000,1,40.00000000,0.6980
1622484461980000,1,40.00000000,0.6970
1622484932904000,0,37.18854594,0.6980
1622485123545000,1,7361.21373659,0.6954
1622485162117000,0,750.00000000,0.6966
1622485211689000,0,997.26158926,0.6975
1622485338570000,1,32.72900000,0.6960
1622485345684000,1,0.00088505,0.6960
1622485346999000,1,40.00000000,0.6951
1622485513188000,0,6805.00000000,0.6979
1622486041975000,1,200.00000000,0.6950
1622486051986000,1,40.00000000,0.6940
1622486054279000,1,437.27100000,0.6934
1622486198422000,0,68.16909696,0.6933
1622486238617000,1,2000.00000000,0.6925
1622486241262000,1,500.00000000,0.6920
1622486241262000,1,199.99999999,0.6920
1622486241346000,1,0.00000001,0.6920
1622486344605000,0,750.00000000,0.6935
1622486344713000,0,31690.00000000,0.6935
1622486410238000,0,418.00000000,0.6947
1622486524800000,0,209.00000000,0.6935
1622486787618000,1,862.72017944,0.6923
1622486847044000,1,40.00000000,0.6920
1622486918034000,1,710.00000000,0.6915
1622486932574000,1,40.00000000,0.6910
1622487002903000,0,750.00000000,0.6916
1622487003216000,0,276.92511100,0.6916
1622487003235000,0,818.37848900,0.6916
1622487136246000,1,750.00000000,0.6921
1622487718416000,1,818.81522000,0.6951
1622487718416000,1,4939.90194703,0.6951
1622487840334000,0,142.92022521,0.6962
1622487869320000,1,200.00000000,0.6950
1622488383140000,0,750.00000000,0.6966
1622488397691000,0,90.00000000,0.6969
1622488404456000,0,906.00000000,0.6970
1622489142361000,1,750.00000000,0.6970
1622489142834000,1,250.00000000,0.6970
1622489620975000,1,100.00000000,0.6950
1622489888267000,0,139.00000000,0.6970
1622489944629000,1,100.00000000,0.6950
1622490390036000,0,750.00000000,0.6989
1622491074520000,0,16000.00000000,0.6998
1622491459936000,0,1122.21281529,0.7029
1622491653175000,1,349.19900000,0.7020
1622491688230000,0,349.19900000,0.7023
1622491743901000,1,750.00000000,0.7008
1622491757282000,1,291.92611050,0.7002
1622491842033000,1,499.99999999,0.6990
1622491842052000,1,0.00000001,0.6990
1622491869052000,0,750.00000000,0.6991
1622491874822000,0,360.00000000,0.6997
1622492080856000,1,40.00000000,0.6992
1622492081938000,1,50.00000000,0.6990
1622492424840000,1,660.00000000,0.6991
1622492833644000,1,2224.95120208,0.7006
1622492833914000,1,4025.46741763,0.7006
1622492870364000,1,51.74285714,0.7000
1622493016606000,1,51.00000000,0.6990
1622493016687000,1,0.82403433,0.6990
1622493737939000,0,69.00000000,0.6986
1622494163293000,0,214.69443613,0.7018
1622494303452000,0,320.67137809,0.7010
1622494476447000,1,8339.58138029,0.6991
1622494526755000,1,7132.65714285,0.6990
1622495112391000,0,250.78590975,0.7016
1622495196926000,0,103.00000000,0.7027
1622495841361000,1,6847.30351057,0.7054
1622496791165000,0,5020.73486202,0.7022
1622496791165000,0,7282.25310483,0.7022
1622496791165000,0,1840.90797593,0.7024
1622496837870000,0,342.20498220,0.7025
1622496915982000,1,7079.70014084,0.6994
1622496915982000,1,5030.26886664,0.6993
1622496915982000,1,2033.92693522,0.6991
1622497261479000,0,750.00000000,0.7023
1622497262303000,1,4073.40155712,0.7017
1622497262331000,1,941.63108653,0.7017
1622497262936000,1,750.00000000,0.7010
1622497636868000,1,1168.00000000,0.6991
1622497889167000,0,15646.21409025,0.7044
1622497889167000,0,32720.00000000,0.7045
1622498188556000,0,750.00000000,0.7058
1622498280777000,0,217.13809463,0.7061
1622498449138000,1,750.00000000,0.7038
1622498488882000,0,750.00000000,0.7041
1622498700263000,0,60.33865654,0.7086
1622499123988000,0,790.98103465,0.7109
1622499124008000,0,462.02218607,0.7109
1622499124010000,0,6974.87100208,0.7109
1622499124047000,0,2960.33709332,0.7109
1622499124047000,0,1974.04574111,0.7109
1622499124108000,0,1972.68067863,0.7109
1622499124142000,0,1973.07055196,0.7109
1622499124198000,0,17051.99171218,0.7109
1622499124251000,0,10200.00000000,0.7110
1622499193914000,0,6577.99369268,0.7109
1622499764243000,1,150.00000000,0.7102
1622499796558000,0,10560.00000000,0.7114
1622499796558000,0,26840.00000000,0.7114
1622499797262000,0,21240.00000000,0.7118
1622500036876000,1,50.00000000,0.7132
1622500098817000,1,750.00000000,0.7135
1622500227243000,1,50.01333500,0.7124
1622500227244000,1,0.00000001,0.7124
1622500353952000,0,750.00000000,0.7121
1622500381841000,0,2786.00000000,0.7121
1622500384664000,0,12080.00000000,0.7134
1622500384664000,0,1581.57979280,0.7134
1622500541969000,1,750.00000000,0.7101
1622500564153000,1,249.00970955,0.7099
1622500564153000,1,5765.55255304,0.7099
1622500702214000,0,6734.00000000,0.7110
1622500975773000,0,750.00000000,0.7115
1622501048731000,1,359.37321551,0.7101
1622501048731000,1,640.62678449,0.7101
1622501117270000,1,470.00000000,0.7104
1622501565848000,0,6644.00000000,0.7137
1622501565851000,0,0.50118040,0.7137
1622501840228000,1,750.00000000,0.7126
1622502392667000,0,59.00000000,0.7151
1622502392787000,0,0.79332927,0.7151
1622502602944000,0,2999.00000000,0.7161
1622503043235000,0,58.00000000,0.7216
1622503045701000,0,0.12780000,0.7216
1622503099957000,1,324.55354061,0.7232
1622503099957000,1,175.44645939,0.7232
1622503186944000,1,318.87551205,0.7237
1622503186944000,1,785.79106000,0.7236
1622503186944000,1,797.18878014,0.7236
1622503186944000,1,2532.15083668,0.7236
1622503380991000,1,500.00000000,0.7220
1622503671884000,0,3169.14575765,0.7240
1622503783825000,0,750.00000000,0.7240
1622503832192000,1,750.00000000,0.7228
1622503965395000,0,45.58696139,0.7281
1622503965395000,0,58.41303861,0.7282
1622503980667000,0,0.30552745,0.7282
1622503981419000,0,1256.00000000,0.7300
1622504010142000,0,0.49750028,0.7300
1622504010142000,0,6565.32470203,0.7307
1622504074583000,0,250.00000000,0.7325
1622504166379000,1,726.80846124,0.7318
1622504214597000,0,94.14049113,0.7330
1622504308998000,1,6672.00000000,0.7310
1622504371721000,0,8491.56231869,0.7330
1622504371734000,0,173.29719018,0.7330
1622504401847000,1,1600.00000000,0.7324
1622504795791000,0,65.66940723,0.7348
1622504795792000,0,0.00000001,0.7348
1622504844979000,0,56.62430542,0.7354
1622504905698000,0,160.00000000,0.7377
1622505103449000,0,750.00000000,0.7354
1622505106354000,1,1914.41460906,0.7348
1622505106430000,1,750.00000000,0.7348
1622505119360000,0,750.00000000,0.7350
1622505138862000,1,380.61814969,0.7340
1622505316807000,1,1400.00000000,0.7317
1622505365452000,1,750.00000000,0.7328
1622505418047000,1,685.00000000,0.7311
1622505518023000,1,6542.45804453,0.7334
