timestamp ms,type,amount,price
1625356885771000,1,258.61959214,3.8700
1625357843493000,0,259.63288707,3.8500
1625358127477000,1,259.44231012,3.8500
1625358414211000,1,262.68481612,3.8100
1625358574745000,0,263.04623227,3.8000
1625358574745000,0,657.51683003,3.8000
1625359154877000,0,262.99237365,3.8000
1625359175308000,0,262.92744945,3.8000
1625359252968000,0,262.99933047,3.8000
1625359338973000,0,116.82896000,3.7900
1625360476312000,1,265.48305038,3.7700
1625360481481000,1,663.60720527,3.7700
1625360521681000,1,663.46119307,3.7700
1625360538085000,0,92.59259259,3.7800
1625360749181000,0,265.75598408,3.7600
1625360890134000,1,266.93997000,3.7400
1625360926368000,1,350.00000000,3.7300
1625361248967000,1,5.74462365,3.7200
1625362746011000,1,228.65235198,3.6800
1625362746585000,1,216.20505617,3.6800
1625362746637000,1,34.77223708,3.6800
1625362776882000,1,883.69372433,3.6800
1625362942219000,1,368.00000000,3.6600
1625362942219000,1,88.38333333,3.6600
1625363206892000,0,66.93997000,3.6900
1625363260279000,0,270.07743058,3.7000
1625363260279000,0,675.19357645,3.7000
1625363576031000,1,101.93935310,3.6900
1625363576031000,1,271.24357051,3.6900
1625364269566000,0,272.31878001,3.6700
1625364434975000,1,8.59482857,3.6800
1625365035513000,0,269.26591783,3.7200
1625365166716000,0,268.61742067,3.7200
1625365322389000,0,268.63805422,3.7200
1625365322389000,0,671.56743482,3.7200
1625365897366000,0,267.13936490,3.7400
1625365952010000,0,669.75117825,3.7300
1625365956173000,0,267.90143249,3.7300
1625366804082000,0,268.58242624,3.7200
1625366905779000,0,268.56621724,3.7200
1625368088373000,0,268.57060465,3.7200
1625368748448000,0,267.89665107,3.7300
1625371170447000,1,45.10751984,3.7000
1625373436460000,0,122.61021505,3.7200
1625373443594000,0,105.38049505,3.7200
1625374692773000,1,100.00000000,3.7200
1625375809206000,0,266.46874327,3.7500
1625376200756000,0,95.98138297,3.7600
1625376238298000,0,134.00000000,3.7600
1625376240280000,0,131.79758194,3.7600
1625376240280000,0,14.16130173,3.7600
1625376590690000,1,100.00000000,3.7600
1625376906414000,0,31.54907161,3.7700
1625377296270000,1,264.53020109,3.7800
1625377530411000,0,263.59392829,3.8000
1625377560259000,0,221.75709579,3.8100
1625377560259000,0,41.17442984,3.8100
1625377756658000,0,263.64824737,3.7900
1625379114362000,0,297.63763291,3.8100
1625379114362000,0,368.00000000,3.8100
1625379114362000,0,1709.02891526,3.8100
1625379114362000,0,386.23700000,3.8100
1625379114362000,0,376.32595628,3.8100
1625379114362000,0,186.50629000,3.8100
1625379114362000,0,135.32864843,3.8100
1625379114362000,0,221.64250692,3.8100
1625379114362000,0,657.41843018,3.8100
1625379114362000,0,262.84995225,3.8100
1625379114362000,0,1155.00000000,3.8100
1625379114362000,0,554.39273946,3.8200
1625379114362000,0,308.82688669,3.8200
1625379114362000,0,12123.00000000,3.8200
1625379114362000,0,96.56937495,3.8200
1625379308616000,1,1221.00000000,3.8100
1625379308616000,1,368.00000000,3.8100
1625379457672000,0,318.57470697,3.8200
1625379457915000,0,493.48611597,3.8200
1625379457997000,0,162.25582114,3.8200
1625379457997000,0,41.27829862,3.8200
1625379458011000,0,129.65298505,3.8200
1625379458052000,0,91.30005544,3.8200
1625379498862000,1,368.00000000,3.8200
1625379498862000,1,1221.00000000,3.8200
1625379663180000,1,368.00000000,3.8300
1625379663180000,1,1221.00000000,3.8300
1625379869123000,0,100.00000000,3.8300
1625380440303000,0,27.52863449,3.8400
1625380629761000,1,368.00000000,3.8400
1625380629761000,1,1221.00000000,3.8400
1625381928457000,1,260.61368644,3.8400
1625382070854000,0,219.49238823,3.8400
1625382070854000,0,260.25536053,3.8400
1625382070854000,0,650.74275669,3.8400
1625382070920000,1,219.49238823,3.8400
1625382070959000,1,393.53403340,3.8400
1625382122658000,0,219.50654429,3.8400
1625382122734000,1,41.11937532,3.8400
1625382149769000,1,260.59795977,3.8400
1625382149769000,1,651.44248456,3.8400
1625382154474000,1,391.24011984,3.8400
1625382157954000,0,219.51782382,3.8400
1625382158054000,1,41.10809579,3.8400
1625382291721000,0,260.21966797,3.8400
1625382291721000,0,219.52802465,3.8400
1625382291721000,0,520.25230738,3.8400
1625382360863000,0,130.53007631,3.8400
1625382360863000,0,180.44648619,3.8400
1625383205523000,1,10.45089839,3.8300
1625383450454000,0,30.00000000,3.8400
1625383543766000,0,5.67500000,3.8500
1625383543766000,0,372.51385900,3.8500
1625383554746000,0,12.79220779,3.8600
1625383580239000,0,1023.63212435,3.8600
1625383777233000,1,154.50856428,3.8500
1625384760301000,1,15.79982417,3.8300
1625385322684000,1,31.35269518,3.8300
1625386002365000,1,4410.42834600,3.8200
1625386003254000,1,3985.15018803,3.8200
1625386431528000,0,220.64407096,3.8200
1625386431528000,0,40.50776150,3.8200
1625386545220000,0,221.13754491,3.8200
1625386545220000,0,220.64407096,3.8200
1625386545220000,0,185.17985000,3.8200
1625386545220000,0,654.30261675,3.8200
1625386545220000,0,291.29800920,3.8300
1625386545220000,0,308.24858810,3.8300
1625386545220000,0,356.06572522,3.8300
1625386545220000,0,551.53612280,3.8300
1625386545220000,0,1939.73496607,3.8300
1625386545220000,0,386.23700000,3.8300
1625386545220000,0,437.00000000,3.8300
1625386545220000,0,208.56919811,3.8300
1625386583918000,1,368.00000000,3.8100
1625386586726000,1,262.66086240,3.8100
1625386587376000,1,656.63020965,3.8100
1625386674693000,0,262.07349081,3.8100
1625386704008000,0,0.39017433,3.8100
1625386704008000,0,6.13738472,3.8100
1625387500543000,0,264.24375057,3.7900
1625387571000000,0,263.61445012,3.7900
1625387638719000,0,263.66477896,3.7900
1625387657139000,0,263.64711488,3.7900
1625387822794000,0,262.92761612,3.8000
1625389186664000,0,263.07080043,3.8000
1625389186664000,0,199.39945475,3.8000
1625389186664000,0,609.51921850,3.8000
1625389187872000,0,199.39945475,3.8000
1625389561245000,1,368.00000000,3.7900
1625389561245000,1,263.39223412,3.7900
1625389561245000,1,659.65843209,3.7900
1625389782149000,0,0.46833978,3.7900
1625390043272000,0,132.00000000,3.8000
1625390336461000,0,177.22148276,3.8000
1625390336461000,0,263.09606131,3.8000
1625390336461000,0,657.74015328,3.8000
1625390336461000,0,214.01594490,3.8100
1625390480583000,1,145.28023599,3.7800
1625391108766000,1,368.00000000,3.7700
1625391128903000,1,368.00000000,3.7600
1625391133290000,1,266.18334611,3.7600
1625391169743000,1,266.90231726,3.7500
1625391170116000,1,310.97656250,3.7400
1625391214349000,0,26.73796791,3.7600
1625391273034000,1,266.19585985,3.7600
1625391279565000,1,266.19049667,3.7600
1625391455168000,1,266.19464293,3.7600
1625393367583000,1,156.26464779,3.7700
1625393367669000,1,211.73535221,3.7700
1625393575999000,0,156.18708330,3.7800
1625393575999000,0,114.68857807,3.7800
1625393619289000,0,41.90211640,3.7800
1625393881735000,0,25.00529100,3.7800
1625393924682000,1,368.00000000,3.7700
1625394389499000,0,147.39285714,3.7800
1625395769320000,0,386.23700000,3.7900
1625395769320000,0,1020.83687862,3.7900
1625396489303000,0,100.06052631,3.7900
1625396634623000,0,24.93931398,3.7900
1625397920409000,1,50.00000000,3.7800
1625398219934000,1,0.42309639,3.7900
1625398219934000,1,659.84576440,3.7900
1625398440557000,1,61.99442896,3.7900
1625398449224000,0,262.96050636,3.8000
1625398477903000,1,26.73796791,3.8000
1625398680498000,1,13.18834516,3.8000
1625399711365000,1,262.00655522,3.8200
1625400840351000,1,127.27040816,3.7700
1625400873127000,1,264.78922868,3.7800
1625401098094000,1,265.48053511,3.7700
1625401242424000,1,0.45221656,3.7700
1625403072862000,1,200.00000000,3.7600
1625403089681000,0,26.59574468,3.7700
1625403477222000,1,0.43530236,3.7300
1625403477222000,1,225.34559425,3.7300
1625403477222000,1,5.81451612,3.7200
1625403477222000,1,285.29202481,3.7200
1625403477222000,1,358.60608214,3.7200
1625403477222000,1,148.13860467,3.7200
1625403555830000,1,267.89575565,3.7300
1625403600294000,1,7.23964514,3.7300
1625404231168000,1,266.84281016,3.7500
1625404231168000,1,667.10702540,3.7500
1625404231168000,1,188.79056000,3.7500
1625404231168000,1,224.03437899,3.7500
1625404231168000,1,1029.00000000,3.7500
1625404231168000,1,1734.00848447,3.7500
1625404231168000,1,224.28911734,3.7400
1625404231168000,1,368.00000000,3.7400
1625404231168000,1,1221.00000000,3.7400
1625404231168000,1,368.01005120,3.7400
1625404231168000,1,298.90857767,3.7400
1625404231168000,1,333.00000000,3.7400
1625404231168000,1,5953.24620000,3.7400
1625404231168000,1,386.23700000,3.7400
1625404231168000,1,784.52596463,3.7300
1625404231168000,1,302.58264697,3.7300
1625404231168000,1,4489.18151650,3.7300
1625405052932000,0,7.92225201,3.7800
1625406012697000,1,213.13454365,3.7700
1625406589702000,1,265.46627825,3.7700
1625406724442000,1,80.83739837,3.7600
1625407787838000,1,165.28571428,3.7700
1625408195437000,0,7.63324538,3.7900
1625408548173000,0,6.56348863,3.8000
1625409140843000,1,96.61265130,3.7800
1625409141584000,1,167.53670975,3.7800
1625409141666000,1,0.00000001,3.7800
1625409211124000,0,264.31629712,3.7800
1625409225261000,0,264.31807520,3.7800
1625409762238000,0,263.67278488,3.7900
1625409882217000,0,263.49643431,3.8000
1625410153849000,1,261.18064000,3.8300
1625410181577000,1,26.59574468,3.8200
1625410714810000,1,10.47552910,3.8300
1625410764559000,0,78.75781250,3.8400
1625413194361000,0,260.79036368,3.8400
1625413203381000,0,260.20652786,3.8400
1625413230903000,0,650.69385308,3.8400
1625413993921000,0,25.91210614,3.8400
1625415043634000,1,25.78254560,3.8100
1625415043806000,1,8.75139664,3.8100
1625415451329000,1,15.71329365,3.8200
1625415508383000,0,7.73560209,3.8400
1625416210237000,0,260.36885511,3.8400
1625416210237000,0,219.23311718,3.8400
1625416210237000,0,137.57771521,3.8400
1625416229190000,0,513.28460812,3.8400
1625416229190000,0,219.23311718,3.8400
1625416229190000,0,163.76612886,3.8400
1625416719553000,0,184.53215000,3.8300
1625416719553000,0,19.33991266,3.8300
1625418064203000,1,263.39859000,3.7900
1625418064330000,1,7.00000000,3.7800
1625418069368000,0,263.86100000,3.7900
1625418890009000,1,100.00000000,3.7800
1625418903585000,0,26.45502645,3.7900
1625419965256000,1,11.12000000,3.8000
1625420266679000,0,220.39094993,3.8200
1625421343881000,0,25.71540469,3.8300
1625421378897000,1,26.45502645,3.8100
1625422109738000,0,262.30619939,3.8100
1625422237319000,1,333.99837167,3.8000
1625422263827000,1,52.23862833,3.8000
1625422263827000,1,70.76137167,3.8000
1625422927952000,1,263.37925173,3.8000
1625422927952000,1,255.59464233,3.8000
1625423360823000,0,261.71536626,3.8200
1625424254605000,0,262.23002447,3.8100
1625424254605000,0,378.38929437,3.8100
1625424254605000,0,221.00733327,3.8100
1625424254605000,0,655.96193649,3.8100
1625424254605000,0,623.00000000,3.8100
1625424254605000,0,1705.18168291,3.8100
1625424254700000,1,221.00733327,3.8100
1625424254757000,1,4423.08077759,3.8100
1625424255285000,1,4423.08793922,3.8100
1625424255914000,1,221.15523727,3.8100
1625424255914000,1,4423.10474524,3.8100
1625424256125000,1,12442.79369590,3.8100
1625424340262000,0,1705.08883460,3.8200
1625424340262000,0,655.58105232,3.8200
1625424340262000,0,132.35361074,3.8200
1625424340262000,0,386.23700000,3.8200
1625424340262000,0,374.00000000,3.8200
1625424340262000,0,262.23642874,3.8200
1625424340262000,0,185.50190000,3.8200
1625424340328000,1,9050.00000000,3.8200
1625424340355000,1,193.11900000,3.8200
1625424340367000,1,132.35361074,3.8200
1625424340370000,1,1923.52856286,3.8200
1625424351827000,1,25.65104167,3.8100
1625424354696000,0,262.23642874,3.8200
1625424354696000,0,655.42168623,3.8200
1625424354696000,0,386.23700000,3.8200
1625424354696000,0,132.43882945,3.8200
1625424354696000,0,1701.30472581,3.8200
1625424354755000,1,193.11900000,3.8200
1625424354760000,1,4411.76421141,3.8200
1625424354802000,1,110.29759595,3.8200
1625424361592000,0,223.42558746,3.8300
1625424393854000,0,74.00319559,3.8300
1625424393854000,0,3381.99018510,3.8300
1625424393854000,0,163.37070565,3.8300
1625424393854000,0,368.67390862,3.8300
1625424393854000,0,330.88402683,3.8300
1625424393854000,0,185.50190000,3.8300
1625424393854000,0,1235.00000000,3.8300
1625424393854000,0,374.00000000,3.8300
1625424393854000,0,386.23700000,3.8300
1625424393854000,0,233.25321418,3.8300
1625424393854000,0,1700.74648832,3.8300
1625424393854000,0,672.00000000,3.8300
1625424393915000,1,750.00000000,3.8300
1625424393935000,1,39.78612531,3.8300
1625424393952000,1,193.11900000,3.8300
1625424393953000,1,90.99800000,3.8300
1625424393974000,1,275.77173104,3.8300
1625424394035000,1,17444.00000000,3.8300
1625424394109000,1,577.44684562,3.8300
1625424394346000,1,522.49696307,3.8300
1625424394553000,1,90.99800000,3.8300
1625424395049000,1,22.02400505,3.8300
1625424425548000,0,261.16011921,3.8300
1625424425548000,0,652.85399834,3.8300
1625424425548000,0,386.23700000,3.8400
1625424425548000,0,374.00000000,3.8400
1625424425548000,0,1235.00000000,3.8400
1625424425548000,0,2042.72207180,3.8400
1625424425548000,0,72.37270565,3.8400
1625424425548000,0,311.94963099,3.8400
1625424425548000,0,185.50190000,3.8400
1625424425548000,0,1696.19402994,3.8400
1625424425548000,0,21.99311643,3.8400
1625424425548000,0,350.00000000,3.8400
1625424425596000,1,577.44684562,3.8400
1625424425599000,1,750.00000000,3.8400
1625424425670000,1,21.99715016,3.8400
1625424425715000,1,46.87500000,3.8400
1625424425726000,1,337.16378513,3.8400
1625424425750000,1,90.99800000,3.8400
1625424425882000,1,390.71420200,3.8400
1625424425963000,1,193.11900000,3.8400
1625424426737000,1,21.97838186,3.8400
1625424427818000,1,21.97077637,3.8400
1625424428953000,1,21.96249006,3.8400
1625424430053000,1,21.96249006,3.8400
1625424436276000,1,21.94851564,3.8400
1625424437380000,1,21.94941148,3.8400
1625424438570000,1,21.94941148,3.8400
1625424439818000,1,21.94941148,3.8400
1625424442213000,1,21.95006141,3.8400
1625424444378000,1,21.94953899,3.8400
1625424460753000,1,21.93940605,3.8400
1625424490391000,0,260.52187578,3.8400
1625424490391000,0,651.03491652,3.8400
1625424525916000,0,650.62462638,3.8400
1625424559019000,0,330.30614062,3.8500
1625424559019000,0,172.37818699,3.8500
1625424559019000,0,5.74400000,3.8500
1625424559019000,0,139.45712475,3.8500
1625424559019000,0,21.92908431,3.8500
1625424559019000,0,1559.86045748,3.8500
1625424559019000,0,371.65841302,3.8500
1625424559019000,0,614.50467281,3.8500
1625424559019000,0,245.76992514,3.8500
1625424559019000,0,987.00000000,3.8500
1625424559093000,1,155.84415584,3.8500
1625424559139000,1,21.92015167,3.8500
1625424559350000,1,90.99800000,3.8500
1625424560283000,1,21.88730972,3.8500
1625424590584000,0,191.47407000,3.8500
1625424611349000,0,0.00000041,3.8500
1625424611349000,0,477.41431959,3.8500
1625424629010000,0,0.00000704,3.8500
1625424629010000,0,1142.43240520,3.8500
1625424660579000,0,500.00000000,3.8600
1625424660579000,0,386.23700000,3.8600
1625424660579000,0,374.00000000,3.8600
1625424660579000,0,14.60093373,3.8600
1625424660579000,0,21.87169740,3.8600
1625424660579000,0,351.79689986,3.8600
1625424660579000,0,1233.80413137,3.8600
1625424660579000,0,93.24326664,3.8600
1625424660579000,0,1235.00000000,3.8600
1625424660579000,0,93.24326664,3.8600
1625424660579000,0,977.92562502,3.8600
1625424660579000,0,840.00000000,3.8600
1625424660579000,0,150.56323161,3.8600
1625424660579000,0,376.25556835,3.8600
1625424660627000,1,54.51553886,3.8600
1625424660701000,1,21.86957424,3.8600
1625424660748000,1,3275.07326628,3.8600
1625424660840000,1,171.67005688,3.8500
1625424679610000,0,21.86356877,3.8600
1625424679610000,0,743.66202595,3.8600
1625424679610000,0,286.09023803,3.8600
1625424679610000,0,114.43101025,3.8600
1625424679722000,1,21.86356877,3.8600
1625424680802000,1,21.84009679,3.8600
1625424682315000,0,54.67924349,3.8700
1625424682315000,0,114.43101025,3.8700
1625424682315000,0,133.47563844,3.8700
1625424682315000,0,88.81764433,3.8700
1625424682315000,0,221.85406349,3.8700
1625424687463000,0,78.98253738,3.8700
1625424687463000,0,197.35009289,3.8700
1625424687463000,0,513.11022973,3.8700
1625424689335000,0,56.08722129,3.8700
1625424689335000,0,140.17769662,3.8700
1625424690975000,0,0.00000001,3.8700
1625424690975000,0,364.46200999,3.8700
1625424692515000,0,43.48886438,3.8700
1625424692515000,0,108.64524811,3.8700
1625424692515000,0,282.45948751,3.8700
1625424696279000,0,40.80800592,3.8700
1625424697936000,0,0.00000001,3.8700
1625424697936000,0,101.90372999,3.8700
1625424714653000,0,21.81328175,3.8800
1625424714653000,0,264.12764799,3.8800
1625424714653000,0,93.56772432,3.8800
1625424714653000,0,37.52254374,3.8800
1625424714653000,0,1112.99998220,3.8800
1625424720344000,1,2300.00000000,3.8700
1625424720397000,1,1950.00000000,3.8700
1625424720455000,1,700.00000000,3.8700
1625424720520000,1,21.78525317,3.8700
1625424720977000,1,119.42396714,3.8700
1625424721049000,1,9908.79077969,3.8700
1625424721050000,1,190.16939447,3.8600
1625424721071000,1,22.02232875,3.8600
1625424721109000,1,70.74542733,3.8600
1625424721166000,1,26.65621106,3.8600
1625424721210000,1,22.06688752,3.8600
1625424721375000,1,48.67853981,3.8600
1625424739523000,0,180.47287038,3.8700
1625424739523000,0,27.78578537,3.8700
1625424739523000,0,69.46446341,3.8700
1625424743705000,0,745.21769535,3.8800
1625424743705000,0,21.77376417,3.8800
1625424743705000,0,38.19019751,3.8800
1625424743705000,0,15.28697385,3.8800
1625424743705000,0,99.29448912,3.8800
1625424758175000,0,29.53073427,3.8800
1625424758175000,0,11.81229371,3.8800
1625424758175000,0,76.77990910,3.8800
1625424772431000,1,21.72066959,3.8800
1625424773526000,1,21.72066959,3.8800
1625424774688000,1,21.72066959,3.8800
1625424775823000,1,21.71517486,3.8800
1625424776950000,1,21.71517486,3.8800
1625424778011000,1,21.71517486,3.8800
1625424779069000,1,21.71517486,3.8800
1625424780204000,1,21.71568916,3.8800
1625424784977000,1,21.71529039,3.8800
1625424786081000,1,21.71524222,3.8800
1625424788295000,1,21.71608991,3.8800
1625424789395000,1,21.71608991,3.8800
1625424790544000,1,21.71608991,3.8800
1625424791611000,1,21.71608991,3.8800
1625424792722000,1,21.71608991,3.8800
1625424793955000,1,21.71394442,3.8800
1625424795194000,1,21.71394442,3.8800
1625424796411000,1,21.71394442,3.8800
1625424861154000,0,45.13542407,3.8900
1625424861154000,0,6.55200467,3.8900
1625424861154000,0,16.38001168,3.8900
1625424861154000,0,21.66385642,3.8900
1625424861259000,1,21.66385642,3.8900
1625424862363000,1,21.66669503,3.8900
1625424863569000,1,21.66736065,3.8900
1625424864668000,1,21.66621248,3.8900
1625424865738000,1,21.66537373,3.8900
1625424867010000,1,21.66622666,3.8900
1625424868269000,1,21.66711269,3.8900
1625424869424000,1,21.66327516,3.8900
1625424870527000,1,21.66327516,3.8900
1625424871711000,1,21.66327516,3.8900
1625424872800000,1,21.66287224,3.8900
1625424873944000,1,21.66215441,3.8900
1625424875012000,1,21.66149137,3.8900
1625424934262000,0,1350.00000000,3.9000
1625424934262000,0,7.00000000,3.9000
1625424934262000,0,270.87566137,3.9000
1625424934262000,0,386.23700000,3.9000
1625424934262000,0,374.00000000,3.9000
1625424934262000,0,450.11148799,3.9000
1625424934262000,0,182.52242000,3.9000
1625424934262000,0,1141.00000000,3.9000
1625424934262000,0,32.64171507,3.9000
1625424934262000,0,12.55579254,3.9000
1625424934310000,1,50.06994558,3.9000
1625424934430000,1,353.13287452,3.9000
1625424934437000,1,389.85310293,3.9000
1625424956054000,1,351.65515321,3.8800
1625424956054000,1,216.68564611,3.8800
1625424956054000,1,182.46510000,3.8800
1625424956054000,1,257.86489715,3.8800
1625424956054000,1,398.40308215,3.8800
1625424972453000,0,17.67698389,3.8900
1625424972453000,0,44.19245972,3.8900
1625424972453000,0,114.90039527,3.8900
1625425002909000,0,21.63669696,3.9000
1625425002909000,0,374.00000000,3.9000
1625425002909000,0,182.52242000,3.9000
1625425002909000,0,1106.00000000,3.9000
1625425002909000,0,88.99340644,3.9000
1625425002909000,0,271.86733874,3.9000
1625425002909000,0,13.69092670,3.9000
1625425002909000,0,92.38229448,3.9000
1625425002909000,0,34.22731675,3.9000
1625425002909000,0,66.73781922,3.9100
1625425002909000,0,353.06032091,3.9100
1625425002909000,0,386.23700000,3.9100
1625425002909000,0,1235.00000000,3.9100
1625425002909000,0,704.00000000,3.9100
1625425002909000,0,54.09174238,3.9100
1625425002909000,0,15.55271742,3.9100
1625425003068000,0,21.63414429,3.9000
1625425003068000,0,88.99161925,3.9000
1625425003087000,1,92.38229448,3.9000
1625425003123000,1,247.46998429,3.9000
1625425003254000,1,34.25700693,3.9000
1625425003286000,1,365.26495076,3.9000
1625425003286000,1,500.00000000,3.9000
1625425023308000,0,194.61843000,3.9000
1625425024780000,0,0.00000811,3.9000
1625425024780000,0,5.21500905,3.9000
1625425024780000,0,13.03752262,3.9000
1625425024780000,0,33.89441350,3.9000
1625425024780000,0,194.63045672,3.9000
1625425026603000,0,10.12418000,3.9000
1625425026672000,0,0.00000306,3.9000
1625425026672000,0,26.32286694,3.9000
1625425028430000,0,8.04066000,3.9000
1625425028496000,0,0.00000284,3.9000
1625425028496000,0,20.90571716,3.9000
1625425044324000,1,1450.00000000,3.8900
1625425047370000,0,1057.00000000,3.9000
1625425047370000,0,194.72519153,3.9000
1625425047370000,0,182.52242000,3.9000
1625425047370000,0,140.77610530,3.9100
1625425047370000,0,1490.80787260,3.9100
1625425047370000,0,386.23700000,3.9100
1625425047370000,0,486.83128580,3.9100
1625425047370000,0,61.10012477,3.9100
1625425047558000,1,4200.00000000,3.8900
1625425077671000,1,950.00000000,3.8800
1625425080522000,0,108.39027211,3.8900
1625425080522000,0,826.00000000,3.8900
1625425080522000,0,900.44795505,3.9000
1625425080522000,0,386.23700000,3.9000
1625425080522000,0,66.73781922,3.9000
1625425080522000,0,182.52242000,3.9000
1625425080522000,0,270.97568026,3.9000
1625425080522000,0,258.68885336,3.9000
1625425185763000,0,86.96460618,3.8800
1625425185785000,0,0.00000001,3.8800
1625425537915000,1,374.00000000,3.8900
1625425537915000,1,1235.00000000,3.8900
1625425537915000,1,868.00000000,3.8900
1625425613301000,1,181.99604000,3.8900
1625425942231000,0,74.58619604,3.8700
1625425942241000,0,143.33626782,3.8700
1625426129223000,0,11.12410397,3.8800
1625426129228000,0,0.00000001,3.8800
1625426129228000,0,11.12410396,3.8800
1625426129307000,0,17.74279000,3.8800
1625426286295000,0,8.61756492,3.8800
1625426286295000,0,1.23573932,3.8800
1625426286390000,0,21.11696414,3.8800
1625426286390000,0,5.54865756,3.8800
1625426639800000,1,100.00000000,3.8700
1625427939167000,1,850.00000000,3.8500
1625428069564000,0,219.12589505,3.8500
1625428070040000,0,0.00000001,3.8500
1625428070168000,1,49.99999999,3.8500
1625429055466000,0,50.00000000,3.8400
1625429397243000,1,122.61021505,3.8300
1625429597907000,0,5.32143134,3.8300
1625430401905000,0,11.32116912,3.8500
1625430401905000,0,218.81389339,3.8500
1625430401983000,1,29.86493749,3.8500
1625430504118000,0,11.03625113,3.8600
1625430504118000,0,27.59759991,3.8600
1625430505863000,1,1.36614896,3.8600
1625430648081000,0,6.44446163,3.8600
1625430720270000,0,10.02228142,3.8700
1625430720270000,0,6.39641105,3.8800
1625430893370000,0,9.83298951,3.8700
1625430893370000,0,19.95869521,3.8700
1625431179944000,1,259.17864216,3.8600
1625431238970000,1,672.00000000,3.8400
1625431279826000,0,52.10516251,3.8400
1625431279826000,0,215.59572749,3.8400
1625431354870000,0,19.68543582,3.8400
1625431354870000,0,49.21358954,3.8400
1625431354870000,0,124.21997464,3.8400
1625431968857000,1,78.75781250,3.8300
1625432040677000,0,14.98471765,3.8400
1625432040677000,0,15.27512841,3.8400
1625432410301000,0,14.30140727,3.8400
1625432490318000,0,56.46753247,3.8500
1625432657284000,0,13.97908760,3.8500
1625432668027000,0,13.66567542,3.8500
1625433164517000,0,13.35800755,3.8400
1625433505261000,0,9.83259544,3.8600
1625433681728000,0,10.52196382,3.8700
1625434278146000,1,218.04454152,3.8600
1625434278146000,1,53.86392358,3.8600
1625434557380000,1,30.00000000,3.8500
1625434675370000,1,30.00000000,3.8600
1625435450765000,0,7.91884007,3.8900
1625435450765000,0,250.00000000,3.8900
1625435450765000,0,19.76136430,3.8900
1625435450765000,0,51.37954717,3.8900
1625435450765000,0,320.86860679,3.9000
1625435877434000,0,367.52416693,3.9000
1625435877434000,0,216.47666839,3.9000
1625435877434000,0,39.79034284,3.9000
1625435877434000,0,15.30519191,3.9000
1625435877434000,0,0.96773249,3.9000
1625436089220000,1,600.00000000,3.8800
1625436442491000,1,450.00000000,3.8800
1625436656312000,1,300.00000000,3.8800
1625436656312000,1,250.00000000,3.8800
1625436922478000,1,350.00000000,3.8800
1625436922478000,1,250.00000000,3.8800
1625437047675000,1,550.00000000,3.8700
1625437107497000,1,20.71434917,3.8700
1625437496490000,1,250.00000000,3.8800
1625437800265000,1,326.28776375,3.8700
1625437841592000,1,152.99788708,3.8700
1625437841592000,1,350.00000000,3.8700
1625437852489000,1,350.00000000,3.8700
1625437852489000,1,300.00000000,3.8700
1625437854298000,1,350.00000000,3.8700
1625438351465000,0,193.11900000,3.8700
1625438669754000,0,23.93360885,3.8700
1625438849051000,1,350.00000000,3.8600
1625438849051000,1,250.00000000,3.8600
1625438983770000,1,260.63751285,3.8400
1625438995218000,1,260.64205971,3.8400
1625438995218000,1,350.00000000,3.8400
1625439033306000,0,19.10877000,3.8300
1625439171945000,1,100.00000000,3.8400
1625439654846000,0,15.45818000,3.7900
1625440009352000,1,16.28500000,3.8000
1625442370283000,0,9.30762739,3.8500
1625442370304000,0,0.00000001,3.8500
1625442411198000,1,259.97366269,3.8500
