timestamp ms,type,amount,price
1625356885771000,1,258.61959214,3.8700
1625357843493000,0,259.63288707,3.8500
1625358127477000,1,259.44231012,3.8500
1625358414211000,1,262.68481612,3.8100
1625358574745000,0,263.04623227,3.8000
1625358574745000,0,657.51683003,3.8000
1625359154877000,0,262.99237365,3.8000
1625359175308000,0,262.92744945,3.8000
1625359252968000,0,262.99933047,3.8000
1625359338973000,0,116.82896000,3.7900
1625360476312000,1,265.48305038,3.7700
1625360481481000,1,663.60720527,3.7700
1625360521681000,1,663.46119307,3.7700
1625360538085000,0,92.59259259,3.7800
1625360749181000,0,265.75598408,3.7600
1625360890134000,1,266.93997000,3.7400
1625360926368000,1,350.00000000,3.7300
1625361248967000,1,5.74462365,3.7200
1625362746011000,1,228.65235198,3.6800
1625362746585000,1,216.20505617,3.6800
1625362746637000,1,34.77223708,3.6800
1625362776882000,1,883.69372433,3.6800
1625362942219000,1,368.00000000,3.6600
1625362942219000,1,88.38333333,3.6600
1625363206892000,0,66.93997000,3.6900
1625363260279000,0,270.07743058,3.7000
1625363260279000,0,675.19357645,3.7000
1625363576031000,1,101.93935310,3.6900
1625363576031000,1,271.24357051,3.6900
1625364269566000,0,272.31878001,3.6700
1625364434975000,1,8.59482857,3.6800
1625365035513000,0,269.26591783,3.7200
1625365166716000,0,268.61742067,3.7200
1625365322389000,0,268.63805422,3.7200
1625365322389000,0,671.56743482,3.7200
1625365897366000,0,267.13936490,3.7400
1625365952010000,0,669.75117825,3.7300
1625365956173000,0,267.90143249,3.7300
1625366804082000,0,268.58242624,3.7200
1625366905779000,0,268.56621724,3.7200
1625368088373000,0,268.57060465,3.7200
1625368748448000,0,267.89665107,3.7300
1625371170447000,1,45.10751984,3.7000
1625373436460000,0,122.61021505,3.7200
1625373443594000,0,105.38049505,3.7200
1625374692773000,1,100.00000000,3.7200
1625375809206000,0,266.46874327,3.7500
1625376200756000,0,95.98138297,3.7600
1625376238298000,0,134.00000000,3.7600
1625376240280000,0,131.79758194,3.7600
1625376240280000,0,14.16130173,3.7600
1625376590690000,1,100.00000000,3.7600
1625376906414000,0,31.54907161,3.7700
1625377296270000,1,264.53020109,3.7800
1625377530411000,0,263.59392829,3.8000
1625377560259000,0,221.75709579,3.8100
1625377560259000,0,41.17442984,3.8100
1625377756658000,0,263.64824737,3.7900
1625379114362000,0,297.63763291,3.8100
1625379114362000,0,368.00000000,3.8100
1625379114362000,0,1709.02891526,3.8100
1625379114362000,0,386.23700000,3.8100
1625379114362000,0,376.32595628,3.8100
1625379114362000,0,186.50629000,3.8100
1625379114362000,0,135.32864843,3.8100
1625379114362000,0,221.64250692,3.8100
1625379114362000,0,657.41843018,3.8100
1625379114362000,0,262.84995225,3.8100
1625379114362000,0,1155.00000000,3.8100
1625379114362000,0,554.39273946,3.8200
1625379114362000,0,308.82688669,3.8200
1625379114362000,0,12123.00000000,3.8200
1625379114362000,0,96.56937495,3.8200
1625379308616000,1,1221.00000000,3.8100
1625379308616000,1,368.00000000,3.8100
1625379457672000,0,318.57470697,3.8200
1625379457915000,0,493.48611597,3.8200
1625379457997000,0,162.25582114,3.8200
1625379457997000,0,41.27829862,3.8200
1625379458011000,0,129.65298505,3.8200
1625379458052000,0,91.30005544,3.8200
1625379498862000,1,368.00000000,3.8200
1625379498862000,1,1221.00000000,3.8200
1625379663180000,1,368.00000000,3.8300
1625379663180000,1,1221.00000000,3.8300
1625379869123000,0,100.00000000,3.8300
1625380440303000,0,27.52863449,3.8400
1625380629761000,1,368.00000000,3.8400
1625380629761000,1,1221.00000000,3.8400
1625381928457000,1,260.61368644,3.8400
1625382070854000,0,219.49238823,3.8400
1625382070854000,0,260.25536053,3.8400
1625382070854000,0,650.74275669,3.8400
1625382070920000,1,219.49238823,3.8400
1625382070959000,1,393.53403340,3.8400
1625382122658000,0,219.50654429,3.8400
1625382122734000,1,41.11937532,3.8400
1625382149769000,1,260.59795977,3.8400
1625382149769000,1,651.44248456,3.8400
1625382154474000,1,391.24011984,3.8400
1625382157954000,0,219.51782382,3.8400
1625382158054000,1,41.10809579,3.8400
1625382291721000,0,260.21966797,3.8400
1625382291721000,0,219.52802465,3.8400
1625382291721000,0,520.25230738,3.8400
1625382360863000,0,130.53007631,3.8400
1625382360863000,0,180.44648619,3.8400
1625383205523000,1,10.45089839,3.8300
1625383450454000,0,30.00000000,3.8400
1625383543766000,0,5.67500000,3.8500
1625383543766000,0,372.51385900,3.8500
1625383554746000,0,12.79220779,3.8600
1625383580239000,0,1023.63212435,3.8600
1625383777233000,1,154.50856428,3.8500
1625384760301000,1,15.79982417,3.8300
1625385322684000,1,31.35269518,3.8300
1625386002365000,1,4410.42834600,3.8200
1625386003254000,1,3985.15018803,3.8200
1625386431528000,0,220.64407096,3.8200
1625386431528000,0,40.50776150,3.8200
1625386545220000,0,221.13754491,3.8200
1625386545220000,0,220.64407096,3.8200
1625386545220000,0,185.17985000,3.8200
1625386545220000,0,654.30261675,3.8200
1625386545220000,0,291.29800920,3.8300
1625386545220000,0,308.24858810,3.8300
1625386545220000,0,356.06572522,3.8300
1625386545220000,0,551.53612280,3.8300
1625386545220000,0,1939.73496607,3.8300
1625386545220000,0,386.23700000,3.8300
1625386545220000,0,437.00000000,3.8300
1625386545220000,0,208.56919811,3.8300
1625386583918000,1,368.00000000,3.8100
1625386586726000,1,262.66086240,3.8100
1625386587376000,1,656.63020965,3.8100
1625386674693000,0,262.07349081,3.8100
1625386704008000,0,0.39017433,3.8100
1625386704008000,0,6.13738472,3.8100
1625387500543000,0,264.24375057,3.7900
1625387571000000,0,263.61445012,3.7900
1625387638719000,0,263.66477896,3.7900
1625387657139000,0,263.64711488,3.7900
1625387822794000,0,262.92761612,3.8000
1625389186664000,0,263.07080043,3.8000
1625389186664000,0,199.39945475,3.8000
1625389186664000,0,609.51921850,3.8000
1625389187872000,0,199.39945475,3.8000
1625389561245000,1,368.00000000,3.7900
1625389561245000,1,263.39223412,3.7900
1625389561245000,1,659.65843209,3.7900
1625389782149000,0,0.46833978,3.7900
1625390043272000,0,132.00000000,3.8000
1625390336461000,0,177.22148276,3.8000
1625390336461000,0,263.09606131,3.8000
1625390336461000,0,657.74015328,3.8000
1625390336461000,0,214.01594490,3.8100
1625390480583000,1,145.28023599,3.7800
1625391108766000,1,368.00000000,3.7700
1625391128903000,1,368.00000000,3.7600
1625391133290000,1,266.18334611,3.7600
1625391169743000,1,266.90231726,3.7500
1625391170116000,1,310.97656250,3.7400
1625391214349000,0,26.73796791,3.7600
1625391273034000,1,266.19585985,3.7600
1625391279565000,1,266.19049667,3.7600
1625391455168000,1,266.19464293,3.7600
1625393367583000,1,156.26464779,3.7700
1625393367669000,1,211.73535221,3.7700
1625393575999000,0,156.18708330,3.7800
1625393575999000,0,114.68857807,3.7800
1625393619289000,0,41.90211640,3.7800
1625393881735000,0,25.00529100,3.7800
1625393924682000,1,368.00000000,3.7700
1625394389499000,0,147.39285714,3.7800
1625395769320000,0,386.23700000,3.7900
1625395769320000,0,1020.83687862,3.7900
1625396489303000,0,100.06052631,3.7900
1625396634623000,0,24.93931398,3.7900
1625397920409000,1,50.00000000,3.7800
1625398219934000,1,0.42309639,3.7900
1625398219934000,1,659.84576440,3.7900
1625398440557000,1,61.99442896,3.7900
1625398449224000,0,262.96050636,3.8000
1625398477903000,1,26.73796791,3.8000
1625398680498000,1,13.18834516,3.8000
1625399711365000,1,262.00655522,3.8200
1625400840351000,1,127.27040816,3.7700
1625400873127000,1,264.78922868,3.7800
1625401098094000,1,265.48053511,3.7700
1625401242424000,1,0.45221656,3.7700
1625403072862000,1,200.00000000,3.7600
1625403089681000,0,26.59574468,3.7700
1625403477222000,1,0.43530236,3.7300
1625403477222000,1,225.34559425,3.7300
1625403477222000,1,5.81451612,3.7200
1625403477222000,1,285.29202481,3.7200
1625403477222000,1,358.60608214,3.7200
1625403477222000,1,148.13860467,3.7200
1625403555830000,1,267.89575565,3.7300
1625403600294000,1,7.23964514,3.7300
1625404231168000,1,266.84281016,3.7500
1625404231168000,1,667.10702540,3.7500
1625404231168000,1,188.79056000,3.7500
1625404231168000,1,224.03437899,3.7500
1625404231168000,1,1029.00000000,3.7500
1625404231168000,1,1734.00848447,3.7500
1625404231168000,1,224.28911734,3.7400
1625404231168000,1,368.00000000,3.7400
1625404231168000,1,1221.00000000,3.7400
1625404231168000,1,368.01005120,3.7400
1625404231168000,1,298.90857767,3.7400
1625404231168000,1,333.00000000,3.7400
1625404231168000,1,5953.24620000,3.7400
1625404231168000,1,386.23700000,3.7400
1625404231168000,1,784.52596463,3.7300
1625404231168000,1,302.58264697,3.7300
1625404231168000,1,4489.18151650,3.7300
1625405052932000,0,7.92225201,3.7800
1625406012697000,1,213.13454365,3.7700
1625406589702000,1,265.46627825,3.7700
1625406724442000,1,80.83739837,3.7600
1625407787838000,1,165.28571428,3.7700
1625408195437000,0,7.63324538,3.7900
1625408548173000,0,6.56348863,3.8000
1625409140843000,1,96.61265130,3.7800
1625409141584000,1,167.53670975,3.7800
1625409141666000,1,0.00000001,3.7800
1625409211124000,0,264.31629712,3.7800
1625409225261000,0,264.31807520,3.7800
1625409762238000,0,263.67278488,3.7900
1625409882217000,0,263.49643431,3.8000
1625410153849000,1,261.18064000,3.8300
1625410181577000,1,26.59574468,3.8200
1625410714810000,1,10.47552910,3.8300
1625410764559000,0,78.75781250,3.8400
1625413194361000,0,260.79036368,3.8400
1625413203381000,0,260.20652786,3.8400
1625413230903000,0,650.69385308,3.8400
1625413993921000,0,25.91210614,3.8400
1625415043634000,1,25.78254560,3.8100
1625415043806000,1,8.75139664,3.8100
1625415451329000,1,15.71329365,3.8200
1625415508383000,0,7.73560209,3.8400
1625416210237000,0,260.36885511,3.8400
1625416210237000,0,219.23311718,3.8400
1625416210237000,0,137.57771521,3.8400
1625416229190000,0,513.28460812,3.8400
1625416229190000,0,219.23311718,3.8400
1625416229190000,0,163.76612886,3.8400
1625416719553000,0,184.53215000,3.8300
1625416719553000,0,19.33991266,3.8300
1625418064203000,1,263.39859000,3.7900
1625418064330000,1,7.00000000,3.7800
1625418069368000,0,263.86100000,3.7900
1625418890009000,1,100.00000000,3.7800
1625418903585000,0,26.45502645,3.7900
1625419965256000,1,11.12000000,3.8000
1625420266679000,0,220.39094993,3.8200
1625421343881000,0,25.71540469,3.8300
1625421378897000,1,26.45502645,3.8100
1625422109738000,0,262.30619939,3.8100
1625422237319000,1,333.99837167,3.8000
1625422263827000,1,52.23862833,3.8000
1625422263827000,1,70.76137167,3.8000
1625422927952000,1,263.37925173,3.8000
1625422927952000,1,255.59464233,3.8000
1625423360823000,0,261.71536626,3.8200
1625424254605000,0,262.23002447,3.8100
1625424254605000,0,378.38929437,3.8100
1625424254605000,0,221.00733327,3.8100
1625424254605000,0,655.96193649,3.8100
1625424254605000,0,623.00000000,3.8100
1625424254605000,0,1705.18168291,3.8100
1625424254700000,1,221.00733327,3.8100
1625424254757000,1,4423.08077759,3.8100
1625424255285000,1,4423.08793922,3.8100
1625424255914000,1,221.15523727,3.8100
1625424255914000,1,4423.10474524,3.8100
1625424256125000,1,12442.79369590,3.8100
1625424340262000,0,1705.08883460,3.8200
1625424340262000,0,655.58105232,3.8200
1625424340262000,0,132.35361074,3.8200
1625424340262000,0,386.23700000,3.8200
1625424340262000,0,374.00000000,3.8200
1625424340262000,0,262.23642874,3.8200
1625424340262000,0,185.50190000,3.8200
1625424340328000,1,9050.00000000,3.8200
1625424340355000,1,193.11900000,3.8200
1625424340367000,1,132.35361074,3.8200
1625424340370000,1,1923.52856286,3.8200
1625424351827000,1,25.65104167,3.8100
1625424354696000,0,262.23642874,3.8200
1625424354696000,0,655.42168623,3.8200
1625424354696000,0,386.23700000,3.8200
1625424354696000,0,132.43882945,3.8200
1625424354696000,0,1701.30472581,3.8200
1625424354755000,1,193.11900000,3.8200
1625424354760000,1,4411.76421141,3.8200
1625424354802000,1,110.29759595,3.8200
1625424361592000,0,223.42558746,3.8300
1625424393854000,0,74.00319559,3.8300
1625424393854000,0,3381.99018510,3.8300
1625424393854000,0,163.37070565,3.8300
1625424393854000,0,368.67390862,3.8300
1625424393854000,0,330.88402683,3.8300
1625424393854000,0,185.50190000,3.8300
1625424393854000,0,1235.00000000,3.8300
1625424393854000,0,374.00000000,3.8300
1625424393854000,0,386.23700000,3.8300
1625424393854000,0,233.25321418,3.8300
1625424393854000,0,1700.74648832,3.8300
1625424393854000,0,672.00000000,3.8300
1625424393915000,1,750.00000000,3.8300
1625424393935000,1,39.78612531,3.8300
1625424393952000,1,193.11900000,3.8300
1625424393953000,1,90.99800000,3.8300
1625424393974000,1,275.77173104,3.8300
1625424394035000,1,17444.00000000,3.8300
1625424394109000,1,577.44684562,3.8300
1625424394346000,1,522.49696307,3.8300
1625424394553000,1,90.99800000,3.8300
1625424395049000,1,22.02400505,3.8300
1625424425548000,0,261.16011921,3.8300
1625424425548000,0,652.85399834,3.8300
1625424425548000,0,386.23700000,3.8400
1625424425548000,0,374.00000000,3.8400
1625424425548000,0,1235.00000000,3.8400
1625424425548000,0,2042.72207180,3.8400
1625424425548000,0,72.37270565,3.8400
1625424425548000,0,311.94963099,3.8400
1625424425548000,0,185.50190000,3.8400
1625424425548000,0,1696.19402994,3.8400
1625424425548000,0,21.99311643,3.8400
1625424425548000,0,350.00000000,3.8400
1625424425596000,1,577.44684562,3.8400
1625424425599000,1,750.00000000,3.8400
1625424425670000,1,21.99715016,3.8400
1625424425715000,1,46.87500000,3.8400
1625424425726000,1,337.16378513,3.8400
1625424425750000,1,90.99800000,3.8400
1625424425882000,1,390.71420200,3.8400
1625424425963000,1,193.11900000,3.8400
1625424426737000,1,21.97838186,3.8400
1625424427818000,1,21.97077637,3.8400
1625424428953000,1,21.96249006,3.8400
1625424430053000,1,21.96249006,3.8400
1625424436276000,1,21.94851564,3.8400
1625424437380000,1,21.94941148,3.8400
1625424438570000,1,21.94941148,3.8400
1625424439818000,1,21.94941148,3.8400
1625424442213000,1,21.95006141,3.8400
1625424444378000,1,21.94953899,3.8400
1625424460753000,1,21.93940605,3.8400
1625424490391000,0,260.52187578,3.8400
1625424490391000,0,651.03491652,3.8400
1625424525916000,0,650.62462638,3.8400
1625424559019000,0,330.30614062,3.8500
1625424559019000,0,172.37818699,3.8500
1625424559019000,0,5.74400000,3.8500
1625424559019000,0,139.45712475,3.8500
1625424559019000,0,21.92908431,3.8500
1625424559019000,0,1559.86045748,3.8500
1625424559019000,0,371.65841302,3.8500
1625424559019000,0,614.50467281,3.8500
1625424559019000,0,245.76992514,3.8500
1625424559019000,0,987.00000000,3.8500
1625424559093000,1,155.84415584,3.8500
1625424559139000,1,21.92015167,3.8500
1625424559350000,1,90.99800000,3.8500
1625424560283000,1,21.88730972,3.8500
1625424590584000,0,191.47407000,3.8500
1625424611349000,0,0.00000041,3.8500
1625424611349000,0,477.41431959,3.8500
1625424629010000,0,0.00000704,3.8500
1625424629010000,0,1142.43240520,3.8500
1625424660579000,0,500.00000000,3.8600
1625424660579000,0,386.23700000,3.8600
1625424660579000,0,374.00000000,3.8600
1625424660579000,0,14.60093373,3.8600
1625424660579000,0,21.87169740,3.8600
1625424660579000,0,351.79689986,3.8600
1625424660579000,0,1233.80413137,3.8600
1625424660579000,0,93.24326664,3.8600
1625424660579000,0,1235.00000000,3.8600
1625424660579000,0,93.24326664,3.8600
1625424660579000,0,977.92562502,3.8600
1625424660579000,0,840.00000000,3.8600
1625424660579000,0,150.56323161,3.8600
1625424660579000,0,376.25556835,3.8600
1625424660627000,1,54.51553886,3.8600
1625424660701000,1,21.86957424,3.8600
1625424660748000,1,3275.07326628,3.8600
1625424660840000,1,171.67005688,3.8500
1625424679610000,0,21.86356877,3.8600
1625424679610000,0,743.66202595,3.8600
1625424679610000,0,286.09023803,3.8600
1625424679610000,0,114.43101025,3.8600
1625424679722000,1,21.86356877,3.8600
1625424680802000,1,21.84009679,3.8600
1625424682315000,0,54.67924349,3.8700
1625424682315000,0,114.43101025,3.8700
1625424682315000,0,133.47563844,3.8700
1625424682315000,0,88.81764433,3.8700
1625424682315000,0,221.85406349,3.8700
1625424687463000,0,78.98253738,3.8700
1625424687463000,0,197.35009289,3.8700
1625424687463000,0,513.11022973,3.8700
1625424689335000,0,56.08722129,3.8700
1625424689335000,0,140.17769662,3.8700
1625424690975000,0,0.00000001,3.8700
1625424690975000,0,364.46200999,3.8700
1625424692515000,0,43.48886438,3.8700
1625424692515000,0,108.64524811,3.8700
1625424692515000,0,282.45948751,3.8700
1625424696279000,0,40.80800592,3.8700
1625424697936000,0,0.00000001,3.8700
1625424697936000,0,101.90372999,3.8700
1625424714653000,0,21.81328175,3.8800
1625424714653000,0,264.12764799,3.8800
1625424714653000,0,93.56772432,3.8800
1625424714653000,0,37.52254374,3.8800
1625424714653000,0,1112.99998220,3.8800
1625424720344000,1,2300.00000000,3.8700
1625424720397000,1,1950.00000000,3.8700
1625424720455000,1,700.00000000,3.8700
1625424720520000,1,21.78525317,3.8700
1625424720977000,1,119.42396714,3.8700
1625424721049000,1,9908.79077969,3.8700
1625424721050000,1,190.16939447,3.8600
1625424721071000,1,22.02232875,3.8600
1625424721109000,1,70.74542733,3.8600
1625424721166000,1,26.65621106,3.8600
1625424721210000,1,22.06688752,3.8600
1625424721375000,1,48.67853981,3.8600
1625424739523000,0,180.47287038,3.8700
1625424739523000,0,27.78578537,3.8700
1625424739523000,0,69.46446341,3.8700
1625424743705000,0,745.21769535,3.8800
1625424743705000,0,21.77376417,3.8800
1625424743705000,0,38.19019751,3.8800
1625424743705000,0,15.28697385,3.8800
1625424743705000,0,99.29448912,3.8800
1625424758175000,0,29.53073427,3.8800
1625424758175000,0,11.81229371,3.8800
1625424758175000,0,76.77990910,3.8800
1625424772431000,1,21.72066959,3.8800
1625424773526000,1,21.72066959,3.8800
1625424774688000,1,21.72066959,3.8800
1625424775823000,1,21.71517486,3.8800
1625424776950000,1,21.71517486,3.8800
1625424778011000,1,21.71517486,3.8800
1625424779069000,1,21.71517486,3.8800
1625424780204000,1,21.71568916,3.8800
1625424784977000,1,21.71529039,3.8800
1625424786081000,1,21.71524222,3.8800
1625424788295000,1,21.71608991,3.8800
1625424789395000,1,21.71608991,3.8800
1625424790544000,1,21.71608991,3.8800
1625424791611000,1,21.71608991,3.8800
1625424792722000,1,21.71608991,3.8800
1625424793955000,1,21.71394442,3.8800
1625424795194000,1,21.71394442,3.8800
1625424796411000,1,21.71394442,3.8800
1625424861154000,0,45.13542407,3.8900
1625424861154000,0,6.55200467,3.8900
1625424861154000,0,16.38001168,3.8900
1625424861154000,0,21.66385642,3.8900
1625424861259000,1,21.66385642,3.8900
1625424862363000,1,21.66669503,3.8900
1625424863569000,1,21.66736065,3.8900
1625424864668000,1,21.66621248,3.8900
1625424865738000,1,21.66537373,3.8900
1625424867010000,1,21.66622666,3.8900
1625424868269000,1,21.66711269,3.8900
1625424869424000,1,21.66327516,3.8900
1625424870527000,1,21.66327516,3.8900
1625424871711000,1,21.66327516,3.8900
1625424872800000,1,21.66287224,3.8900
1625424873944000,1,21.66215441,3.8900
1625424875012000,1,21.66149137,3.8900
1625424934262000,0,1350.00000000,3.9000
1625424934262000,0,7.00000000,3.9000
1625424934262000,0,270.87566137,3.9000
1625424934262000,0,386.23700000,3.9000
1625424934262000,0,374.00000000,3.9000
1625424934262000,0,450.11148799,3.9000
1625424934262000,0,182.52242000,3.9000
1625424934262000,0,1141.00000000,3.9000
1625424934262000,0,32.64171507,3.9000
1625424934262000,0,12.55579254,3.9000
1625424934310000,1,50.06994558,3.9000
1625424934430000,1,353.13287452,3.9000
1625424934437000,1,389.85310293,3.9000
1625424956054000,1,351.65515321,3.8800
1625424956054000,1,216.68564611,3.8800
1625424956054000,1,182.46510000,3.8800
1625424956054000,1,257.86489715,3.8800
1625424956054000,1,398.40308215,3.8800
1625424972453000,0,17.67698389,3.8900
1625424972453000,0,44.19245972,3.8900
1625424972453000,0,114.90039527,3.8900
1625425002909000,0,21.63669696,3.9000
1625425002909000,0,374.00000000,3.9000
1625425002909000,0,182.52242000,3.9000
1625425002909000,0,1106.00000000,3.9000
1625425002909000,0,88.99340644,3.9000
1625425002909000,0,271.86733874,3.9000
1625425002909000,0,13.69092670,3.9000
1625425002909000,0,92.38229448,3.9000
1625425002909000,0,34.22731675,3.9000
1625425002909000,0,66.73781922,3.9100
1625425002909000,0,353.06032091,3.9100
1625425002909000,0,386.23700000,3.9100
1625425002909000,0,1235.00000000,3.9100
1625425002909000,0,704.00000000,3.9100
1625425002909000,0,54.09174238,3.9100
1625425002909000,0,15.55271742,3.9100
1625425003068000,0,21.63414429,3.9000
1625425003068000,0,88.99161925,3.9000
1625425003087000,1,92.38229448,3.9000
1625425003123000,1,247.46998429,3.9000
1625425003254000,1,34.25700693,3.9000
1625425003286000,1,365.26495076,3.9000
1625425003286000,1,500.00000000,3.9000
1625425023308000,0,194.61843000,3.9000
1625425024780000,0,0.00000811,3.9000
1625425024780000,0,5.21500905,3.9000
1625425024780000,0,13.03752262,3.9000
1625425024780000,0,33.89441350,3.9000
1625425024780000,0,194.63045672,3.9000
1625425026603000,0,10.12418000,3.9000
1625425026672000,0,0.00000306,3.9000
1625425026672000,0,26.32286694,3.9000
1625425028430000,0,8.04066000,3.9000
1625425028496000,0,0.00000284,3.9000
1625425028496000,0,20.90571716,3.9000
1625425044324000,1,1450.00000000,3.8900
1625425047370000,0,1057.00000000,3.9000
1625425047370000,0,194.72519153,3.9000
1625425047370000,0,182.52242000,3.9000
1625425047370000,0,140.77610530,3.9100
1625425047370000,0,1490.80787260,3.9100
1625425047370000,0,386.23700000,3.9100
1625425047370000,0,486.83128580,3.9100
1625425047370000,0,61.10012477,3.9100
1625425047558000,1,4200.00000000,3.8900
1625425077671000,1,950.00000000,3.8800
1625425080522000,0,108.39027211,3.8900
1625425080522000,0,826.00000000,3.8900
1625425080522000,0,900.44795505,3.9000
1625425080522000,0,386.23700000,3.9000
1625425080522000,0,66.73781922,3.9000
1625425080522000,0,182.52242000,3.9000
1625425080522000,0,270.97568026,3.9000
1625425080522000,0,258.68885336,3.9000
1625425185763000,0,86.96460618,3.8800
1625425185785000,0,0.00000001,3.8800
1625425537915000,1,374.00000000,3.8900
1625425537915000,1,1235.00000000,3.8900
1625425537915000,1,868.00000000,3.8900
1625425613301000,1,181.99604000,3.8900
1625425942231000,0,74.58619604,3.8700
1625425942241000,0,143.33626782,3.8700
1625426129223000,0,11.12410397,3.8800
1625426129228000,0,0.00000001,3.8800
1625426129228000,0,11.12410396,3.8800
1625426129307000,0,17.74279000,3.8800
1625426286295000,0,8.61756492,3.8800
1625426286295000,0,1.23573932,3.8800
1625426286390000,0,21.11696414,3.8800
1625426286390000,0,5.54865756,3.8800
1625426639800000,1,100.00000000,3.8700
1625427939167000,1,850.00000000,3.8500
1625428069564000,0,219.12589505,3.8500
1625428070040000,0,0.00000001,3.8500
1625428070168000,1,49.99999999,3.8500
1625429055466000,0,50.00000000,3.8400
1625429397243000,1,122.61021505,3.8300
1625429597907000,0,5.32143134,3.8300
1625430401905000,0,11.32116912,3.8500
1625430401905000,0,218.81389339,3.8500
1625430401983000,1,29.86493749,3.8500
1625430504118000,0,11.03625113,3.8600
1625430504118000,0,27.59759991,3.8600
1625430505863000,1,1.36614896,3.8600
1625430648081000,0,6.44446163,3.8600
1625430720270000,0,10.02228142,3.8700
1625430720270000,0,6.39641105,3.8800
1625430893370000,0,9.83298951,3.8700
1625430893370000,0,19.95869521,3.8700
1625431179944000,1,259.17864216,3.8600
1625431238970000,1,672.00000000,3.8400
1625431279826000,0,52.10516251,3.8400
1625431279826000,0,215.59572749,3.8400
1625431354870000,0,19.68543582,3.8400
1625431354870000,0,49.21358954,3.8400
1625431354870000,0,124.21997464,3.8400
1625431968857000,1,78.75781250,3.8300
1625432040677000,0,14.98471765,3.8400
1625432040677000,0,15.27512841,3.8400
1625432410301000,0,14.30140727,3.8400
1625432490318000,0,56.46753247,3.8500
1625432657284000,0,13.97908760,3.8500
1625432668027000,0,13.66567542,3.8500
1625433164517000,0,13.35800755,3.8400
1625433505261000,0,9.83259544,3.8600
1625433681728000,0,10.52196382,3.8700
1625434278146000,1,218.04454152,3.8600
1625434278146000,1,53.86392358,3.8600
1625434557380000,1,30.00000000,3.8500
1625434675370000,1,30.00000000,3.8600
1625435450765000,0,7.91884007,3.8900
1625435450765000,0,250.00000000,3.8900
1625435450765000,0,19.76136430,3.8900
1625435450765000,0,51.37954717,3.8900
1625435450765000,0,320.86860679,3.9000
1625435877434000,0,367.52416693,3.9000
1625435877434000,0,216.47666839,3.9000
1625435877434000,0,39.79034284,3.9000
1625435877434000,0,15.30519191,3.9000
1625435877434000,0,0.96773249,3.9000
1625436089220000,1,600.00000000,3.8800
1625436442491000,1,450.00000000,3.8800
1625436656312000,1,300.00000000,3.8800
1625436656312000,1,250.00000000,3.8800
1625436922478000,1,350.00000000,3.8800
1625436922478000,1,250.00000000,3.8800
1625437047675000,1,550.00000000,3.8700
1625437107497000,1,20.71434917,3.8700
1625437496490000,1,250.00000000,3.8800
1625437800265000,1,326.28776375,3.8700
1625437841592000,1,152.99788708,3.8700
1625437841592000,1,350.00000000,3.8700
1625437852489000,1,350.00000000,3.8700
1625437852489000,1,300.00000000,3.8700
1625437854298000,1,350.00000000,3.8700
1625438351465000,0,193.11900000,3.8700
1625438669754000,0,23.93360885,3.8700
1625438849051000,1,350.00000000,3.8600
1625438849051000,1,250.00000000,3.8600
1625438983770000,1,260.63751285,3.8400
1625438995218000,1,260.64205971,3.8400
1625438995218000,1,350.00000000,3.8400
1625439033306000,0,19.10877000,3.8300
1625439171945000,1,100.00000000,3.8400
1625439654846000,0,15.45818000,3.7900
1625440009352000,1,16.28500000,3.8000
1625442370283000,0,9.30762739,3.8500
1625442370304000,0,0.00000001,3.8500
1625442411198000,1,259.97366269,3.8500
1625442414187000,1,250.84708964,3.8500
1625443277860000,0,23.81821867,3.8100
1625443337667000,1,250.00000000,3.7800
1625443790837000,0,46.41995682,3.7700
1625443790837000,0,3.58004318,3.7700
1625444017855000,0,46.89864284,3.7800
1625444118405000,0,41.29061999,3.8000
1625444341776000,1,263.50817665,3.7900
1625444455822000,1,264.09294605,3.7900
1625445430327000,0,53.44881907,3.8300
1625445787332000,1,220.28733366,3.8200
1625445787332000,1,261.34264634,3.8200
1625445892681000,0,76.68269654,3.8200
1625445998666000,1,374.00000000,3.8000
1625445998666000,1,262.74716000,3.8000
1625445998744000,1,0.00000976,3.8000
1625446005529000,0,76.46424000,3.8000
1625446022482000,0,951.43086000,3.8000
1625446033873000,1,263.23177428,3.8000
1625446215985000,1,654.81623543,3.8200
1625446215985000,1,261.92649417,3.8200
1625446281029000,1,651.35922284,3.8400
1625446281029000,1,260.54367716,3.8400
1625446281172000,1,0.00001198,3.8400
1625446420123000,0,219.56471333,3.8500
1625446420123000,0,327.30034803,3.8500
1625446420123000,0,130.90502353,3.8500
1625446420123000,0,134.13281511,3.8500
1625446433868000,1,450.00000000,3.8600
1625446433924000,1,196.55288898,3.8600
1625446433924000,1,258.73489435,3.8600
1625446466736000,0,163.93174747,3.8600
1625446466736000,0,409.64168025,3.8600
1625446466736000,0,218.89899259,3.8600
1625446466736000,0,112.81535969,3.8600
1625446485931000,1,258.45342458,3.8700
1625446485931000,1,973.00000000,3.8700
1625446485931000,1,217.39534796,3.8700
1625446486052000,0,217.39534796,3.8700
1625446490995000,0,106.16444715,3.8700
1625446490995000,0,265.30273285,3.8700
1625446523923000,0,83.77604599,3.8800
1625446523923000,0,209.44010401,3.8800
1625446585605000,0,77.33662715,3.8800
1625446585605000,0,193.38363404,3.8800
1625446585605000,0,501.45213881,3.8800
1625446587226000,0,77.29804000,3.8900
1625446587792000,0,58.70701000,3.8900
1625446590204000,1,257.28466000,3.8900
1625446601092000,0,43.25037817,3.8800
1625446601092000,0,108.12593183,3.8800
1625446663199000,0,99.61432485,3.8800
1625446663199000,0,39.86494515,3.8800
1625446821676000,0,36.68925000,3.8800
1625446868506000,1,256.63115406,3.9000
1625446868506000,1,797.99999594,3.9000
1625446872434000,0,36.28305000,3.9000
1625446872633000,0,0.00000582,3.9000
1625446887770000,0,80.16940516,3.9100
1625446887770000,0,32.06776207,3.9100
1625446887770000,0,207.90870277,3.9100
1625446914752000,1,255.81058542,3.9100
1625446914752000,1,472.86401458,3.9100
1625446997878000,0,57.02943295,3.9100
1625446997878000,0,142.24273594,3.9100
1625446997878000,0,370.12468111,3.9100
1625447062324000,0,11.00000000,3.9200
1625447062324000,0,215.64364368,3.9200
1625447062324000,0,110.20412682,3.9200
1625447062324000,0,33.07470950,3.9200
1625447087892000,0,93.49848033,3.9300
1625447087892000,0,37.36969967,3.9300
1625447089600000,1,255.20253889,3.9200
1625447106446000,0,40.90981043,3.9200
1625447147674000,0,105.09100180,3.9300
1625447147674000,0,42.03639820,3.9300
1625447173545000,0,39.89922158,3.9200
1625447173545000,0,99.82294644,3.9200
1625447182893000,0,34.73659536,3.9300
1625447182893000,0,86.80244980,3.9300
1625447182893000,0,85.71660484,3.9300
1625447281582000,0,10.00000000,3.9400
1625447281972000,0,250.00000000,3.9500
1625447281972000,0,30.04041912,3.9500
1625447281972000,0,75.10104780,3.9500
1625447281972000,0,150.07372295,3.9500
1625447623908000,0,63.38712731,3.9600
1625447627307000,0,236.61287268,3.9600
1625447627328000,0,0.00000001,3.9600
1625447636675000,0,5.18393782,3.9700
1625447636675000,0,99.99999999,3.9700
1625447640388000,0,0.00000001,3.9700
1625447661325000,0,11.39896373,3.9800
1625447661325000,0,5.40000000,3.9800
1625447661325000,0,300.00000000,3.9800
1625447661325000,0,1000.00000000,3.9800
1625447693817000,0,68.31372549,3.9900
1625447693817000,0,500.00000000,3.9900
1625447738315000,1,250.21052853,3.9900
1625447738315000,1,626.02097983,3.9900
1625447738315000,1,210.65862758,3.9900
1625447738315000,1,742.00000000,3.9900
1625447770928000,0,50.00000000,4.0000
1625447770928000,0,132.80632411,4.0000
1625447770928000,0,33.25333333,4.0000
1625447770928000,0,23.02433862,4.0000
1625447770928000,0,260.91600394,4.0000
1625447771103000,0,239.08399000,4.0000
1625447815892000,0,47.59005000,3.9900
1625447868783000,0,47.91389000,3.9800
1625447887636000,0,45.74670347,3.9800
1625447887636000,0,114.08657653,3.9800
1625447897557000,0,41.11179000,3.9800
1625447906072000,0,211.53295361,3.9900
1625447906072000,0,40.06844356,3.9900
1625447972828000,0,0.00000606,4.0000
1625447972828000,0,195.20524201,4.0000
1625447972828000,0,75.06280965,4.0000
1625447972828000,0,30.02449228,4.0000
1625448027205000,0,17.16082038,3.9900
1625448027205000,0,42.90204962,3.9900
1625448240867000,0,11.09192000,3.9500
1625448241595000,0,0.00000656,3.9500
1625448243519000,0,11.05829000,3.9600
1625448269094000,0,109.25011000,3.9600
1625448269406000,0,8.08762132,3.9600
1625448288451000,0,6.09550870,3.9500
1625448288451000,0,15.23876130,3.9500
1625448398217000,0,10.60319000,3.9500
1625448430245000,0,10.00635000,3.9400
1625449603889000,0,840.00000000,3.9700
1625449758534000,1,399.71800000,3.9400
1625449758534000,1,250.21035833,3.9400
1625450770986000,0,26.56461275,3.9800
1625450770986000,0,10.21266190,3.9800
1625450770986000,0,350.00000000,3.9800
1625450770986000,0,212.07325379,3.9800
1625450770986000,0,1092.00000000,3.9800
1625450770986000,0,266.00000000,3.9900
1625450770986000,0,347.46219889,3.9900
1625450770986000,0,386.23700000,3.9900
1625450770986000,0,79.90587267,3.9900
1625450776229000,0,212.07325379,3.9800
1625450776229000,0,600.00000000,3.9800
1625450776229000,0,386.23700000,3.9800
1625450776229000,0,21.22402253,3.9800
1625450776229000,0,8.16308559,3.9800
1625450776229000,0,178.49326000,3.9800
1625450776345000,1,212.07325379,3.9800
1625450776376000,1,2526.17312430,3.9800
1625450940539000,0,882.00000000,3.9700
1625451763715000,0,181.54223505,3.9800
1625451763719000,0,8.14909307,3.9800
1625451763860000,0,657.30867188,3.9800
1625451781997000,1,12.13594929,3.9800
1625452062400000,1,5.17858729,4.0100
1625452190865000,0,100.00000000,4.0400
1625452190865000,0,300.00000000,4.0400
1625452200322000,0,6.85279188,4.0500
1625452200322000,0,51.28865979,4.0500
1625452200322000,0,20.74464738,4.0500
1625452200322000,0,321.11390095,4.0500
1625452209425000,1,994.00000000,4.0400
1625452215348000,0,11.07921000,4.0400
1625452228527000,0,24.67407407,4.0500
1625452233230000,0,11.04347171,4.0500
1625452237300000,1,207.94955680,4.0500
1625452288028000,0,6.59898477,4.0600
1625452288028000,0,50.00000000,4.0600
1625452356188000,0,500.00000000,4.0800
1625452356188000,0,365.31327000,4.0800
1625452356353000,0,200.00000000,4.0800
1625452420980000,0,14.53333332,4.0900
1625452420980000,0,0.00000001,4.0900
1625452420980000,0,10.00000000,4.0900
1625452486385000,1,205.20595601,4.1000
1625452486385000,1,243.76001265,4.1000
1625452486385000,1,609.78157134,4.1000
1625452487426000,1,244.23357226,4.0900
1625452509789000,0,48.30162607,4.0800
1625452509789000,0,120.51896393,4.0800
1625452524936000,0,686.00000000,4.0800
1625452524936000,0,46.58290007,4.0800
1625452524936000,0,116.44869638,4.0800
1625452525280000,1,267.61109355,4.0800
1625452527476000,1,206.87573911,4.0700
1625452527476000,1,613.34016119,4.0700
1625452527476000,1,174.10849000,4.0700
1625452527476000,1,651.00000000,4.0700
1625452527476000,1,245.27420695,4.0700
1625452527476000,1,1596.67764056,4.0700
1625452528537000,1,2135.00000000,4.0700
1625452539244000,1,245.27420000,4.0600
1625452600488000,0,763.00000000,4.0500
1625452806455000,1,237.24429510,4.0000
1625452807010000,1,201.99987941,4.0000
1625452840885000,1,169.75070490,4.0100
1625452847948000,1,280.24929510,4.0100
1625452855088000,0,185.94688803,4.0100
1625452855088000,0,172.59769000,4.0100
1625452891252000,0,187.29425000,4.0200
1625452953462000,0,168.40613102,4.0400
1625452953462000,0,421.34698898,4.0400
1625453019609000,0,155.64163000,4.0300
1625453118219000,1,249.51460000,4.0100
1625453170117000,0,159.16440000,4.0000
1625453208575000,0,155.53585000,4.0000
1625453312763000,0,153.52989810,3.9800
1625453312763000,0,382.98627190,3.9800
1625453330584000,0,153.47085000,3.9900
1625453353144000,0,137.94572000,3.9900
1625453471036000,0,134.84051000,3.9800
1625453529867000,0,131.82476000,3.9700
1625453631171000,0,127.21288000,3.9600
1625453728222000,0,127.13596000,3.9500
1625453752539000,0,121.43762710,3.9500
1625453759855000,1,253.36326543,3.9500
1625453775770000,0,124.37744000,3.9500
1625453806774000,0,213.64835099,3.9600
1625453806774000,0,310.17471491,3.9600
1625453806774000,0,29.54623410,3.9600
1625453806843000,0,94.46413887,3.9600
1625453806850000,1,213.56413406,3.9600
1625453812590000,0,179.21314000,3.9700
1625453812590000,0,820.78686000,3.9700
1625453854925000,1,251.99237000,3.9600
1625453860906000,0,145.57964000,3.9600
1625453866576000,0,100.00000000,3.9700
1625453891145000,1,251.98275000,3.9700
1625453983156000,0,127.10028000,3.9700
1625453996950000,0,125.38660000,3.9700
1625454061755000,0,50.00000000,3.9400
1625454099704000,1,253.26802772,3.9500
1625454099704000,1,29.19214927,3.9500
1625454286530000,1,252.03267000,3.9700
1625454390947000,0,134.13554000,3.9900
1625454794489000,0,50.00000000,3.9900
1625455468172000,1,252.66553551,3.9600
1625455468407000,0,213.10419132,3.9600
1625455561229000,1,3883.19187336,3.9500
1625455563106000,1,10.00000000,3.9400
1625455593177000,0,50.00000000,3.9500
1625455709281000,1,213.39034818,3.9400
1625455709281000,1,253.30160910,3.9400
1625455709281000,1,707.00000000,3.9400
1625455714213000,0,151.38669000,3.9300
1625455723850000,0,355.42782487,3.9400
1625455723850000,0,544.57217513,3.9400
1625455723947000,0,138.08272000,3.9400
1625455784885000,0,70.95663729,3.9400
1625455784887000,0,19.43320430,3.9400
1625455868345000,1,254.60452000,3.9300
1625455997709000,0,73.24655679,3.9100
1625455997709000,0,183.18237321,3.9100
1625456323630000,1,255.90321209,3.9100
1625456323630000,1,215.50972049,3.9100
1625456323630000,1,609.00000000,3.9100
1625456323630000,1,386.23700000,3.9100
1625456323630000,1,340.14615740,3.9100
1625456323630000,1,156.77957788,3.9100
1625456601359000,1,256.03911776,3.9000
1625456640761000,0,50.43024000,3.9100
1625456657194000,0,50.58600605,3.9200
1625456781672000,0,47.10438005,3.9200
1625456781672000,0,117.81319995,3.9200
1625456865447000,1,256.63611858,3.9000
1625457120473000,0,50.00000000,3.8900
1625457691546000,1,100.00000000,3.9000
1625458018302000,1,258.00584070,3.8700
1625458065001000,1,300.15717145,3.8600
1625458065001000,1,374.00000000,3.8600
1625458065001000,1,217.84420522,3.8600
1625458065001000,1,367.72575778,3.8600
1625458065001000,1,183.59620000,3.8600
1625458065001000,1,1684.27311365,3.8600
1625458065001000,1,959.00000000,3.8600
1625458065001000,1,386.23700000,3.8600
1625458065001000,1,646.44891623,3.8600
1625458065001000,1,640.67132779,3.8600
1625458274986000,1,5.52467532,3.8500
1625458289222000,1,7.59753539,3.8400
1625458289279000,1,96.92168159,3.8400
1625458289312000,1,113.21632332,3.8400
1625458289314000,1,82.26445970,3.8400
1625458292144000,0,8.07291667,3.8400
1625458292620000,0,5.21093750,3.8400
1625458679346000,0,94.68691000,3.8600
1625459189953000,1,257.81542477,3.8800
1625459189953000,1,217.44678602,3.8700
1625459397712000,1,203.87206266,3.8800
1625459416944000,1,257.28109000,3.8800
1625459425867000,0,101.97469000,3.8800
1625459641631000,0,103.02397000,3.9000
1625459664642000,1,255.95174994,3.9100
1625459679892000,0,93.69655950,3.9100
1625459781244000,1,14.05037815,3.9100
1625459942449000,0,98.10484107,3.9100
1625459942449000,0,51.89515893,3.9100
1625460156579000,0,50.00000000,3.9000
1625460371096000,0,100.36053337,3.9000
1625460371096000,0,79.90613329,3.9000
1625461017049000,1,218.42468996,3.8500
1625461017049000,1,259.30210717,3.8500
1625461017049000,1,181.87716287,3.8500
1625461017161000,1,374.00000000,3.8500
1625461041596000,1,218.99987889,3.8400
1625461041596000,1,260.01649680,3.8400
1625461041596000,1,350.00000000,3.8400
1625461041596000,1,547.49969722,3.8300
1625461041596000,1,325.00000000,3.8300
1625461041596000,1,332.45864619,3.8300
1625461143616000,1,400.00000000,3.8300
1625461158883000,0,101.01920587,3.8300
1625461158883000,0,220.43358413,3.8300
1625461213500000,0,52.54721000,3.8300
1625461977060000,1,259.28433000,3.8500
1625462096013000,1,200.00000000,3.8400
1625462169089000,0,50.00000000,3.8400
1625462332326000,1,261.95052000,3.8200
1625462350786000,1,261.95052974,3.8100
1625462363042000,0,101.17221000,3.8100
1625462552506000,1,69.52596567,3.8100
1625462771141000,0,118.59670000,3.8100
1625462787153000,1,300.00000000,3.8100
1625462787153000,1,4129.34130623,3.8100
1625462787760000,1,921.91853628,3.8100
1625462809883000,1,85.14960804,3.8000
1625462937621000,0,50.00000000,3.8100
1625463629569000,1,260.48116308,3.8400
1625463629569000,1,938.00000000,3.8400
1625463629569000,1,219.24584692,3.8400
1625463644084000,0,128.15894222,3.8300
1625463644634000,0,304.00000000,3.8400
1625463644634000,0,548.98453000,3.8400
1625463644755000,0,350.00000000,3.8400
1625463678831000,0,50.00000000,3.8300
1625464369910000,1,259.96740534,3.8500
1625464369910000,1,706.99999466,3.8500
1625464661012000,0,12.88892326,3.8600
1625464821573000,0,85.22899606,3.8600
1625464821573000,0,13.28673394,3.8600
1625464826504000,0,96.31969427,3.8600
1625464826504000,0,235.99569573,3.8600
1625464894598000,1,450.00000000,3.8600
1625464894598000,1,3739.29715762,3.8600
1625464922471000,0,50.00000000,3.8600
1625465818970000,0,12.85047630,3.8700
1625466149547000,1,258.44463524,3.8700
1625466149547000,1,646.08321767,3.8700
1625466312281000,0,218.16165038,3.8700
1625466314747000,0,218.16165038,3.8700
1625466484624000,0,196.30453000,3.8700
1625466697701000,1,196.90893000,3.8600
1625466697701000,1,300.00000000,3.8600
1625466731831000,1,200.00000000,3.8600
1625466735027000,1,259.27716169,3.8600
1625467381672000,0,163.24370820,3.8700
1625467590375000,1,258.56879428,3.8700
1625467590375000,1,646.41759538,3.8700
1625467594559000,1,646.43549263,3.8700
1625467600166000,1,646.40864712,3.8700
1625467782892000,0,14.61597938,3.8800
1625467893284000,0,6.39476141,3.8900
1625468456615000,0,400.00000000,3.8900
1625468456615000,0,216.96865817,3.8900
1625468456615000,0,554.23525596,3.8900
1625468456615000,0,204.27151945,3.8900
1625468456615000,0,21.25978492,3.8900
1625468473225000,1,350.00000000,3.8800
1625468926678000,0,300.00000000,3.8700
1625468926678000,0,386.23700000,3.8800
1625468926678000,0,1263.68310309,3.8800
1625469011788000,1,258.55124093,3.8700
1625469121462000,1,350.00000000,3.8600
1625469263572000,1,259.29126666,3.8600
1625469440205000,0,218.56782393,3.8700
1625469440205000,0,350.00000000,3.8700
1625469440325000,1,31.43217607,3.8700
1625469477456000,0,450.00000000,3.8700
1625469477456000,0,218.14002368,3.8700
1625469477456000,0,203.38960161,3.8700
1625469477562000,1,128.47037471,3.8700
1625469571548000,0,218.72365314,3.8600
1625469571548000,0,181.27634686,3.8600
1625469621676000,0,268.72365314,3.8600
1625469621676000,0,218.72365314,3.8600
1625469621676000,0,12.55269372,3.8600
1625469849531000,1,418.17922077,3.8500
1625469932147000,1,800.00000000,3.8400
1625469932147000,1,260.64567903,3.8400
1625469964632000,1,450.00000000,3.8400
1625470020167000,1,260.64749082,3.8400
1625470891265000,0,6.44300518,3.8600
1625471108371000,0,50.00000000,3.8400
1625471947632000,1,19.25760649,3.8700
1625472050908000,1,646.45612818,3.8600
1625472050908000,1,258.64172103,3.8600
1625472052882000,1,1120.00000000,3.8500
1625472065216000,0,220.72247000,3.8600
1625472097342000,0,215.64601955,3.8700
1625472097342000,0,539.95395438,3.8700
1625472290615000,1,400.00000000,3.8500
1625472353139000,0,201.70288547,3.8500
1625472460242000,0,25.71123710,3.8700
1625472839075000,1,400.00000000,3.8500
1625473135680000,1,259.88680669,3.8500
1625473135680000,1,218.62411331,3.8500
1625473182883000,0,181.38894304,3.8500
1625473182883000,0,197.26056696,3.8500
1625473288179000,0,113.67807000,3.8500
1625473586427000,1,260.60029000,3.8400
1625473730624000,0,198.22702545,3.8300
1625473730624000,0,112.37326455,3.8300
1625474280284000,0,12.85352717,3.8500
1625475226871000,1,9.01900584,3.8700
1625475227523000,0,140.40463917,3.8800
1625475627396000,1,258.61539219,3.8700
1625475695250000,0,200.00000000,3.8900
1625475823414000,1,255.97880000,3.9100
1625475977512000,0,10.20512820,3.9000
1625476086509000,0,150.00000000,3.9100
1625476776401000,0,2510.26616231,3.9400
1625476818038000,1,254.62226478,3.9300
1625476818040000,1,0.00000001,3.9300
1625476818195000,1,399.71800000,3.9200
1625476818195000,1,365.00000000,3.9200
1625476818195000,1,1654.16907922,3.9200
1625476818195000,1,1180.00000000,3.9200
1625476818554000,1,54.62226000,3.9100
1625476818669000,1,278.58788000,3.9100
1625476819360000,1,242.87905000,3.9200
1625476819360000,1,750.00000000,3.9200
1625476837242000,0,232.63158835,3.9200
1625476837242000,0,581.58226165,3.9200
1625476860686000,0,203.79040725,3.9200
1625476860686000,0,508.88749275,3.9200
1625476892171000,0,183.13365578,3.9200
1625476892171000,0,456.71717422,3.9200
1625476898642000,0,168.69265986,3.9200
1625476898642000,0,350.05715497,3.9300
1625476898642000,0,150.58582111,3.9300
1625476898642000,0,180.95506000,3.9300
1625476898642000,0,1127.00000000,3.9300
1625476898642000,0,13.68864651,3.9300
1625476898642000,0,135.87816391,3.9300
1625476920925000,1,31.50920000,3.9200
1625478372837000,1,15.29386061,3.9100
1625478717123000,0,318.85897890,3.9400
1625478717123000,0,127.54702516,3.9400
1625478728418000,0,5.21093750,3.9500
1625478728418000,0,113.40944330,3.9500
1625478728418000,0,81.91879920,3.9500
1625478947201000,1,213.57683000,3.9400
1625478960548000,0,107.02578000,3.9400
1625479058706000,0,106.63817000,3.9400
1625479171093000,1,214.14877398,3.9300
1625479171093000,1,386.23700000,3.9300
1625479171093000,1,254.02996171,3.9300
1625479171093000,1,604.67387469,3.9300
1625479230341000,1,31.85509663,3.9300
1625479230341000,1,213.74410844,3.9300
1625479230341000,1,386.23700000,3.9300
1625479230446000,0,213.74410844,3.9300
1625479230575000,0,613.50929688,3.9300
1625479411591000,0,8.07291667,3.9600
1625479411591000,0,119.73263888,3.9600
1625479416806000,1,25.00000000,3.9500
1625479425635000,1,253.28110389,3.9500
1625479632599000,1,12.72183703,3.9500
1625480115844000,1,25.00000000,3.9600
1625480116988000,1,325.00000000,3.9600
1625480116988000,1,252.71490211,3.9600
1625480116988000,1,212.62437601,3.9600
1625480116988000,1,606.39594038,3.9600
1625480348875000,0,350.00000000,3.9700
1625480348875000,0,700.00000000,3.9700
1625480570101000,0,5.46000000,3.9800
1625480652250000,0,50.48611110,3.9900
1625480652707000,0,0.00000001,3.9900
1625480760262000,0,12.44062044,4.0000
1625481173029000,0,141.06206383,3.9800
1625481173029000,0,211.92036983,3.9800
1625481173029000,0,82.04017940,3.9800
1625481420590000,1,500.00000000,3.9700
1625481802845000,0,125.03759398,3.9900
1625481991583000,1,49.31920000,3.9900
1625482080285000,1,27.16276671,3.9900
1625482214152000,0,17.55937956,4.0000
1625482214152000,0,374.90248498,4.0000
1625482214152000,0,57.53813546,4.0000
1625482320273000,1,84.37552480,3.9700
1625482470667000,0,13.54282116,3.9700
1625482553138000,0,13.54156171,3.9700
1625483178089000,0,12.63940098,3.9600
1625483460057000,0,214.05823873,3.9400
1625483465262000,0,386.23700000,3.9500
1625483465262000,0,119.07945569,3.9500
1625483564165000,1,100.00000000,3.9300
1625483712597000,1,1877.97629939,3.9100
1625483735292000,1,278.93216662,3.9000
1625483735292000,1,111.57184685,3.9000
1625483735292000,1,719.07506923,3.9000
1625483735292000,1,215.64321305,3.9000
1625483735292000,1,349.67805023,3.9000
1625483735370000,0,3376.35949653,3.9000
1625483853858000,0,175.06571009,3.9200
1625483853858000,0,57.44449399,3.9200
1625484185468000,1,86.78240965,3.8900
1625484185468000,1,50.00000000,3.8900
1625484185811000,1,100.00000000,3.8800
1625484329441000,1,5.58961038,3.8500
1625484333368000,0,5.19740260,3.8500
1625484336476000,0,8.31168831,3.8500
1625484344970000,1,250.00000000,3.8300
1625484374586000,0,4743.91601049,3.8100
1625484382860000,0,4419.24745855,3.8100
1625484383510000,0,4419.45159087,3.8100
1625484384026000,0,4417.11175017,3.8100
1625484384452000,0,101.64205000,3.8100
1625484384532000,0,4415.25395473,3.8100
1625484385064000,0,4417.09835519,3.8100
1625484387049000,0,4415.06027433,3.8100
1625484388143000,0,4415.10039535,3.8100
1625484391151000,0,750.00000000,3.8100
1625484393348000,0,4413.68476790,3.8100
1625484393874000,0,4410.21836951,3.8100
1625484394393000,0,4408.73017247,3.8100
1625484394612000,0,220.41914863,3.8100
1625484394918000,0,4408.22020215,3.8100
1625484395424000,0,4409.10295604,3.8100
1625484395929000,0,4406.00843484,3.8100
1625484395955000,0,185.66100000,3.8100
1625484396428000,0,3369.51072446,3.8100
1625484442493000,1,34.71203278,3.8000
1625484450665000,0,347.67541580,3.8300
1625484450665000,0,220.18908957,3.8300
1625484450665000,0,181.94052000,3.8300
1625484450665000,0,386.23700000,3.8300
1625484450665000,0,301.18512867,3.8300
1625484466970000,1,25.58268091,3.8000
1625484532261000,0,4427.00274940,3.8000
1625484532770000,0,4426.91400265,3.8000
1625484533277000,0,4427.37222100,3.8000
1625484533499000,0,193.11900000,3.8000
1625484535580000,0,4426.34363750,3.8000
1625484536162000,0,4426.40585247,3.8000
1625484536672000,0,4425.80180035,3.8000
1625484537173000,0,4425.52580040,3.8000
1625484537690000,0,4425.52686415,3.8000
1625484538131000,0,750.00000000,3.8000
1625484541564000,0,106.96272000,3.8000
1625484542139000,0,186.14958000,3.8000
1625484542595000,0,46.87500000,3.8000
1625484543197000,0,193.11900000,3.8000
1625484553140000,0,340.13157894,3.8000
1625484558612000,0,193.11900000,3.8000
1625484568514000,0,73.60678431,3.8000
1625484568539000,0,750.00000000,3.8000
1625484568666000,0,89.91913584,3.8000
1625484568840000,0,186.18094000,3.8000
1625484568971000,0,89.98653120,3.8000
1625484569220000,0,50.00000000,3.8000
1625484569549000,0,39.29415639,3.8000
1625484569626000,0,90.07646846,3.8000
1625484569689000,0,39210.56717694,3.8000
1625484569696000,0,76.95428845,3.8200
1625484569714000,0,18.74329208,3.8200
1625484569804000,0,89.98653120,3.8200
1625484575692000,1,89.18037303,3.8100
1625484575692000,1,227.23297793,3.8100
1625484575692000,1,590.97217171,3.8100
1625484599645000,1,86.84059266,3.8100
1625484599645000,1,220.49728989,3.8100
1625484604839000,1,219.98753254,3.8000
1625484604839000,1,87.96317323,3.8000
1625484612627000,1,86.61880468,3.8100
1625484617560000,1,92.31594731,3.8100
1625484630170000,1,92.31594731,3.8000
1625484637967000,1,89.36301471,3.8000
1625484644972000,1,221.11438452,3.8000
1625484644972000,1,88.44464977,3.8000
1625484655170000,1,97.39162620,3.7900
1625484663171000,1,637.60652018,3.7800
1625484663171000,1,97.42457474,3.7800
1625484680330000,1,66.09597412,3.7800
1625484684464000,1,232.54894124,3.7800
1625484693289000,1,99.67826095,3.7700
1625484694733000,1,661.65153905,3.7700
1625484702312000,0,5.30769231,3.7700
1625484714681000,1,224.82002248,3.7600
1625484714681000,1,89.92800899,3.7600
1625484719931000,0,7.97872340,3.7600
1625484806642000,1,123.11078000,3.7700
1625484851562000,1,150.00000000,3.7600
1625484865964000,1,500.00000000,3.7500
1625484882550000,1,122.88734364,3.7300
1625484882550000,1,2.15025034,3.7300
1625484895144000,1,118.56570391,3.7300
1625484906806000,1,116.43837172,3.7300
1625484906806000,1,18.80954495,3.7300
1625484963252000,1,130.64630391,3.7500
1625485001145000,1,123.33335880,3.7400
1625485017622000,1,123.44353478,3.7400
1625485019756000,1,10.20512820,3.7300
1625485361941000,1,5.88709677,3.7200
1625485361941000,1,5.47043010,3.7200
1625485361941000,1,31.79863866,3.7200
1625485598276000,1,158.00699000,3.7100
1625485598365000,1,0.00000012,3.7100
1625485610349000,0,269.43441000,3.7100
1625485715451000,0,207.14516129,3.7200
1625485891414000,1,95.98138297,3.7100
1625485933745000,1,25.33241758,3.7000
1625485978417000,1,0.35677160,3.7000
1625485978417000,1,500.00000000,3.7000
1625485978417000,1,6.69729730,3.7000
1625485978417000,1,442.94593110,3.7000
1625485978445000,1,557.05406890,3.7000
1625485983361000,0,5.40810811,3.7000
1625485999777000,1,270.45092579,3.7000
1625486046940000,1,400.00000000,3.7000
1625486076643000,0,104.54986522,3.7100
1625486079083000,1,500.00000000,3.7000
1625486117131000,1,5.50000000,3.6700
1625486149003000,1,100.00000000,3.6700
1625486155136000,0,7.90190736,3.6700
1625486161206000,1,10.00000000,3.6600
1625486161206000,1,200.00000000,3.6600
1625486161206000,1,196.99500000,3.6600
1625486161761000,1,75.93448935,3.6600
1625486186595000,0,229.87729623,3.6700
1625486186595000,0,24.57501984,3.6700
1625486191361000,0,202.08310626,3.6700
1625486198093000,1,500.00000000,3.6500
1625486198160000,1,360.00000000,3.6400
1625486198160000,1,257.17968750,3.6400
1625486274327000,1,273.38784669,3.6600
1625486347401000,1,272.56281744,3.6700
1625486408046000,1,202.08310626,3.6400
1625486415477000,1,273.45943445,3.6600
1625486419678000,1,4607.36961411,3.6600
1625486420211000,1,2080.77246239,3.6600
1625486458489000,0,307.69647857,3.6800
1625486458489000,0,453.90678229,3.6800
1625486486511000,1,272.67977361,3.6700
1625486486511000,1,229.90084150,3.6600
1625486486511000,1,386.23700000,3.6600
1625486486511000,1,399.71800000,3.6600
1625486486511000,1,193.30261000,3.6600
1625486486511000,1,383.00387366,3.6600
1625486486511000,1,85.07800432,3.6600
1625486550096000,1,270.39647142,3.7000
1625486559966000,1,270.42093031,3.7000
1625486640281000,1,130.65921824,3.6800
1625486641523000,1,271.28272824,3.6800
1625486907133000,1,271.01020427,3.6900
1625486933735000,1,271.13379687,3.6900
1625486942371000,1,271.25367634,3.6900
1625486948565000,1,271.25094830,3.6900
1625486953768000,1,271.26150151,3.6900
1625486991315000,0,100.00000000,3.6800
1625487316571000,0,650.00000000,3.6900
1625487340643000,0,498.86216216,3.7000
1625487345446000,0,2769.16067604,3.7000
1625487345446000,0,228.57032192,3.7000
1625487345540000,1,228.39809426,3.7000
1625487348011000,1,2082.22225913,3.7000
1625487385291000,0,125.31805929,3.7100
1625487386182000,1,127.80555555,3.7000
1625487396545000,1,72.19444000,3.7000
1625487397009000,1,0.00000445,3.7000
1625487606804000,0,400.00000000,3.7000
1625487606804000,0,450.00000000,3.7000
1625487617076000,0,136.77297297,3.7000
1625488121054000,1,17.89549533,3.6900
1625488375904000,1,450.00000000,3.6900
1625488375904000,1,228.28907083,3.6900
1625488375904000,1,400.00000000,3.6900
1625488375904000,1,413.13941754,3.6900
1625488375904000,1,270.72144504,3.6900
1625488375904000,1,386.23700000,3.6900
1625488375978000,0,802.63019525,3.6900
1625488389552000,1,228.05714502,3.6900
1625488389552000,1,650.00000000,3.6900
1625488389552000,1,386.23700000,3.6900
1625488389552000,1,240.08023000,3.6900
1625488389552000,1,380.79049365,3.6900
1625488389677000,0,228.08295470,3.6900
1625488389773000,0,837.76930528,3.6900
1625488396518000,1,386.23700000,3.6900
1625488396518000,1,228.03227489,3.6900
1625488396616000,0,228.03227489,3.6900
1625488396774000,0,3059.73270753,3.6900
1625488631723000,1,43.06158536,3.6900
1625488631812000,1,111.63864463,3.6900
1625488631817000,1,0.00000001,3.6900
1625488867387000,1,386.23700000,3.6700
1625488867387000,1,48.78561306,3.6700
1625489238302000,0,38.68664850,3.6700
1625489268990000,0,800.00000000,3.6700
1625489268990000,0,658.00000000,3.6700
1625489767857000,0,24.84468664,3.6700
1625489875840000,1,269.28317705,3.6600
1625490171889000,0,500.00000000,3.6700
1625490189543000,0,33.05469071,3.6800
1625490189543000,0,354.43878582,3.6800
1625490189543000,0,229.89513112,3.6800
1625490189543000,0,46.59237061,3.6800
1625490190998000,0,225.51113102,3.6800
1625490190998000,0,192.53267000,3.6800
1625490190998000,0,1162.00000000,3.6800
1625490190998000,0,229.66089346,3.6800
1625490190998000,0,306.82225925,3.6900
1625490190998000,0,573.36216145,3.6900
1625490190998000,0,1180.00000000,3.6900
1625490190998000,0,365.00000000,3.6900
1625490190998000,0,343.00000000,3.6900
1625490190998000,0,1356.10216172,3.6900
1625490190998000,0,1765.29420568,3.6900
1625490190998000,0,678.71089115,3.6900
1625490190998000,0,386.23700000,3.6900
1625490190998000,0,573.48619284,3.7000
1625490190998000,0,4186.82621199,3.7000
1625490375102000,0,500.00000000,3.6800
1625490461438000,0,54.04878048,3.6900
1625490469815000,0,1120.00000000,3.6900
1625490524012000,0,8.06756756,3.7000
1625491218407000,1,365.00000000,3.6800
1625491218407000,1,400.00000000,3.6800
1625491397648000,0,70.44715447,3.6900
1625491708311000,0,228.67306207,3.7000
1625491708311000,0,14.25022200,3.7000
1625491709083000,0,82.21022200,3.7000
1625491842491000,1,270.35332192,3.7000
1625492196467000,1,550.00000000,3.7000
1625492764630000,0,350.00000000,3.7300
1625492986715000,1,268.28531822,3.7300
1625493290937000,0,5.32085561,3.7400
1625493379799000,1,450.00000000,3.7300
1625493407729000,1,550.00000000,3.7200
1625493800597000,0,75.50397903,3.7200
1625493800718000,0,97.16262234,3.7200
1625493800774000,0,863.33339863,3.7200
1625494029749000,0,4.67914439,3.7400
1625494029749000,0,374.36096256,3.7400
1625494070830000,0,29.98395721,3.7400
1625494423256000,0,6.86363636,3.7400
1625494499789000,1,300.00000000,3.7300
1625494518337000,0,749.00000000,3.7300
1625494711328000,0,16.51814634,3.7400
1625495491529000,0,8.56568364,3.7300
1625496096077000,1,267.62060533,3.7400
1625496224751000,0,10.00000000,3.7400
1625496539138000,1,1115.20855614,3.7400
1625496593789000,1,10.00000000,3.7300
1625496926934000,0,49.48128342,3.7400
1625497992817000,0,7.90106952,3.7300
1625498299021000,1,2000.00000000,3.7100
1625498360447000,1,269.54261748,3.7100
1625498402000000,1,406.99500000,3.7000
1625498553892000,1,496.20499999,3.7000
1625498654090000,1,270.43154537,3.7000
1625498654090000,1,59.56845463,3.7000
1625499131272000,1,50.00000000,3.6800
1625500332088000,1,2147.79301075,3.6900
1625500332088000,1,270.60781888,3.6900
1625500658835000,1,271.32648866,3.6800
1625500731676000,1,114.97819314,3.6700
1625500732269000,1,113.97608390,3.6700
1625500732269000,1,26.42855527,3.6700
1625500799377000,1,338.57144473,3.6700
1625500799377000,1,271.89303503,3.6700
1625500879084000,0,12.13942043,3.6800
1625501143065000,0,53.71081081,3.7000
1625501763386000,0,5.40810811,3.7000
1625504033884000,1,271.26042639,3.6900
1625504033884000,1,359.00000000,3.6900
1625504133133000,0,6.74136095,3.7000
1625506369251000,1,177.40610239,3.6500
1625506369836000,1,6.86363636,3.6500
1625506370512000,1,815.73026125,3.6500
1625506370512000,1,875.00000000,3.6500
1625506370512000,1,229.93424657,3.6500
1625506528609000,0,118.00426000,3.6200
1625506551872000,0,5.52762431,3.6200
1625506800290000,0,54.57638116,3.6300
1625507018984000,1,10.00000000,3.6100
1625507018984000,1,10.00000000,3.6100
1625507019189000,1,5.79444444,3.6000
1625507019189000,1,75.00000000,3.6000
1625507019189000,1,298.24566251,3.6000
1625507055905000,1,191.75433749,3.6000
1625507055905000,1,20.00000000,3.6000
1625507082924000,0,50.00000000,3.6000
1625507104170000,0,38.25268262,3.6000
1625507104193000,0,239.30992107,3.6000
1625507243647000,0,275.97338323,3.6200
1625507916473000,0,10.00000000,3.6900
1625507916592000,0,51.35135135,3.7000
1625508023392000,0,5.52762431,3.7200
1625508023392000,0,297.67472165,3.7200
1625508023392000,0,354.27461582,3.7200
1625508023392000,0,386.23700000,3.7200
1625508023392000,0,673.30721088,3.7200
1625508023392000,0,204.64406311,3.7200
1625508023392000,0,164.64390401,3.7200
1625508640000000,0,8.02439416,3.7200
1625509026861000,1,269.79624319,3.7100
1625509032688000,1,269.78299143,3.7100
1625509266514000,0,5.72800000,3.7200
1625509373960000,1,269.07026698,3.7200
1625509414607000,1,269.04861322,3.7200
1625509444893000,0,1155.00000000,3.7200
1625509508662000,0,135.50634387,3.7300
1625509510148000,0,886.49365613,3.7300
1625509711303000,0,9.24262735,3.7400
1625510022330000,1,193.11900000,3.7100
1625510022469000,1,75.90424114,3.7100
1625510028537000,1,269.78478220,3.7100
1625510135003000,1,269.01430620,3.7200
1625511194218000,0,500.00000000,3.7200
1625511263099000,1,0.13416979,3.7200
1625511461161000,1,350.00000000,3.7200
1625511539474000,0,39.71774194,3.7200
1625511813945000,0,0.75737265,3.7400
1625511813945000,0,450.00000000,3.7400
1625512109384000,0,600.00000000,3.7400
1625512109384000,0,267.13387667,3.7400
1625512949018000,0,267.13214653,3.7400
1625513289419000,0,224.85853196,3.7600
1625513289419000,0,542.37430487,3.7600
1625513289811000,0,666.21141231,3.7600
1625513289811000,0,399.41056769,3.7600
1625513289845000,0,140.63160194,3.7600
1625513289906000,0,80.60510789,3.7600
1625513289982000,0,161.17769295,3.7600
1625513290167000,0,24.67240746,3.7600
1625513290177000,0,0.00000001,3.7600
1625513330552000,1,10.00000000,3.7400
1625513400292000,1,12.78789887,3.7400
1625513419363000,1,267.59894671,3.7400
1625513419363000,1,44.00105328,3.7400
1625513517367000,0,400.00000000,3.7500
1625513925089000,0,350.00000000,3.7600
1625514000742000,0,18.82403869,3.7600
1625514033014000,1,8.17912218,3.7500
1625514057427000,0,231.17596131,3.7600
1625514246987000,1,400.00000000,3.7600
1625514418405000,1,224.49396867,3.7500
1625514418405000,1,1729.90939732,3.7500
1625514418405000,1,131.90577379,3.7500
1625514696073000,1,600.00000000,3.7500
1625514771962000,0,70.00000000,3.7500
1625514997388000,0,9.97340425,3.7600
1625515139261000,0,20.00000000,3.7600
1625515584538000,1,266.74108819,3.7500
1625516823639000,1,137.60310436,3.7300
1625516823691000,1,130.68198199,3.7300
1625517199913000,0,17.43155878,3.7400
1625517845925000,1,268.33356247,3.7300
1625517882733000,1,268.30524131,3.7300
1625517898158000,1,268.32389663,3.7300
1625517988696000,1,268.35898930,3.7200
1625518047451000,1,269.18875170,3.7100
1625518668835000,1,7.69539227,3.7100
1625519514769000,1,266.91186969,3.7500
1625520252084000,0,26.39323278,3.7700
1625523834964000,0,266.41170834,3.7600
1625523834964000,0,664.46343974,3.7600
1625523834964000,0,224.25809316,3.7600
1625523834964000,0,376.02374503,3.7600
1625523834964000,0,386.23700000,3.7600
1625523834964000,0,1582.39856692,3.7600
1625525292478000,1,400.00000000,3.7600
1625525764337000,1,600.00000000,3.7500
1625525766085000,0,266.45074000,3.7500
1625526061377000,0,27.00000000,3.7500
1625526812167000,0,265.83495739,3.7600
1625526887183000,1,265.36781000,3.7700
1625527133421000,1,224.39251261,3.7600
1625527133421000,1,266.19704505,3.7600
1625527695041000,0,250.00000000,3.7800
1625527759046000,0,14.38180020,3.7800
1625527759046000,0,200.83500391,3.7800
1625527759139000,1,200.83500391,3.7800
1625527759157000,1,83.94819198,3.7800
1625527821772000,1,250.00000000,3.7700
1625527921287000,0,250.00000000,3.7700
1625528057568000,1,500.00000000,3.7600
1625528098220000,0,179.44836352,3.7600
1625528098220000,0,85.55163648,3.7600
1625528136757000,0,265.75771166,3.7600
1625528165629000,1,34.24228834,3.7600
1625528165629000,1,450.00000000,3.7600
1625528197532000,0,265.82638000,3.7600
1625528197776000,0,0.00000098,3.7600
1625528208866000,1,266.19492556,3.7600
1625528249434000,1,400.00000000,3.7600
1625528408748000,1,4485.70859264,3.7600
1625528408892000,1,157.04860565,3.7600
1625528409255000,1,2927.03222799,3.7600
1625528409972000,1,157.05922488,3.7600
1625528411052000,1,157.09385862,3.7600
1625528427507000,0,265.82385523,3.7600
1625528427507000,0,1726.64263761,3.7700
1625528427507000,0,1480.16880000,3.7700
1625528427507000,0,386.23700000,3.7700
1625528427507000,0,301.22737994,3.7700
1625528427507000,0,187.92675000,3.7700
1625528427507000,0,102.35154571,3.7700
1625528427507000,0,372.10928871,3.7700
1625528427507000,0,44.87463698,3.7700
1625528427507000,0,664.40574413,3.7700
1625528427507000,0,433.00000000,3.7700
1625528427507000,0,665.00000000,3.7700
1625528427569000,1,750.00000000,3.7700
1625528427575000,1,7757.13678000,3.7700
1625528427580000,1,48.55053050,3.7700
1625528427637000,1,44.88451635,3.7700
1625528427697000,1,9769.66053484,3.7700
1625528449277000,0,265.76860744,3.7600
1625528449277000,0,84.23139256,3.7700
1625528452526000,1,44.88938258,3.7600
1625528482978000,0,266.67906000,3.7500
1625528495135000,0,44.89976370,3.7600
1625528495135000,0,386.23700000,3.7600
1625528495135000,0,68.86323630,3.7600
1625528507874000,0,266.43481559,3.7500
1625528507874000,0,733.56518441,3.7600
1625528538678000,0,925.41112159,3.7600
1625528538678000,0,1474.24654318,3.7600
1625528538678000,0,666.06093000,3.7600
1625528538678000,0,44.97439217,3.7600
1625528538678000,0,386.23700000,3.7600
1625528538678000,0,798.00000000,3.7600
1625528538678000,0,266.44715681,3.7600
1625528538756000,1,193.11900000,3.7600
1625528538787000,1,44.98717216,3.7600
1625528538879000,1,6200.51668409,3.7600
1625528539072000,0,266.47985000,3.7500
1625528593671000,1,44.99824283,3.7500
1625528598562000,0,266.52120898,3.7500
1625528598562000,0,666.46646102,3.7500
1625528795030000,0,266.52436159,3.7600
1625528795030000,0,664.73669841,3.7600
1625529133464000,1,1100.00000000,3.7500
1625529210961000,1,650.00000000,3.7400
1625529255616000,0,267.90928000,3.7300
1625529401291000,0,267.86431468,3.7400
1625529415103000,1,180.88545532,3.7400
1625529500629000,1,1450.00000000,3.7300
1625529554279000,0,268.77659860,3.7200
1625529554279000,0,158.83486140,3.7200
1625529596403000,0,158.86097936,3.7200
