timestamp ms,type,amount,price
1622937695625000,0,14.64968153,4.8600
1622937695625000,0,26.67263252,4.8600
1622937999142000,1,450.00000000,4.8100
1622938140264000,1,207.60697278,4.8100
1622938302810000,1,421.66856846,4.8100
1622938891627000,1,207.64195743,4.8200
1622938905638000,1,650.00000000,4.8100
1622938923205000,1,300.00000000,4.8000
1622938923205000,1,383.34622025,4.8000
1622938923205000,1,208.09507635,4.8000
1622939005031000,0,208.13348047,4.8100
1622939005031000,0,141.86651953,4.8100
1622939045275000,1,208.62942558,4.7900
1622939336282000,1,207.16299154,4.8300
1622939857873000,1,207.20022132,4.8300
1622940555220000,1,0.35271913,4.8100
1622940875771000,1,312.15386333,4.8100
1622940875771000,1,207.65045430,4.8100
1622940882190000,1,208.08357499,4.8100
1622940882190000,1,520.06465839,4.8100
1622940925736000,1,207.64408580,4.8200
1622940971789000,1,0.35262630,4.8100
1622941383637000,0,205.57905000,4.8600
1622941392530000,0,100.00000000,4.8700
1622941415732000,0,13.23529412,4.8800
1622941464191000,1,204.87584204,4.8800
1622941464191000,1,168.98750739,4.8700
1622941464191000,1,949.88425923,4.8700
1622941500161000,1,205.09615000,4.8700
1622941500629000,1,0.00000882,4.8700
1622941507874000,1,205.48554212,4.8700
1622941513848000,1,445.88389375,4.8700
1622941594107000,1,205.44270438,4.8700
1622941612675000,1,61.27286874,4.8700
1622941617490000,1,138.72713126,4.8700
1622941848279000,0,30.00000000,4.8700
1622942112505000,0,205.58660730,4.8600
1622942112505000,0,169.75329005,4.8600
1622942112505000,0,514.09978195,4.8600
1622942112587000,1,110.56032070,4.8600
1622942274202000,0,4.25744681,4.8900
1622942274202000,0,40.97042843,4.8900
1622942365758000,1,204.98275977,4.8800
1622942622205000,1,204.66507151,4.8900
1622942643005000,1,204.60062002,4.8900
1622942643005000,1,511.42497086,4.8900
1622942645374000,1,398.09772300,4.8800
1622943065776000,0,422.94356821,4.8900
1622943065776000,0,403.56626241,4.8900
1622943065776000,0,315.00000000,4.9000
1622943065776000,0,168.99927857,4.9000
1622943065776000,0,4.34703332,4.9000
1622943107936000,1,43.14414176,4.8800
1622943108441000,1,107.83881081,4.8800
1622943312999000,0,4.29800000,4.8800
1622943543134000,0,7.06454918,4.9000
1622944690599000,0,204.31504019,4.8900
1622944696388000,1,204.64073350,4.8900
1622944696388000,1,168.34404921,4.8900
1622944696388000,1,386.23700000,4.8900
1622944696388000,1,511.25812489,4.8900
1622944696388000,1,44.37623491,4.8800
1622944729314000,0,203.90659918,4.9000
1622945300862000,1,204.25137257,4.9000
1622945665916000,1,204.23037020,4.9000
1622946171232000,0,168.57894976,4.8900
1622946171232000,0,204.34324979,4.8900
1622946171232000,0,410.77613618,4.9000
1622946171232000,0,526.26272998,4.9000
1622946588987000,1,205.07059974,4.8800
1622946592861000,1,205.08135372,4.8800
1622946990910000,1,204.68700389,4.8900
1622947063546000,1,205.07081075,4.8800
1622947610262000,1,204.16003617,4.9000
1622947683344000,1,204.20471660,4.9000
1622948164585000,1,204.80465651,4.8800
1622948316992000,1,0.34774723,4.8900
1622948560672000,1,204.66640141,4.8900
1622949139167000,1,205.06841563,4.8800
1622949153211000,1,512.62977741,4.8800
1622949467443000,1,513.92102114,4.8600
1622949467443000,1,205.52571354,4.8600
1622949514591000,1,206.36673851,4.8500
1622950039650000,1,205.87206790,4.8600
1622950057396000,1,205.90121832,4.8600
1622950255885000,0,205.08493409,4.8800
1622950331346000,1,205.08493409,4.8700
1622950663693000,1,205.49849193,4.8700
1622950789588000,1,205.94851739,4.8600
1622951097314000,1,925.66872427,4.8600
1622953237328000,1,205.52095455,4.8700
1622953268379000,1,205.47630708,4.8700
1622955639261000,1,510.48725900,4.9000
1622955648200000,1,204.26533232,4.9000
1622955658213000,1,204.19343093,4.9000
1622956164677000,1,510.48725900,4.8800
1622956179471000,1,205.10206275,4.8800
1622956458136000,1,40.00000000,4.8800
1622956882814000,0,24.45306122,4.9000
1622957848883000,0,15.65784114,4.9100
1622958065807000,0,421.66856846,4.9200
1622958065807000,0,4.21000000,4.9200
1622958444811000,0,50.00000000,4.9200
1622958907961000,0,93.07723577,4.9200
1622958960261000,1,8.15135966,4.9000
1622959404391000,0,5.52400835,4.9400
1622959410790000,1,4.47599165,4.9400
1622959437208000,0,141.19220000,4.9500
1622959716378000,1,28.12341197,4.9200
1622959885403000,0,87.71399594,4.9300
1622960148048000,1,205.07004538,4.8800
1622960151180000,1,512.38415632,4.8800
1622960158182000,1,205.06957534,4.8800
1622960158792000,1,512.60280234,4.8800
1622960194488000,0,40.80163599,4.8900
1622960195184000,1,205.08802563,4.8800
1622960450668000,1,205.09828322,4.8800
1622960459373000,1,205.08813824,4.8800
1622960513178000,1,205.10135868,4.8800
1622960519102000,1,7.65926676,4.8800
1622960522977000,1,197.39096152,4.8800
1622960523805000,1,512.66070687,4.8800
1622960584975000,1,205.02322600,4.8800
1622960764586000,1,205.52687947,4.8700
1622960770140000,1,205.49122136,4.8700
1622960907893000,1,205.46462387,4.8700
1622960926886000,1,17.25071674,4.8500
1622960937411000,1,797.10804614,4.8500
1622960946739000,1,206.52963691,4.8400
1622960946739000,1,200.46536309,4.8400
1622961020597000,0,22.97780027,4.8800
1622961020597000,0,281.37027113,4.8800
1622961020597000,0,605.12624195,4.8800
1622961020597000,0,605.12624195,4.8800
1622961036402000,0,391.00000000,4.9100
1622961051756000,0,300.00000000,4.9700
1622961052413000,0,16.32231405,4.9900
1622961052413000,0,32.74208595,4.9900
1622961052482000,0,18.46941302,4.9900
1622961052482000,0,20.57613168,4.9900
1622961052938000,0,14.16837782,5.0000
1622961052938000,0,45.74014189,5.0100
1622961060399000,0,211.15650902,5.0000
1622961076101000,0,307.00000000,5.0100
1622961076101000,0,141.90262000,5.0100
1622961076101000,0,391.00000000,5.0100
1622961076101000,0,635.55446582,5.0100
1622961142475000,0,132.68000000,5.0000
1622961559734000,0,10.07110198,4.9400
1622961560243000,1,41.32231405,4.9200
1622961560252000,1,125.84475743,4.9200
1622961560252000,1,639.03822129,4.9200
1622961598875000,0,167.42605144,4.9300
1622961611948000,1,162.03517494,4.9300
1622961759633000,1,202.61208785,4.9400
1622961791954000,1,37.77918233,4.9300
1622961792681000,1,900.48289000,4.9200
1622961946916000,1,12.67151828,4.9200
1622961947035000,0,296.51241000,4.9200
1622962062953000,0,202.11991237,4.9500
1622962262785000,1,27.03277761,4.9400
1622962379366000,0,395.67461000,4.9500
1622962407348000,1,202.20113000,4.9500
1622962499991000,0,167.76278073,4.9200
1622962499991000,0,203.47617167,4.9200
1622962499991000,0,379.68006760,4.9200
1622962967520000,0,100.00000000,4.9600
1622963640240000,0,50.09257967,4.9300
1622963817200000,1,1316.38397706,4.9400
1622965179528000,1,201.79290000,4.9600
1622965417349000,1,156.87500000,4.9500
1622965444998000,1,201.77567964,4.9600
1622965444998000,1,504.28020561,4.9600
1622965520314000,1,201.77037915,4.9600
1622965597717000,0,201.79290000,4.9500
1622965663829000,1,202.18917361,4.9400
1622965667374000,0,1457.81082639,4.9400
1622966182693000,1,505.38328071,4.9500
1622966276490000,1,1152.43951612,4.9500
1622966276490000,1,505.35276637,4.9500
1622966640592000,1,201.78945378,4.9600
1622966742727000,1,201.76294668,4.9600
1622966742727000,1,504.26697332,4.9600
1622966837398000,1,201.76635237,4.9600
1622966959986000,0,100.00000000,4.9600
1622967339891000,0,500.00000000,4.9700
1622967797552000,1,91.31314470,4.9600
1622968240160000,0,90.07630522,4.9800
1622968271800000,0,201.10828000,4.9700
1622968304570000,0,201.04749000,4.9700
1622968518564000,1,17.47693070,4.9600
1622969003899000,1,201.36876058,4.9700
1622969003899000,1,98.63123942,4.9700
1622969109911000,0,201.16879215,4.9700
1622969109911000,0,129.13301871,4.9700
1622969176217000,0,201.83693000,4.9500
1622969232642000,0,102.03722000,4.9400
1622969358040000,0,203.00000000,4.9400
1622969386087000,0,202.29243601,4.9400
1622969386087000,0,506.21586685,4.9400
1622969386087000,0,47.22099006,4.9500
1622969610449000,1,201.78461000,4.9500
1622970155230000,1,200.45145720,4.9800
1622970158460000,0,151.78461000,4.9700
1622970174373000,0,50.00000000,4.9500
1622970243737000,0,16.85499627,4.9400
1622970362197000,0,30.72782132,4.9400
1622970387047000,0,396.75462186,4.9500
1622970387047000,0,166.85225966,4.9500
1622970387047000,0,202.13617776,4.9500
1622970387163000,1,22.32562758,4.9500
1622970404900000,0,300.00000000,4.9500
1622970459979000,1,300.00000000,4.9400
1622970783103000,1,202.57711306,4.9300
1622970840272000,0,7.48909709,4.9400
1622971168313000,1,202.55793450,4.9300
1622971168313000,1,507.43153932,4.9300
1622971231375000,1,202.90197451,4.9300
1622971231375000,1,507.25493628,4.9300
1622971311146000,1,507.41115836,4.9300
1622971398763000,1,202.96449642,4.9300
1622971534905000,1,202.97268236,4.9300
1622971534905000,1,507.43361035,4.9300
1622971966103000,1,5.12114989,4.9300
1622972355785000,0,9.56680161,4.9400
1622972520245000,0,8.93320441,4.9400
1622973706303000,0,6.97874494,4.9300
1622974368765000,0,167.92849929,4.9100
1622974368765000,0,141.11272000,4.9200
1622974368765000,0,333.99937124,4.9200
1622974368765000,0,556.95940947,4.9200
1622974386789000,1,203.84952386,4.9100
1622974395059000,1,203.84404775,4.9100
1622974640539000,1,204.46215460,4.8900
1622974669360000,1,205.10703960,4.8800
1622974669832000,1,168.70591693,4.8700
1622974669832000,1,512.73301421,4.8700
1622974669832000,1,415.70476755,4.8700
1622974669832000,1,55.29581743,4.8700
1622975415900000,0,50.00000000,4.8900
1622975468248000,1,204.64293383,4.8900
1622975681283000,1,220.00000000,4.8700
1622975742935000,0,17.58624908,4.8800
1622975975647000,1,153.78067342,4.8600
1622975980270000,1,53.62260860,4.8500
1622975985887000,1,206.28455289,4.8500
1622976008583000,1,205.44393897,4.8700
1622976736807000,1,511.59899804,4.8900
1622976736807000,1,204.63959922,4.8900
1622976876326000,1,204.68685577,4.8900
1622977618451000,1,1309.96106571,4.8700
1622977763248000,1,168.67694266,4.8800
1622977763248000,1,40.80115257,4.8800
1622980080273000,0,7.51277440,4.8900
1622980566959000,0,204.74986792,4.8800
1622980818559000,0,1301.73415132,4.8900
1622981481809000,0,203.90565417,4.9000
1622981495439000,0,203.91665580,4.9000
1622982239851000,0,5.04778340,4.9200
1622982519666000,0,19.22109533,4.9300
1622982527763000,0,19.25760649,4.9300
1622982543138000,1,20.20081135,4.9300
1622984489641000,0,50.86761711,4.9100
1622985349483000,0,19.21138211,4.9200
1622985744136000,0,205.20471225,4.8700
1622985821173000,0,205.16461307,4.8700
1622987190335000,1,69.99999999,4.8500
1622987190357000,1,0.00000001,4.8500
1622987936392000,1,25.96729776,4.8500
1622988235036000,0,10.11909650,4.8700
1622988279834000,1,5.05954825,4.8600
1622989345748000,0,6.12936344,4.8700
1622989510747000,1,48.35200000,4.8700
1622989735079000,0,89.87116564,4.8900
1622991249953000,0,202.75200382,4.9300
1622991664528000,0,203.51545095,4.9100
1622991664612000,1,508.80231818,4.9100
1622991665328000,1,430.34007201,4.9100
1622992041816000,0,202.65556067,4.9300
1622993160279000,1,9.44334802,4.9600
1622994374607000,0,7.50000000,4.9400
1622994519495000,1,10.00000000,4.9400
1622995088493000,1,202.60622104,4.9400
1622995204332000,0,202.79067918,4.9300
1622995369955000,0,202.28396492,4.9400
1622995634518000,0,201.52352082,4.9600
1622995896903000,0,22.29979879,4.9700
1622996875469000,1,61.34047109,4.9500
1622997211899000,1,419.70654003,4.9400
1622997211899000,1,166.36268739,4.9400
1622997211899000,1,139.74398000,4.9400
1622997211899000,1,386.23700000,4.9400
1622997211899000,1,189.68394390,4.9400
1622997610361000,0,201.12903225,4.9600
1622998080305000,0,5.97819666,4.9700
1622998410470000,0,35.57459677,4.9600
1622999251890000,1,97.65426322,4.9400
1623000062822000,1,50.00000000,4.9400
1623000435496000,0,10.00000000,4.9300
1623000840983000,1,203.01773761,4.9300
1623001844522000,0,10.00000000,4.9200
1623001981478000,0,10.00000000,4.9200
1623002077205000,0,203.07982732,4.9200
1623002737253000,0,167.90347135,4.9100
1623002737253000,0,68.75029647,4.9100
1623003081486000,0,123.00000000,4.9100
1623003381093000,0,204.37919040,4.8900
1623003381427000,1,168.39227356,4.8800
1623003381427000,1,205.04405264,4.8800
1623003381427000,1,386.23700000,4.8800
1623003381427000,1,382.98451494,4.8800
1623003381492000,1,100.00000000,4.8800
1623003857804000,1,300.00000000,4.8900
1623003895503000,0,20.34815697,4.8900
1623003902609000,1,10.01084010,4.8800
1623003949004000,0,204.33358269,4.8900
1623003950201000,0,510.89959797,4.8900
1623004309537000,0,511.03573602,4.8900
1623004309537000,0,204.74769160,4.8900
1623005334785000,1,205.10713533,4.8800
1623005988660000,0,5.09746350,4.8900
1623006030687000,1,62.04928131,4.8700
1623006123373000,0,20.38934426,4.8800
1623006248918000,1,168.98170428,4.8700
1623006248995000,0,199.88256718,4.8700
1623006273992000,1,205.51172824,4.8700
1623006273992000,1,163.35254321,4.8700
1623006365241000,0,106.81147540,4.8800
1623006707259000,0,219.32172131,4.8800
1623007875924000,1,50.00000000,4.8600
1623008911292000,1,25.05042302,4.8600
1623009000261000,1,26.58126454,4.8600
1623009687811000,1,206.36204234,4.8500
1623010068021000,1,200.00000000,4.8500
1623010202274000,1,169.88219329,4.8300
1623010202274000,1,48.13452709,4.8300
1623010345187000,1,2050.00000000,4.8500
1623010516233000,0,100.00000000,4.8600
1623012010717000,0,7.09362140,4.9100
1623012619995000,0,19.59026369,4.9300
1623012626363000,0,4.65922920,4.9300
1623012944963000,0,4.19100000,4.9600
1623012944963000,0,197.01867741,4.9600
1623013686266000,1,202.21285042,4.9400
1623013695713000,1,202.57610219,4.9400
1623013703894000,1,202.60011317,4.9400
1623013847727000,0,6.97874494,4.9400
1623014108779000,0,168.10282258,4.9600
1623014727702000,0,36.39919354,4.9600
1623015000277000,0,19.96478572,4.9600
1623015080204000,1,1123.79797979,4.9400
1623015591549000,1,258.77532555,4.9500
1623015629223000,1,41.22467445,4.9500
1623015629223000,1,202.18746597,4.9500
1623015754054000,1,202.17544242,4.9500
1623015754054000,1,505.32578758,4.9500
1623015965523000,0,100.71052631,4.9400
1623016233847000,1,202.59566228,4.9400
1623016233847000,1,350.00000000,4.9400
1623016240178000,1,202.61236318,4.9400
1623016686966000,0,41.58299595,4.9400
1623016757092000,0,20.46628536,4.9400
1623017581194000,1,201.79530561,4.9600
1623017581796000,1,504.30635503,4.9600
1623017659722000,0,201.47438540,4.9600
1623017659722000,0,166.02036309,4.9600
1623017659722000,0,100.00000000,4.9600
1623017659722000,0,504.09143649,4.9600
1623017659722000,0,319.08316985,4.9600
1623017709157000,1,1313.75340819,4.9400
1623017713652000,1,0.25890224,4.9400
1623017738871000,1,0.31894305,4.9400
1623017738871000,1,400.00000000,4.9400
1623017738871000,1,506.30392456,4.9400
1623017745192000,1,202.57792631,4.9400
1623017799378000,1,107.39081033,4.9200
1623017841897000,1,0.26676693,4.9000
1623017965066000,0,204.74245249,4.8900
1623018434084000,1,18.78781726,4.9000
1623018723096000,1,381.21218274,4.9000
1623018727848000,1,0.31068122,4.9000
1623018733963000,0,203.96648843,4.9000
1623018733963000,0,168.12975157,4.9000
1623018776525000,1,386.23700000,4.8800
1623018776525000,1,168.22927904,4.8800
1623018776525000,1,736.20307579,4.8800
1623018780347000,1,204.76885353,4.8800
1623019417762000,1,400.00000000,4.8700
1623019417762000,1,450.00000000,4.8700
1623019445334000,0,18.06981520,4.8700
1623019445508000,0,18.89117043,4.8700
1623019648984000,1,19.80083857,4.8700
1623020323329000,0,203.87482625,4.9100
1623020373225000,0,203.47553000,4.9200
1623021831083000,1,600.00000000,4.9400
1623021838867000,1,202.58228102,4.9400
1623021842191000,1,506.42487072,4.9400
1623021984253000,1,202.60326071,4.9400
1623022054781000,1,202.53454472,4.9400
1623022086225000,1,0.29175473,4.9500
1623022232450000,1,450.00000000,4.9400
1623022244168000,1,202.57017874,4.9400
1623022268685000,1,202.48434566,4.9400
1623022268685000,1,506.22112927,4.9400
1623022292564000,1,202.56368707,4.9400
1623022396181000,1,0.26724537,4.9400
1623022454982000,1,202.59156427,4.9400
