timestamp ms,type,amount,price
1623196858801000,0,400.00000000,4.4100
1623196909311000,0,74.82240432,4.4200
1623197029516000,0,225.54757677,4.4300
1623197029516000,0,395.68886448,4.4300
1623197029518000,0,168.45222041,4.4300
1623197029518000,0,185.59137139,4.4300
1623197029518000,0,267.19284945,4.4300
1623197029523000,0,19.01873059,4.4300
1623197113588000,1,7.58865763,4.4000
1623197114107000,1,101.22846918,4.4000
1623197114337000,1,118.19695031,4.4000
1623197114420000,1,0.00000001,4.4000
1623197305117000,1,300.00000000,4.3500
1623197305753000,1,188.78321502,4.3400
1623197305753000,1,386.23700000,4.3400
1623197305753000,1,209.03327335,4.3400
1623197305809000,1,21.07027446,4.3400
1623197305809000,1,19.94799038,4.3300
1623197306505000,1,188.98043116,4.3400
1623197306505000,1,19.94799000,4.3400
1623197306505000,1,284.05200962,4.3300
1623197306505000,1,1632.62340214,4.3300
1623197306505000,1,399.00000000,4.3300
1623197306505000,1,471.83746476,4.3300
1623197306505000,1,3.55870232,4.3300
1623197334440000,0,5.76036866,4.3400
1623197336183000,1,45.06772009,4.3300
1623197340314000,1,27.65698379,4.3300
1623197473897000,0,132.35388127,4.3800
1623197718307000,1,230.04748687,4.3500
1623198119195000,1,5.76036866,4.3300
1623198135023000,1,10.00000000,4.3100
1623198135023000,1,156.55448006,4.3100
1623198279975000,0,50.00000000,4.3200
1623199060383000,1,229.91624000,4.3500
1623199105431000,1,230.07470227,4.3400
1623200239554000,1,233.32134748,4.2900
1623200273100000,1,57.49632459,4.2700
1623200329401000,1,1961.40999859,4.2700
1623200546389000,1,232.66862625,4.3000
1623200546389000,1,581.67156562,4.3000
1623200578687000,1,1512.70623107,4.2800
1623200578687000,1,1517.11559228,4.2800
1623200581038000,1,250.00000000,4.2700
1623200585504000,1,192.11350613,4.2700
1623201926594000,0,232.81435541,4.3000
1623202696795000,1,584.66306456,4.2700
1623202696795000,1,233.87904535,4.2700
1623202718123000,0,5.85480093,4.2700
1623202789897000,1,233.28719458,4.2900
1623202789897000,1,583.23951542,4.2900
1623202790292000,1,0.00001424,4.2900
1623203122346000,1,4.76760563,4.2600
1623203209085000,0,418.76068819,4.2700
1623203296980000,1,192.57635000,4.2700
1623203350726000,1,25.10468355,4.2600
1623203604493000,1,106.10826869,4.2500
1623203633540000,1,193.89173131,4.2500
1623203650552000,1,53.21334745,4.2500
1623203748650000,1,140.44868528,4.2600
1623203834776000,1,5.85480093,4.2400
1623204028727000,0,235.45694000,4.2500
1623204591194000,1,236.04352978,4.2400
1623204798686000,1,200.00000000,4.2300
1623204809934000,0,50.00000000,4.2300
1623204856832000,1,591.73472368,4.2200
1623204856832000,1,236.65678042,4.2200
1623205049129000,1,84.44994097,4.2000
1623205049299000,1,142.98881431,4.2000
1623205066843000,1,1427.56124472,4.2000
1623205066843000,1,125.94523809,4.2000
1623205530451000,1,236.57445221,4.2300
1623205530451000,1,591.40961428,4.2300
1623205592756000,1,236.54970519,4.2300
1623205701710000,1,195.52612469,4.1900
1623205701710000,1,595.77595471,4.1900
1623205701710000,1,238.42337181,4.1900
1623205701710000,1,360.94023319,4.1900
1623205740065000,1,32.78095238,4.2100
1623206013589000,0,9.33014354,4.1800
1623206014471000,0,9.56937799,4.1800
1623206014509000,0,4.78708134,4.1800
1623206060023000,1,239.85089622,4.1700
1623206426807000,0,236.71259595,4.2200
1623206852013000,0,9.56937799,4.2900
1623207033107000,1,233.21636424,4.2900
1623207033107000,1,582.84153066,4.2900
1623207208406000,0,193.44044941,4.2500
1623207208527000,1,193.44044941,4.2500
1623207208594000,1,41.61128118,4.2500
1623207442007000,1,236.59085981,4.2300
1623207442007000,1,591.47714953,4.2300
1623207585593000,0,194.28292000,4.2300
1623207629546000,1,236.53642443,4.2300
1623207666883000,1,76.02850356,4.2100
1623207722928000,1,200.00000000,4.2000
1623208337015000,0,76.02850356,4.2400
1623208337015000,0,236.12469887,4.2400
1623208464321000,0,16.81733021,4.2700
1623208612812000,1,234.39356000,4.2700
1623208612985000,1,0.00000682,4.2700
1623208626662000,1,234.37973727,4.2700
1623208626662000,1,585.91909439,4.2700
1623208628189000,1,234.48003000,4.2600
1623208751879000,1,234.40478355,4.2700
1623208805194000,1,234.43586059,4.2700
1623208813989000,0,233.96765944,4.2700
1623208813989000,0,192.48910933,4.2700
1623208813989000,0,126.68448536,4.2800
1623208820695000,0,192.48910000,4.2700
1623208827410000,0,0.00000933,4.2700
1623208832174000,1,192.48909067,4.2700
1623208968493000,1,0.43109798,4.2700
1623209007576000,1,585.83362000,4.2700
1623209180788000,1,22.00000000,4.2500
1623209680967000,1,236.61889181,4.2300
1623209959080000,0,650.00000000,4.2300
1623209959653000,0,885.61982621,4.2300
1623210027409000,0,74.39218999,4.2400
1623210891078000,1,234.94823573,4.2600
1623210891078000,1,192.68586427,4.2600
1623210914003000,1,234.88406639,4.2600
1623210975645000,1,400.00000000,4.2500
1623211061574000,1,236.07029972,4.2400
1623211076658000,1,236.08428493,4.2400
1623211513366000,1,234.99321000,4.2500
1623211530337000,1,235.60756253,4.2400
1623211667138000,1,293.93690476,4.2000
1623213016914000,1,138.31771894,4.1800
1623213068763000,0,5.98086124,4.2100
1623213455226000,0,105.76291079,4.2600
1623213677988000,0,4.65000000,4.2600
1623213749235000,0,386.23700000,4.2600
1623213749235000,0,108.07051173,4.2600
1623213787260000,1,236.10362984,4.2400
1623214534544000,1,200.00000000,4.2800
1623214534544000,1,53.19483101,4.2800
1623214601034000,0,41.68997668,4.2900
1623214852771000,0,231.80018011,4.3100
1623214852771000,0,190.81678458,4.3100
1623214852996000,1,436.68929981,4.3100
1623215119156000,0,9.33014354,4.3200
1623215164166000,0,21.80593306,4.3300
1623215210204000,1,231.18511842,4.3300
1623215434364000,0,91.70736181,4.3400
1623215456785000,1,5.98086124,4.3100
1623215758961000,0,4.78708134,4.3500
1623215782083000,0,289.00000000,4.3600
1623215880273000,0,115.28876790,4.3700
1623215931606000,1,573.21452384,4.3500
1623216331574000,0,229.64898325,4.3500
1623216331574000,0,188.99648526,4.3500
1623216331574000,0,248.53261742,4.3600
1623216477574000,1,20.00000000,4.3500
1623217019479000,0,146.59633027,4.3600
1623217218974000,0,17.21839080,4.3500
1623217461856000,0,45.86666666,4.3500
1623217877394000,0,45.95957855,4.3400
1623218661988000,1,231.10585678,4.3300
1623218683584000,1,231.13098900,4.3300
1623218709232000,1,231.14065566,4.3300
1623219695804000,1,188.18098317,4.3600
1623219695804000,1,41.81901683,4.3600
1623219783217000,0,10.00000000,4.3900
1623219861254000,0,4.69500000,4.4100
1623219861254000,0,422.58205993,4.4100
1623219861254000,0,186.83887639,4.4100
1623219861254000,0,14.11162683,4.4100
1623219861254000,0,222.55701734,4.4100
1623219942207000,1,228.41620433,4.3800
1623219942694000,1,73.96190476,4.3700
1623220148685000,1,228.46337332,4.3800
1623220148685000,1,571.15843330,4.3800
1623220260633000,1,100.00000000,4.3800
1623220370997000,0,200.00000000,4.3800
1623220417314000,0,15.00000000,4.3800
1623220579227000,1,73.83715596,4.3600
1623221061587000,0,300.00000000,4.4000
1623221079335000,1,226.85573479,4.4100
1623221151598000,1,226.96066202,4.4100
1623221384443000,0,50.00000000,4.4100
1623221429799000,1,105.76291079,4.4100
1623221507377000,0,33.87822791,4.4100
1623221687916000,0,225.54893252,4.4300
1623221687916000,0,112.99985851,4.4300
1623221829205000,1,0.41928948,4.4200
1623221987522000,0,103.43146067,4.4500
1623222030885000,1,225.95498155,4.4300
1623222478394000,0,225.59510330,4.4300
1623222478394000,0,563.98775826,4.4300
1623222628517000,1,392.00980000,4.4200
1623222629954000,1,225.96382798,4.4200
1623222636375000,1,566.05695325,4.4200
1623222779735000,1,300.00000000,4.4100
1623222941107000,1,26.61130136,4.4100
1623223049391000,1,47.05882353,4.4300
1623223155654000,1,225.85377994,4.4300
1623223279524000,1,50.00000000,4.4100
1623223587469000,0,1655.00000000,4.3900
1623224152247000,1,7.17505995,4.3900
1623224296994000,1,227.50089838,4.4000
1623224586733000,1,226.88105879,4.4100
1623224612208000,1,226.95076044,4.4100
1623224969444000,1,160.00000000,4.4000
1623224994173000,0,227.16223749,4.4000
1623225003664000,1,186.99052633,4.3900
1623225003664000,1,41.99284659,4.3900
1623225170065000,0,8.07744875,4.4000
1623225296726000,1,571.29785434,4.3700
1623225296726000,1,228.59077233,4.3700
1623225299202000,1,446.62396093,4.3600
1623225462110000,1,1500.30733944,4.3600
1623225707574000,1,12.10926807,4.3300
1623225741888000,1,581.95601851,4.3200
1623225809613000,1,7.72157772,4.3100
1623225810222000,1,300.00000000,4.3000
1623225810222000,1,550.78458049,4.3000
1623225861815000,1,100.00000000,4.3000
1623226073737000,0,189.79133645,4.3300
1623226073737000,0,10.20866355,4.3300
1623226077052000,1,12.50000000,4.3200
1623226113581000,0,159.03225806,4.3400
1623226438500000,1,229.58597587,4.3600
1623226446478000,1,35.08335480,4.3500
1623226459478000,1,1628.91664520,4.3500
1623226794325000,0,16.98275862,4.3300
1623226819094000,0,230.74330074,4.3300
1623226819094000,0,275.48652253,4.3400
1623227595611000,0,231.81358449,4.3100
1623227777484000,1,0.42641248,4.2900
1623227836759000,1,575.00000000,4.2700
1623228260902000,0,232.77790840,4.3000
1623228366393000,0,231.89173587,4.3100
1623228638646000,0,20.00000000,4.3000
1623228789807000,1,4.82863849,4.2600
1623228796062000,1,167.28101277,4.2500
1623228796064000,1,132.71898723,4.2500
1623228796064000,1,234.77878141,4.2500
1623228800304000,1,824.91587963,4.2300
1623228804334000,1,366.97671955,4.2300
1623228864053000,0,100.00000000,4.2400
1623228988515000,1,234.90304726,4.2600
1623228995823000,1,234.98452674,4.2600
1623228999786000,1,234.96599830,4.2600
1623229201510000,1,234.35016259,4.2700
1623229201510000,1,585.84187833,4.2700
1623229260539000,1,234.52386837,4.2600
1623229793166000,0,22.18779342,4.2600
1623229824674000,1,234.99256708,4.2500
1623229983083000,1,234.94691128,4.2600
1623230037187000,1,235.43783222,4.2500
1623230037187000,1,588.57773710,4.2500
1623230100855000,0,585.69751419,4.2700
1623230341058000,1,192.32853902,4.2600
1623230341058000,1,144.52750805,4.2600
1623230516125000,0,25.00000000,4.2900
1623230727021000,0,232.37067379,4.3000
1623230752292000,0,232.47572065,4.3000
1623230757829000,0,232.33548001,4.3000
1623230757829000,0,580.91297475,4.3000
1623230940435000,1,7.82247191,4.2800
1623231491785000,1,234.89122422,4.2600
1623231501193000,1,587.22176985,4.2600
1623231692092000,1,0.37078744,4.2600
1623231735363000,0,120.00000000,4.2600
1623232037465000,1,1145.12470000,4.2300
1623232037654000,1,0.00000588,4.2300
1623232554655000,0,28.27547807,4.2200
1623232640366000,1,38.66180048,4.2200
1623232652575000,0,109.73758865,4.2300
1623232716625000,1,195.18272000,4.2100
1623232849392000,1,2649.49999999,4.2000
1623232849392000,1,11.74764150,4.2000
1623232887656000,1,14.13773903,4.2000
1623232891755000,1,14.13773904,4.2000
1623233073231000,0,236.73984000,4.2200
1623233104772000,0,591.68182580,4.2300
1623233104772000,0,126.12306420,4.2300
1623233222561000,1,100.00000000,4.2200
1623233526686000,0,1739.24460215,4.2200
1623233726790000,1,443.86052500,4.2100
1623233849033000,0,59.85766551,4.2300
1623233849033000,0,175.61369690,4.2400
1623233986218000,0,19.95047169,4.2300
1623234673811000,1,192.66575729,4.2500
1623234673811000,1,386.23700000,4.2500
1623234673811000,1,193.13136997,4.2400
1623234673811000,1,162.48110000,4.2400
1623234673811000,1,310.00000000,4.2400
1623234673811000,1,399.71800000,4.2400
1623234673811000,1,107.35051270,4.2400
1623234960315000,0,96.77639132,4.2800
1623235339436000,0,232.92691247,4.2900
1623235339436000,0,191.37549271,4.2900
1623235339436000,0,282.63931976,4.2900
1623236387108000,1,234.39489651,4.2700
1623236387108000,1,585.71473458,4.2700
1623236387108000,1,1522.49442969,4.2700
1623236522712000,0,23.36299765,4.2700
1623237373007000,1,233.32790447,4.2900
1623238605883000,1,233.33283494,4.2900
1623238607518000,1,0.38444282,4.2900
1623238645070000,0,191.42793256,4.2900
1623238645070000,0,161.55216000,4.3000
1623238645070000,0,15.04415844,4.3000
1623238661142000,1,233.33119143,4.2900
1623238699074000,0,25.00000000,4.3100
1623238933591000,1,8.95500000,4.3000
1623239094924000,1,117.06376888,4.3100
1623239573015000,1,229.57666000,4.3600
1623239837600000,0,7.72157772,4.3900
1623239837600000,0,219.72716943,4.3900
1623240035206000,0,227.96152212,4.3900
1623240067949000,1,569.69916691,4.3900
1623240068109000,1,228.02442257,4.3900
1623240161748000,0,1022.83429434,4.3900
1623240183006000,0,12.93565793,4.4000
1623240188700000,0,50.00000000,4.4000
1623240189384000,0,2586.56434206,4.4000
1623240195022000,0,227.26488000,4.4000
1623240214464000,0,227.26395000,4.4000
1623240223232000,1,109.73758865,4.3900
1623240242994000,1,1821.25545594,4.3900
1623240341457000,0,38.34851936,4.3900
1623240456498000,1,227.94596133,4.3900
1623240461399000,1,227.98386125,4.3900
1623240647340000,1,102.82687927,4.3900
1623240648208000,1,228.01885693,4.3900
1623240734708000,1,227.98498533,4.3900
1623240866998000,1,400.00000000,4.3900
1623240986277000,1,228.54281121,4.3700
1623241200288000,0,12.99657598,4.4000
1623241383047000,1,227.98888205,4.3900
1623241830022000,0,43.83715596,4.4000
1623241916794000,0,4.75500000,4.4100
1623241916794000,0,186.35927182,4.4100
1623241916794000,0,758.43448101,4.4100
1623242968211000,0,36.71363636,4.3400
1623242968420000,1,50.00000000,4.3300
1623242968420000,1,189.21384753,4.3300
1623242968420000,1,342.74217098,4.3300
1623243664225000,1,117.99134886,4.3100
1623243705317000,1,14.99999999,4.3000
1623243705323000,1,0.00000001,4.3000
1623243705324000,1,232.80850155,4.2900
1623243705324000,1,190.66109340,4.2900
1623243728951000,0,44.67674418,4.2900
1623243822606000,0,111.49767441,4.3000
1623243867216000,1,36.71363636,4.2900
1623244622541000,0,231.24895720,4.3200
1623244681987000,0,231.77474797,4.3100
1623244779335000,0,8.50580046,4.3100
1623245025538000,1,235.47136241,4.2900
1623245055503000,1,629.91325297,4.2900
1623245352687000,1,190.79248393,4.2900
1623245352687000,1,177.23176707,4.2900
1623245419931000,1,103.43146067,4.2800
1623245617688000,1,0.39296966,4.2700
1623245843489000,1,4.89671361,4.2600
1623245985470000,0,3844.03760500,4.2600
1623246006911000,0,3842.81470506,4.2600
1623246007411000,0,3842.16946955,4.2600
1623246007525000,0,192.09590863,4.2600
1623246007958000,0,3841.39505781,4.2600
1623246030130000,0,175.17840375,4.2600
1623246066099000,0,193.11900000,4.2600
1623246066121000,0,3841.51933186,4.2600
1623246066618000,0,3840.09709975,4.2600
1623246067155000,0,3838.94690247,4.2600
1623246067677000,0,3838.27053517,4.2600
1623246083923000,1,2731.51529411,4.2500
1623246083923000,1,587.11757516,4.2500
1623246083923000,1,234.97635960,4.2500
1623246135977000,1,1529.37722298,4.2500
1623246135977000,1,192.44700646,4.2500
1623246135977000,1,453.37813162,4.2500
1623246135977000,1,587.12507644,4.2500
1623246135977000,1,235.07523821,4.2500
1623246135977000,1,386.23700000,4.2500
1623246136108000,0,192.27461642,4.2500
1623246136203000,0,3848.07064218,4.2500
1623246136385000,0,193.11900000,4.2500
1623246136768000,0,1463.46848881,4.2500
1623246480272000,0,27.82684302,4.2700
1623246576448000,0,4.67136150,4.2600
1623247023162000,1,0.36473856,4.2700
1623247404247000,1,584.36942341,4.2800
1623247404247000,1,233.74776937,4.2800
1623247689273000,0,12.15509259,4.3200
1623247704001000,0,141.26000000,4.3100
1623247811342000,1,231.69932474,4.3200
1623248040270000,0,190.25524973,4.3100
1623248906682000,1,227.44874715,4.2500
1623249000458000,1,17.81051450,4.2500
1623249225611000,0,233.94293379,4.2700
1623249282772000,0,584.76647268,4.2800
1623249282772000,0,233.93836006,4.2800
1623249282772000,0,191.82240830,4.2800
1623249282772000,0,288.00000000,4.2900
1623249282772000,0,397.24554973,4.2900
1623249673813000,1,233.87518055,4.2700
1623249673813000,1,585.29474875,4.2700
1623249688299000,1,234.37529130,4.2700
1623250023303000,1,0.44434483,4.3000
1623250178640000,0,190.91013158,4.3100
1623250178640000,0,40.59798906,4.3100
1623250389874000,1,100.00000000,4.2600
1623250399899000,0,144.27378855,4.2500
1623250554961000,1,10.00000000,4.2000
1623250554961000,1,460.37798019,4.2000
1623250554961000,1,194.97662860,4.2000
1623250554961000,1,386.23700000,4.2000
1623250554961000,1,192.04236276,4.1900
1623250554961000,1,293.00000000,4.1900
1623250554961000,1,159.13881922,4.1900
1623250602185000,1,111.49767441,4.2000
1623250707184000,0,237.40399162,4.2100
1623250712909000,0,4.75296912,4.2100
1623250725328000,0,14.72684086,4.2100
1623250728389000,0,14.96437055,4.2100
1623250967584000,1,125.94523809,4.2500
1623251050307000,0,301.00000000,4.3100
1623251054262000,0,14.72684086,4.3200
1623251149464000,0,190.21385909,4.3300
1623251149464000,0,456.65972351,4.3300
1623251149464000,0,303.00000000,4.3300
1623251149464000,0,399.00000000,4.3300
1623251149464000,0,161.74103000,4.3300
1623251149464000,0,129.14520264,4.3300
1623251221100000,0,107.88194444,4.3200
1623251222445000,1,41.68997668,4.2900
1623251281622000,0,57.53935185,4.3200
1623251283884000,1,115.34106000,4.3100
1623251284137000,1,0.00000728,4.3100
1623251442825000,0,231.77298824,4.3100
1623251461717000,1,57.80465116,4.3000
1623251502789000,1,50.00000000,4.2900
1623251502789000,1,96.59633027,4.2800
1623251591982000,1,107.88194444,4.2900
1623251644581000,0,231.82863830,4.3100
1623251644581000,0,579.57159575,4.3100
1623251652619000,0,231.77513089,4.3100
1623251666329000,0,231.47870688,4.3200
1623251666329000,0,20.83283412,4.3200
1623251771890000,0,14.96437055,4.3500
1623251771890000,0,706.94172494,4.3500
1623251865407000,0,8.50000000,4.3800
1623251917572000,0,188.28919040,4.3700
1623251917572000,0,301.00000000,4.3800
1623251917572000,0,80.54936939,4.3800
1623252065885000,1,187.50971525,4.3700
1623252065885000,1,572.41702178,4.3700
1623252065885000,1,879.83307821,4.3700
1623252081479000,0,4.75296912,4.3900
1623252174461000,0,227.58363679,4.3900
1623252184873000,0,10.00000000,4.4000
1623252184873000,0,1664.00000000,4.4000
1623252189604000,0,186.27583000,4.4000
1623252284409000,1,100.00000000,4.3800
1623252352862000,0,4.82500000,4.4100
1623252436260000,0,227.55889629,4.3900
1623252436260000,0,187.14976663,4.3900
1623252436260000,0,304.00000000,4.4000
1623252436260000,0,157.22220000,4.4000
1623252436260000,0,446.46707318,4.4000
1623252436260000,0,568.60529102,4.4000
1623252436260000,0,1062.39611075,4.4000
1623252526210000,0,227.96260586,4.3900
1623252620016000,0,2048.51940594,4.4100
1623252676550000,0,46.86128472,4.4200
1623252676608000,0,2684.65400939,4.4200
1623252676608000,0,102.82687927,4.4200
1623252708673000,1,2048.51940594,4.4200
1623252761713000,0,37.16948099,4.4200
1623253233564000,1,20.00000000,4.4200
1623253381224000,0,225.52246983,4.4300
1623253381224000,0,185.32790708,4.4300
1623253381224000,0,156.40131609,4.4300
1623253527408000,0,100.00000000,4.4500
1623253527408000,0,22.00000000,4.4500
1623253530937000,1,11.66350000,4.4500
1623253550936000,0,184.30206593,4.4600
1623253550936000,0,316.00000000,4.4700
1623253550936000,0,21.81529109,4.4700
1623253550936000,0,386.23700000,4.4700
1623253550936000,0,435.66639714,4.4700
1623253550936000,0,255.94636455,4.4700
1623253764083000,1,231.50812064,4.4600
1623254040332000,1,8.69413629,4.4500
1623254111366000,0,471.14541387,4.4700
1623254298567000,0,9.99999999,4.4900
1623254298839000,0,0.00000001,4.4900
1623254400487000,1,8.34726389,4.4500
1623254463953000,1,222.84945621,4.4900
1623254500402000,1,222.84945000,4.4800
1623254528331000,1,150.00000000,4.4600
1623254597532000,1,224.62647925,4.4500
1623254657404000,1,224.54184000,4.4600
1623254725365000,1,224.71928890,4.4500
1623254725365000,1,275.28071110,4.4500
1623254795348000,1,225.42847141,4.4400
1623254925793000,1,10.00000000,4.4100
1623254977031000,1,0.39973902,4.4000
1623254977129000,1,16.81733021,4.3900
1623254977929000,1,568.50673846,4.4000
1623254977929000,1,386.23700000,4.3900
1623254977929000,1,186.68733187,4.3900
1623254977929000,1,877.47525285,4.3900
1623255384006000,1,115.34253514,4.4200
1623255526237000,1,185.68744964,4.4100
1623255526237000,1,75.65787410,4.4100
1623255534397000,1,25.00000000,4.4100
1623255720289000,1,25.28098432,4.4300
1623255760116000,0,168.37078651,4.4500
1623255778721000,0,16.57798013,4.4500
1623255778721000,0,67.60853672,4.4500
1623255778995000,1,60.09640818,4.4400
1623255779775000,1,24.27859182,4.4400
1623255784597000,0,185.05855178,4.4400
1623255784621000,0,0.00000001,4.4400
1623256388086000,1,20.00000000,4.4200
1623256408186000,1,206.36291235,4.4200
1623256408186000,1,565.89969550,4.4200
1623256408186000,1,185.61792992,4.4200
1623256408186000,1,469.69754009,4.4100
1623256408186000,1,72.72926158,4.4100
1623256525440000,1,185.70774888,4.4100
1623256525440000,1,114.29225112,4.4100
1623256637458000,1,225.42385818,4.4400
1623256824823000,0,112.21621621,4.4400
1623256981616000,0,224.25217000,4.4600
1623257145584000,0,1000.00000000,4.4700
1623257732905000,0,224.50529018,4.4500
1623257732905000,0,561.36144078,4.4500
1623257732905000,0,184.73657732,4.4500
1623257732905000,0,463.55991178,4.4600
1623257732905000,0,386.23700000,4.4600
1623257732905000,0,155.29789000,4.4600
1623257732905000,0,55.40871227,4.4600
1623257732905000,0,461.85689471,4.4600
1623257732905000,0,695.00000000,4.4600
1623257732905000,0,1459.76029763,4.4600
1623257732905000,0,461.63694757,4.4700
1623257732905000,0,289.00000000,4.4700
1623257732905000,0,399.00000000,4.4700
1623257732905000,0,1282.00000000,4.4700
1623257732989000,1,193.11900000,4.4700
1623257732991000,1,50.42097450,4.4700
1623257733003000,1,3693.44364691,4.4700
1623257733011000,1,612.37372312,4.4700
1623257733044000,1,300.00000000,4.4700
1623257733056000,1,184.66301207,4.4700
1623257733075000,1,155.29789000,4.4700
1623257733127000,1,600.00000000,4.4700
1623257733204000,1,612.37372312,4.4700
1623257733412000,1,162.24464205,4.4700
1623257733457000,1,81.09972312,4.4700
1623257733457000,1,54.37242000,4.4700
1623257733511000,1,3692.34631737,4.4700
1623257733587000,1,270.79740132,4.4700
1623257733599000,1,800.00000000,4.4700
1623257733725000,1,81.09972312,4.4700
1623257733826000,1,157.25624608,4.4700
1623257734016000,1,612.37372312,4.4700
1623257734090000,1,81.09972312,4.4700
1623257734128000,1,3691.53956898,4.4700
1623257734147000,1,184.58753529,4.4700
1623257734150000,1,461.46883823,4.4700
1623257734200000,1,612.37372312,4.4700
1623257734358000,1,81.09972312,4.4700
1623257734374000,1,612.37372312,4.4700
1623257734544000,1,269.47533557,4.4700
1623257734626000,1,945.68080880,4.4700
1623257734830000,1,224.51855839,4.4700
1623257735028000,1,224.63081251,4.4700
1623257735272000,1,296.81982427,4.4700
1623257735287000,1,81.09972312,4.4700
1623257735461000,1,218.64266666,4.4700
1623257735563000,1,81.09972312,4.4700
1623257735589000,1,40.57702550,4.4700
1623257735682000,1,165.07412080,4.4700
1623257735848000,1,81.09972312,4.4700
1623257735850000,1,198.52734675,4.4700
1623257736063000,1,145.46855033,4.4700
1623257736241000,1,275.65229305,4.4700
1623257736385000,1,81.09972312,4.4700
1623257736530000,1,246.60095576,4.4700
1623257736653000,1,81.09972312,4.4700
1623257736760000,1,3687.10800937,4.4700
1623257736794000,1,448.96758740,4.4700
1623257737200000,1,312.96500000,4.4700
1623257737272000,1,3686.93940676,4.4700
1623257737383000,1,110.60041349,4.4700
1623257767946000,0,200.00000000,4.4800
1623257768716000,0,64.02721325,4.4800
1623257790016000,0,223.12465009,4.4800
1623257899605000,0,223.05082589,4.4800
1623257899605000,0,10.00000000,4.4900
1623257899605000,0,428.57993684,4.4900
1623257899605000,0,838.36923727,4.4900
1623258016336000,1,193.11900000,4.4700
1623258031088000,1,193.11900000,4.4700
1623258044306000,1,372.43000000,4.4700
1623258044392000,1,34.56500000,4.4700
1623258044836000,1,80.76148920,4.4700
1623258044929000,1,319.23851080,4.4700
1623258046066000,1,193.11900000,4.4700
1623258046759000,1,319.23674721,4.4700
1623258047302000,1,80.80497384,4.4700
1623258049379000,1,80.80497384,4.4700
1623258052156000,1,44.10355334,4.4700
1623258058446000,1,36.70142050,4.4700
1623258058491000,1,289.93212616,4.4700
1623258058587000,1,97.51439536,4.4700
1623258058607000,1,44.10355334,4.4700
1623258058663000,1,19.54847848,4.4700
1623258061071000,1,193.11900000,4.4700
1623258087819000,1,300.00000000,4.4700
1623258272485000,1,51.82864998,4.4600
1623258815248000,1,183.63929800,4.4700
1623258815248000,1,8.40306476,4.4700
1623259067893000,1,132.35388127,4.4600
1623259113470000,1,223.94028672,4.4700
1623259113613000,0,343.31140628,4.4700
1623259191100000,0,54.15417690,4.5000
1623259191100000,0,14.17058484,4.5000
1623259192458000,0,153.28187000,4.5000
1623259198450000,0,132.54754516,4.5000
1623259208889000,0,739.64221276,4.5100
1623259208889000,0,25.00000000,4.5100
1623259208889000,0,182.39117347,4.5100
1623259208889000,0,160.06195745,4.5100
1623259263656000,0,222.65650026,4.4900
1623259263656000,0,182.76981369,4.5000
1623259263656000,0,233.25781373,4.5000
1623259263656000,0,308.31587232,4.5000
1623259379410000,1,700.00000000,4.4800
1623259388614000,1,43.16886446,4.4700
1623259447167000,0,557.84992903,4.4800
1623259447389000,1,142.15007097,4.4800
1623259451597000,1,223.42056734,4.4800
1623259481359000,1,10.00000000,4.4700
1623259502171000,0,183.44101764,4.4900
1623259502171000,0,253.81397457,4.4900
1623259502171000,0,222.96581920,4.4900
1623259502171000,0,115.85713959,4.4900
1623259680345000,1,34.12123320,4.4500
1623259690233000,1,42.50000000,4.4600
1623259776390000,1,50.00000000,4.4400
1623259777389000,0,4.64494382,4.4500
1623259839956000,1,185.51035677,4.4200
1623259839956000,1,73.98148472,4.4200
1623259880288000,1,226.45051746,4.4200
1623259880288000,1,185.63317806,4.4200
1623259880288000,1,565.81396868,4.4200
1623259880288000,1,386.23700000,4.4200
1623259880288000,1,54.01074967,4.4200
1623260084132000,1,38.10577691,4.4500
1623260284611000,0,223.49062279,4.4700
1623260560858000,1,44.67674418,4.4600
1623260689403000,0,223.48825710,4.4700
1623260913868000,0,224.63657133,4.4500
1623261253209000,0,223.54648540,4.4700
1623261253209000,0,558.86621349,4.4700
1623261266146000,0,558.25420286,4.4800
1623261266146000,0,223.40211807,4.4800
1623261266146000,0,1450.25813398,4.4800
1623261278203000,0,334.30540120,4.4800
1623261964629000,1,89.00000000,4.4400
1623262184117000,0,111.05133928,4.4800
1623262429093000,1,22.11558775,4.4500
1623262769991000,1,224.94502648,4.4500
1623262879211000,1,225.42017709,4.4400
1623263364070000,0,225.52325143,4.4300
1623263373278000,0,42.50000000,4.4300
1623263487666000,0,43.25220743,4.4400
1623263498524000,1,50.00000000,4.4400
1623263800175000,1,10.76190476,4.4100
1623263800713000,1,100.00000000,4.4000
1623263821890000,1,50.00000000,4.4000
1623263898457000,1,300.00000000,4.3800
1623263898457000,1,106.99500000,4.3800
1623264112000000,0,113.58731457,4.3800
1623264120916000,0,228.08265757,4.3800
1623264131955000,0,228.07799179,4.3800
1623264131955000,0,570.30355413,4.3800
1623264135202000,0,228.15993962,4.3800
1623264135776000,0,570.39984905,4.3800
1623264140404000,0,570.34185216,4.3800
1623264168857000,1,60.00000000,4.3900
1623264468420000,0,185.94084959,4.4300
1623264468420000,0,454.80632873,4.4300
1623264567600000,0,111.17237068,4.4000
1623264567729000,0,115.88699414,4.4000
1623264943792000,0,173.07103825,4.4000
1623264943792000,0,227.54219318,4.4000
1623264983485000,0,227.06378130,4.4000
1623265020698000,0,227.15226222,4.4000
1623265020698000,0,568.04737669,4.4000
1623265200324000,0,110.45446789,4.3900
1623265334560000,0,7.85307517,4.4100
1623265414921000,1,45.41324200,4.3800
1623265542643000,0,228.05245715,4.3900
1623265637923000,0,0.06816271,4.4000
1623265923738000,1,229.03363264,4.3700
1623265924074000,1,431.84468262,4.3600
1623265924074000,1,187.78316512,4.3600
1623265924074000,1,486.09267787,4.3600
1623265943798000,1,229.06150181,4.3700
1623266040291000,0,9.06538616,4.3700
1623266053950000,1,50.00000000,4.3600
1623266378448000,0,228.14472027,4.3800
1623266482006000,0,228.05744213,4.3900
1623266488567000,0,227.67996670,4.3900
1623266506290000,0,37.73348519,4.3900
1623266693324000,1,0.45810714,4.3700
1623266693324000,1,37.27537805,4.3700
1623267000873000,0,36.82420091,4.3800
1623267077847000,0,228.27924887,4.3800
1623267077847000,0,570.69812217,4.3800
1623267077847000,0,157.78111955,4.3900
1623267245009000,0,228.18378380,4.3800
1623267245009000,0,570.45945949,4.3800
1623267424988000,0,455.98173515,4.3800
1623267591972000,0,228.63402504,4.3700
1623267684443000,0,228.73028860,4.3700
1623267684443000,0,571.77109994,4.3700
1623268150004000,0,229.16370068,4.3600
1623268158734000,0,229.00507038,4.3700
1623268249833000,0,229.13034496,4.3600
1623268546404000,0,134.94772727,4.3900
1623268807587000,0,228.52954084,4.3800
1623269738642000,0,228.62701693,4.3700
1623269880711000,0,228.67847798,4.3700
1623269888416000,0,228.61443740,4.3700
1623269888416000,0,571.83051841,4.3700
1623270352878000,0,229.08059205,4.3700
1623270933203000,0,8.00171625,4.3700
1623271045996000,0,228.64389498,4.3700
1623271178933000,0,228.01833358,4.3900
1623271181060000,0,22.43735763,4.4000
1623271443050000,0,300.00000000,4.4000
1623271526526000,0,227.18298722,4.4000
1623271608602000,1,18.30000000,4.3900
1623271722283000,1,250.00000000,4.3800
1623272093249000,0,570.39568526,4.3800
1623272093249000,0,228.15827410,4.3800
1623272730025000,1,228.54609262,4.3800
1623272730025000,1,121.45390738,4.3700
1623272861723000,1,15.61928571,4.3700
1623274021719000,0,5.66642868,4.4000
1623274103375000,0,5.65807327,4.4000
1623274154358000,1,7.15193278,4.3900
1623274298291000,0,450.00000000,4.4000
1623275401080000,1,300.00000000,4.4300
1623275691765000,0,11.20523509,4.4500
1623275781981000,1,350.00000000,4.4400
1623276395304000,1,550.00000000,4.4500
1623276407290000,0,126.10416018,4.4600
1623276407290000,0,74.72992054,4.4600
1623276583294000,1,7.82843343,4.4400
1623277000164000,1,0.39999654,4.4700
1623277035078000,0,224.13003000,4.4600
1623277095423000,0,223.56628000,4.4700
1623277300219000,0,11.57494407,4.4700
1623277382604000,0,223.50420469,4.4700
1623277400179000,0,223.49386432,4.4700
1623277411211000,0,223.48796995,4.4700
1623277509661000,1,0.35082075,4.4700
1623277554820000,1,350.00000000,4.4700
1623277641995000,0,223.04059080,4.4800
1623277663773000,0,223.04982510,4.4800
1623277680259000,0,6.70149662,4.4800
1623277680667000,0,216.31474805,4.4800
1623278028251000,0,224.18213252,4.4600
1623278040906000,0,224.05821261,4.4600
1623278075892000,0,224.07000964,4.4600
1623278168366000,0,223.55503854,4.4700
1623278168366000,0,558.88759634,4.4700
1623278205225000,0,223.62227404,4.4700
1623278280259000,0,10.76190476,4.4900
1623278280259000,0,210.43511521,4.4900
1623278327089000,0,223.54451205,4.4700
1623278327089000,0,558.86128013,4.4700
1623278378064000,0,223.52396738,4.4700
1623278522828000,0,223.49343006,4.4800
1623278525124000,1,223.35280759,4.4800
1623278525124000,1,183.08295415,4.4800
1623278525124000,1,558.19584738,4.4800
1623278525124000,1,223.52396000,4.4700
1623278525124000,1,183.59056449,4.4700
1623278525124000,1,228.22098510,4.4700
1623278536189000,0,222.98927930,4.4800
1623278729965000,0,222.50681669,4.4900
1623278791721000,0,222.54278078,4.4900
1623278791721000,0,556.35695194,4.4900
1623279010401000,0,865.38461538,4.5000
1623279010401000,0,300.00000000,4.5000
1623279010401000,0,222.50252385,4.5000
1623279015527000,0,170.00000000,4.5100
1623279015527000,0,23.11900000,4.5100
1623279015532000,0,93.94476888,4.5100
1623279016615000,0,221.43237000,4.5200
1623279026310000,0,220.99567000,4.5300
1623279034541000,0,551.17336408,4.5400
1623279034541000,0,220.48005592,4.5400
1623279041817000,1,4.64494382,4.5300
1623279047932000,0,0.00001106,4.5400
1623279096220000,0,221.69899366,4.5100
1623279096220000,0,331.29657175,4.5100
1623279232498000,1,222.41606629,4.5000
1623279312416000,1,222.96393323,4.4800
1623279312416000,1,400.00000000,4.4800
1623279312416000,1,558.44799604,4.4800
1623279640016000,1,224.44032789,4.4600
1623279789613000,0,224.52641000,4.4500
1623279790220000,1,50.00000000,4.4400
1623280102227000,1,224.40592000,4.4600
1623280223278000,0,223.48787066,4.4700
1623280322348000,0,558.47335946,4.4800
1623280322348000,0,147.70779054,4.4800
1623280322445000,0,75.77489000,4.4800
1623280322553000,0,0.00001586,4.4800
1623280568989000,0,183.31768146,4.4900
1623280568989000,0,158.72240762,4.4900
1623280885036000,1,222.89685931,4.4900
1623280885036000,1,557.22391046,4.4900
1623281549088000,0,222.00111000,4.5000
1623281549132000,0,0.00000388,4.5000
1623281959509000,0,222.43575963,4.5000
1623281959509000,0,466.24457919,4.5100
1623281959509000,0,81.15749553,4.5100
1623281959509000,0,386.23700000,4.5100
1623281959509000,0,731.90700000,4.5100
1623281959509000,0,1443.44216245,4.5100
1623281959509000,0,182.53611189,4.5100
1623281959509000,0,399.00000000,4.5100
1623281959509000,0,555.01250819,4.5100
1623281959509000,0,455.72871397,4.5200
1623281959509000,0,294.00000000,4.5200
1623281959509000,0,1282.00000000,4.5200
1623281959509000,0,454.98493694,4.5300
1623281959509000,0,304.00000000,4.5300
1623281959509000,0,912.81120887,4.5400
1623281959509000,0,56.63089590,4.5400
1623281959509000,0,12.92517007,4.5500
1623281959509000,0,50.00000000,4.5500
1623281959509000,0,1000.00000000,4.5500
1623281959509000,0,2017.90453285,4.5500
1623282196085000,1,450.00000000,4.4900
1623282912887000,1,221.40162825,4.5200
1623282912887000,1,553.11798020,4.5200
1623282912887000,1,460.78229230,4.5200
1623283167606000,1,0.35648975,4.5300
