timestamp ms,type,amount,price
1623196858801000,0,400.00000000,4.4100
1623196909311000,0,74.82240432,4.4200
1623197029516000,0,225.54757677,4.4300
1623197029516000,0,395.68886448,4.4300
1623197029518000,0,168.45222041,4.4300
1623197029518000,0,185.59137139,4.4300
1623197029518000,0,267.19284945,4.4300
1623197029523000,0,19.01873059,4.4300
1623197113588000,1,7.58865763,4.4000
1623197114107000,1,101.22846918,4.4000
1623197114337000,1,118.19695031,4.4000
1623197114420000,1,0.00000001,4.4000
1623197305117000,1,300.00000000,4.3500
1623197305753000,1,188.78321502,4.3400
1623197305753000,1,386.23700000,4.3400
1623197305753000,1,209.03327335,4.3400
1623197305809000,1,21.07027446,4.3400
1623197305809000,1,19.94799038,4.3300
1623197306505000,1,188.98043116,4.3400
1623197306505000,1,19.94799000,4.3400
1623197306505000,1,284.05200962,4.3300
1623197306505000,1,1632.62340214,4.3300
1623197306505000,1,399.00000000,4.3300
1623197306505000,1,471.83746476,4.3300
1623197306505000,1,3.55870232,4.3300
1623197334440000,0,5.76036866,4.3400
1623197336183000,1,45.06772009,4.3300
1623197340314000,1,27.65698379,4.3300
1623197473897000,0,132.35388127,4.3800
1623197718307000,1,230.04748687,4.3500
1623198119195000,1,5.76036866,4.3300
1623198135023000,1,10.00000000,4.3100
1623198135023000,1,156.55448006,4.3100
1623198279975000,0,50.00000000,4.3200
1623199060383000,1,229.91624000,4.3500
1623199105431000,1,230.07470227,4.3400
1623200239554000,1,233.32134748,4.2900
1623200273100000,1,57.49632459,4.2700
1623200329401000,1,1961.40999859,4.2700
1623200546389000,1,232.66862625,4.3000
1623200546389000,1,581.67156562,4.3000
1623200578687000,1,1512.70623107,4.2800
1623200578687000,1,1517.11559228,4.2800
1623200581038000,1,250.00000000,4.2700
1623200585504000,1,192.11350613,4.2700
1623201926594000,0,232.81435541,4.3000
1623202696795000,1,584.66306456,4.2700
1623202696795000,1,233.87904535,4.2700
1623202718123000,0,5.85480093,4.2700
1623202789897000,1,233.28719458,4.2900
1623202789897000,1,583.23951542,4.2900
1623202790292000,1,0.00001424,4.2900
1623203122346000,1,4.76760563,4.2600
1623203209085000,0,418.76068819,4.2700
1623203296980000,1,192.57635000,4.2700
1623203350726000,1,25.10468355,4.2600
1623203604493000,1,106.10826869,4.2500
1623203633540000,1,193.89173131,4.2500
1623203650552000,1,53.21334745,4.2500
1623203748650000,1,140.44868528,4.2600
1623203834776000,1,5.85480093,4.2400
1623204028727000,0,235.45694000,4.2500
1623204591194000,1,236.04352978,4.2400
1623204798686000,1,200.00000000,4.2300
1623204809934000,0,50.00000000,4.2300
1623204856832000,1,591.73472368,4.2200
1623204856832000,1,236.65678042,4.2200
1623205049129000,1,84.44994097,4.2000
1623205049299000,1,142.98881431,4.2000
1623205066843000,1,1427.56124472,4.2000
1623205066843000,1,125.94523809,4.2000
1623205530451000,1,236.57445221,4.2300
1623205530451000,1,591.40961428,4.2300
1623205592756000,1,236.54970519,4.2300
1623205701710000,1,195.52612469,4.1900
1623205701710000,1,595.77595471,4.1900
1623205701710000,1,238.42337181,4.1900
1623205701710000,1,360.94023319,4.1900
1623205740065000,1,32.78095238,4.2100
1623206013589000,0,9.33014354,4.1800
1623206014471000,0,9.56937799,4.1800
1623206014509000,0,4.78708134,4.1800
1623206060023000,1,239.85089622,4.1700
1623206426807000,0,236.71259595,4.2200
1623206852013000,0,9.56937799,4.2900
1623207033107000,1,233.21636424,4.2900
1623207033107000,1,582.84153066,4.2900
1623207208406000,0,193.44044941,4.2500
1623207208527000,1,193.44044941,4.2500
1623207208594000,1,41.61128118,4.2500
1623207442007000,1,236.59085981,4.2300
1623207442007000,1,591.47714953,4.2300
1623207585593000,0,194.28292000,4.2300
1623207629546000,1,236.53642443,4.2300
1623207666883000,1,76.02850356,4.2100
1623207722928000,1,200.00000000,4.2000
1623208337015000,0,76.02850356,4.2400
1623208337015000,0,236.12469887,4.2400
1623208464321000,0,16.81733021,4.2700
1623208612812000,1,234.39356000,4.2700
1623208612985000,1,0.00000682,4.2700
1623208626662000,1,234.37973727,4.2700
1623208626662000,1,585.91909439,4.2700
1623208628189000,1,234.48003000,4.2600
1623208751879000,1,234.40478355,4.2700
1623208805194000,1,234.43586059,4.2700
1623208813989000,0,233.96765944,4.2700
1623208813989000,0,192.48910933,4.2700
1623208813989000,0,126.68448536,4.2800
1623208820695000,0,192.48910000,4.2700
1623208827410000,0,0.00000933,4.2700
1623208832174000,1,192.48909067,4.2700
1623208968493000,1,0.43109798,4.2700
1623209007576000,1,585.83362000,4.2700
1623209180788000,1,22.00000000,4.2500
1623209680967000,1,236.61889181,4.2300
1623209959080000,0,650.00000000,4.2300
1623209959653000,0,885.61982621,4.2300
1623210027409000,0,74.39218999,4.2400
1623210891078000,1,234.94823573,4.2600
1623210891078000,1,192.68586427,4.2600
1623210914003000,1,234.88406639,4.2600
1623210975645000,1,400.00000000,4.2500
1623211061574000,1,236.07029972,4.2400
1623211076658000,1,236.08428493,4.2400
1623211513366000,1,234.99321000,4.2500
1623211530337000,1,235.60756253,4.2400
1623211667138000,1,293.93690476,4.2000
1623213016914000,1,138.31771894,4.1800
1623213068763000,0,5.98086124,4.2100
1623213455226000,0,105.76291079,4.2600
1623213677988000,0,4.65000000,4.2600
1623213749235000,0,386.23700000,4.2600
1623213749235000,0,108.07051173,4.2600
1623213787260000,1,236.10362984,4.2400
1623214534544000,1,200.00000000,4.2800
1623214534544000,1,53.19483101,4.2800
1623214601034000,0,41.68997668,4.2900
1623214852771000,0,231.80018011,4.3100
1623214852771000,0,190.81678458,4.3100
1623214852996000,1,436.68929981,4.3100
1623215119156000,0,9.33014354,4.3200
1623215164166000,0,21.80593306,4.3300
1623215210204000,1,231.18511842,4.3300
1623215434364000,0,91.70736181,4.3400
1623215456785000,1,5.98086124,4.3100
1623215758961000,0,4.78708134,4.3500
1623215782083000,0,289.00000000,4.3600
1623215880273000,0,115.28876790,4.3700
1623215931606000,1,573.21452384,4.3500
1623216331574000,0,229.64898325,4.3500
1623216331574000,0,188.99648526,4.3500
1623216331574000,0,248.53261742,4.3600
1623216477574000,1,20.00000000,4.3500
1623217019479000,0,146.59633027,4.3600
1623217218974000,0,17.21839080,4.3500
1623217461856000,0,45.86666666,4.3500
1623217877394000,0,45.95957855,4.3400
1623218661988000,1,231.10585678,4.3300
1623218683584000,1,231.13098900,4.3300
1623218709232000,1,231.14065566,4.3300
1623219695804000,1,188.18098317,4.3600
1623219695804000,1,41.81901683,4.3600
1623219783217000,0,10.00000000,4.3900
1623219861254000,0,4.69500000,4.4100
1623219861254000,0,422.58205993,4.4100
1623219861254000,0,186.83887639,4.4100
1623219861254000,0,14.11162683,4.4100
1623219861254000,0,222.55701734,4.4100
1623219942207000,1,228.41620433,4.3800
1623219942694000,1,73.96190476,4.3700
1623220148685000,1,228.46337332,4.3800
1623220148685000,1,571.15843330,4.3800
1623220260633000,1,100.00000000,4.3800
1623220370997000,0,200.00000000,4.3800
1623220417314000,0,15.00000000,4.3800
1623220579227000,1,73.83715596,4.3600
1623221061587000,0,300.00000000,4.4000
1623221079335000,1,226.85573479,4.4100
1623221151598000,1,226.96066202,4.4100
1623221384443000,0,50.00000000,4.4100
1623221429799000,1,105.76291079,4.4100
1623221507377000,0,33.87822791,4.4100
1623221687916000,0,225.54893252,4.4300
1623221687916000,0,112.99985851,4.4300
1623221829205000,1,0.41928948,4.4200
1623221987522000,0,103.43146067,4.4500
1623222030885000,1,225.95498155,4.4300
1623222478394000,0,225.59510330,4.4300
1623222478394000,0,563.98775826,4.4300
1623222628517000,1,392.00980000,4.4200
1623222629954000,1,225.96382798,4.4200
1623222636375000,1,566.05695325,4.4200
1623222779735000,1,300.00000000,4.4100
1623222941107000,1,26.61130136,4.4100
1623223049391000,1,47.05882353,4.4300
1623223155654000,1,225.85377994,4.4300
1623223279524000,1,50.00000000,4.4100
1623223587469000,0,1655.00000000,4.3900
1623224152247000,1,7.17505995,4.3900
1623224296994000,1,227.50089838,4.4000
1623224586733000,1,226.88105879,4.4100
1623224612208000,1,226.95076044,4.4100
1623224969444000,1,160.00000000,4.4000
1623224994173000,0,227.16223749,4.4000
1623225003664000,1,186.99052633,4.3900
1623225003664000,1,41.99284659,4.3900
1623225170065000,0,8.07744875,4.4000
1623225296726000,1,571.29785434,4.3700
1623225296726000,1,228.59077233,4.3700
1623225299202000,1,446.62396093,4.3600
1623225462110000,1,1500.30733944,4.3600
1623225707574000,1,12.10926807,4.3300
1623225741888000,1,581.95601851,4.3200
1623225809613000,1,7.72157772,4.3100
1623225810222000,1,300.00000000,4.3000
1623225810222000,1,550.78458049,4.3000
1623225861815000,1,100.00000000,4.3000
1623226073737000,0,189.79133645,4.3300
1623226073737000,0,10.20866355,4.3300
1623226077052000,1,12.50000000,4.3200
1623226113581000,0,159.03225806,4.3400
1623226438500000,1,229.58597587,4.3600
1623226446478000,1,35.08335480,4.3500
1623226459478000,1,1628.91664520,4.3500
1623226794325000,0,16.98275862,4.3300
1623226819094000,0,230.74330074,4.3300
1623226819094000,0,275.48652253,4.3400
1623227595611000,0,231.81358449,4.3100
1623227777484000,1,0.42641248,4.2900
1623227836759000,1,575.00000000,4.2700
1623228260902000,0,232.77790840,4.3000
1623228366393000,0,231.89173587,4.3100
1623228638646000,0,20.00000000,4.3000
1623228789807000,1,4.82863849,4.2600
1623228796062000,1,167.28101277,4.2500
1623228796064000,1,132.71898723,4.2500
1623228796064000,1,234.77878141,4.2500
1623228800304000,1,824.91587963,4.2300
1623228804334000,1,366.97671955,4.2300
1623228864053000,0,100.00000000,4.2400
1623228988515000,1,234.90304726,4.2600
1623228995823000,1,234.98452674,4.2600
1623228999786000,1,234.96599830,4.2600
1623229201510000,1,234.35016259,4.2700
1623229201510000,1,585.84187833,4.2700
1623229260539000,1,234.52386837,4.2600
1623229793166000,0,22.18779342,4.2600
1623229824674000,1,234.99256708,4.2500
1623229983083000,1,234.94691128,4.2600
1623230037187000,1,235.43783222,4.2500
1623230037187000,1,588.57773710,4.2500
1623230100855000,0,585.69751419,4.2700
1623230341058000,1,192.32853902,4.2600
1623230341058000,1,144.52750805,4.2600
1623230516125000,0,25.00000000,4.2900
1623230727021000,0,232.37067379,4.3000
1623230752292000,0,232.47572065,4.3000
1623230757829000,0,232.33548001,4.3000
1623230757829000,0,580.91297475,4.3000
1623230940435000,1,7.82247191,4.2800
1623231491785000,1,234.89122422,4.2600
1623231501193000,1,587.22176985,4.2600
1623231692092000,1,0.37078744,4.2600
1623231735363000,0,120.00000000,4.2600
1623232037465000,1,1145.12470000,4.2300
1623232037654000,1,0.00000588,4.2300
1623232554655000,0,28.27547807,4.2200
1623232640366000,1,38.66180048,4.2200
1623232652575000,0,109.73758865,4.2300
1623232716625000,1,195.18272000,4.2100
1623232849392000,1,2649.49999999,4.2000
1623232849392000,1,11.74764150,4.2000
1623232887656000,1,14.13773903,4.2000
1623232891755000,1,14.13773904,4.2000
1623233073231000,0,236.73984000,4.2200
1623233104772000,0,591.68182580,4.2300
1623233104772000,0,126.12306420,4.2300
1623233222561000,1,100.00000000,4.2200
1623233526686000,0,1739.24460215,4.2200
1623233726790000,1,443.86052500,4.2100
1623233849033000,0,59.85766551,4.2300
1623233849033000,0,175.61369690,4.2400
1623233986218000,0,19.95047169,4.2300
1623234673811000,1,192.66575729,4.2500
1623234673811000,1,386.23700000,4.2500
1623234673811000,1,193.13136997,4.2400
1623234673811000,1,162.48110000,4.2400
1623234673811000,1,310.00000000,4.2400
1623234673811000,1,399.71800000,4.2400
1623234673811000,1,107.35051270,4.2400
1623234960315000,0,96.77639132,4.2800
1623235339436000,0,232.92691247,4.2900
1623235339436000,0,191.37549271,4.2900
1623235339436000,0,282.63931976,4.2900
1623236387108000,1,234.39489651,4.2700
1623236387108000,1,585.71473458,4.2700
1623236387108000,1,1522.49442969,4.2700
1623236522712000,0,23.36299765,4.2700
1623237373007000,1,233.32790447,4.2900
1623238605883000,1,233.33283494,4.2900
1623238607518000,1,0.38444282,4.2900
1623238645070000,0,191.42793256,4.2900
1623238645070000,0,161.55216000,4.3000
1623238645070000,0,15.04415844,4.3000
1623238661142000,1,233.33119143,4.2900
1623238699074000,0,25.00000000,4.3100
1623238933591000,1,8.95500000,4.3000
1623239094924000,1,117.06376888,4.3100
1623239573015000,1,229.57666000,4.3600
1623239837600000,0,7.72157772,4.3900
1623239837600000,0,219.72716943,4.3900
1623240035206000,0,227.96152212,4.3900
1623240067949000,1,569.69916691,4.3900
1623240068109000,1,228.02442257,4.3900
1623240161748000,0,1022.83429434,4.3900
1623240183006000,0,12.93565793,4.4000
1623240188700000,0,50.00000000,4.4000
1623240189384000,0,2586.56434206,4.4000
1623240195022000,0,227.26488000,4.4000
1623240214464000,0,227.26395000,4.4000
1623240223232000,1,109.73758865,4.3900
1623240242994000,1,1821.25545594,4.3900
1623240341457000,0,38.34851936,4.3900
1623240456498000,1,227.94596133,4.3900
1623240461399000,1,227.98386125,4.3900
1623240647340000,1,102.82687927,4.3900
1623240648208000,1,228.01885693,4.3900
1623240734708000,1,227.98498533,4.3900
1623240866998000,1,400.00000000,4.3900
1623240986277000,1,228.54281121,4.3700
1623241200288000,0,12.99657598,4.4000
1623241383047000,1,227.98888205,4.3900
1623241830022000,0,43.83715596,4.4000
1623241916794000,0,4.75500000,4.4100
1623241916794000,0,186.35927182,4.4100
1623241916794000,0,758.43448101,4.4100
1623242968211000,0,36.71363636,4.3400
1623242968420000,1,50.00000000,4.3300
1623242968420000,1,189.21384753,4.3300
1623242968420000,1,342.74217098,4.3300
1623243664225000,1,117.99134886,4.3100
1623243705317000,1,14.99999999,4.3000
1623243705323000,1,0.00000001,4.3000
1623243705324000,1,232.80850155,4.2900
1623243705324000,1,190.66109340,4.2900
1623243728951000,0,44.67674418,4.2900
1623243822606000,0,111.49767441,4.3000
1623243867216000,1,36.71363636,4.2900
1623244622541000,0,231.24895720,4.3200
1623244681987000,0,231.77474797,4.3100
1623244779335000,0,8.50580046,4.3100
1623245025538000,1,235.47136241,4.2900
1623245055503000,1,629.91325297,4.2900
1623245352687000,1,190.79248393,4.2900
1623245352687000,1,177.23176707,4.2900
1623245419931000,1,103.43146067,4.2800
1623245617688000,1,0.39296966,4.2700
1623245843489000,1,4.89671361,4.2600
1623245985470000,0,3844.03760500,4.2600
1623246006911000,0,3842.81470506,4.2600
1623246007411000,0,3842.16946955,4.2600
1623246007525000,0,192.09590863,4.2600
1623246007958000,0,3841.39505781,4.2600
1623246030130000,0,175.17840375,4.2600
1623246066099000,0,193.11900000,4.2600
1623246066121000,0,3841.51933186,4.2600
1623246066618000,0,3840.09709975,4.2600
1623246067155000,0,3838.94690247,4.2600
1623246067677000,0,3838.27053517,4.2600
1623246083923000,1,2731.51529411,4.2500
1623246083923000,1,587.11757516,4.2500
1623246083923000,1,234.97635960,4.2500
1623246135977000,1,1529.37722298,4.2500
1623246135977000,1,192.44700646,4.2500
1623246135977000,1,453.37813162,4.2500
1623246135977000,1,587.12507644,4.2500
1623246135977000,1,235.07523821,4.2500
1623246135977000,1,386.23700000,4.2500
1623246136108000,0,192.27461642,4.2500
1623246136203000,0,3848.07064218,4.2500
1623246136385000,0,193.11900000,4.2500
1623246136768000,0,1463.46848881,4.2500
1623246480272000,0,27.82684302,4.2700
1623246576448000,0,4.67136150,4.2600
1623247023162000,1,0.36473856,4.2700
1623247404247000,1,584.36942341,4.2800
1623247404247000,1,233.74776937,4.2800
1623247689273000,0,12.15509259,4.3200
1623247704001000,0,141.26000000,4.3100
1623247811342000,1,231.69932474,4.3200
1623248040270000,0,190.25524973,4.3100
1623248906682000,1,227.44874715,4.2500
1623249000458000,1,17.81051450,4.2500
1623249225611000,0,233.94293379,4.2700
1623249282772000,0,584.76647268,4.2800
1623249282772000,0,233.93836006,4.2800
1623249282772000,0,191.82240830,4.2800
1623249282772000,0,288.00000000,4.2900
1623249282772000,0,397.24554973,4.2900
1623249673813000,1,233.87518055,4.2700
1623249673813000,1,585.29474875,4.2700
1623249688299000,1,234.37529130,4.2700
1623250023303000,1,0.44434483,4.3000
1623250178640000,0,190.91013158,4.3100
1623250178640000,0,40.59798906,4.3100
1623250389874000,1,100.00000000,4.2600
1623250399899000,0,144.27378855,4.2500
1623250554961000,1,10.00000000,4.2000
1623250554961000,1,460.37798019,4.2000
1623250554961000,1,194.97662860,4.2000
1623250554961000,1,386.23700000,4.2000
1623250554961000,1,192.04236276,4.1900
1623250554961000,1,293.00000000,4.1900
1623250554961000,1,159.13881922,4.1900
1623250602185000,1,111.49767441,4.2000
1623250707184000,0,237.40399162,4.2100
1623250712909000,0,4.75296912,4.2100
1623250725328000,0,14.72684086,4.2100
1623250728389000,0,14.96437055,4.2100
1623250967584000,1,125.94523809,4.2500
1623251050307000,0,301.00000000,4.3100
1623251054262000,0,14.72684086,4.3200
1623251149464000,0,190.21385909,4.3300
1623251149464000,0,456.65972351,4.3300
1623251149464000,0,303.00000000,4.3300
1623251149464000,0,399.00000000,4.3300
1623251149464000,0,161.74103000,4.3300
1623251149464000,0,129.14520264,4.3300
1623251221100000,0,107.88194444,4.3200
1623251222445000,1,41.68997668,4.2900
1623251281622000,0,57.53935185,4.3200
1623251283884000,1,115.34106000,4.3100
1623251284137000,1,0.00000728,4.3100
1623251442825000,0,231.77298824,4.3100
1623251461717000,1,57.80465116,4.3000
1623251502789000,1,50.00000000,4.2900
1623251502789000,1,96.59633027,4.2800
1623251591982000,1,107.88194444,4.2900
1623251644581000,0,231.82863830,4.3100
1623251644581000,0,579.57159575,4.3100
1623251652619000,0,231.77513089,4.3100
1623251666329000,0,231.47870688,4.3200
1623251666329000,0,20.83283412,4.3200
1623251771890000,0,14.96437055,4.3500
1623251771890000,0,706.94172494,4.3500
1623251865407000,0,8.50000000,4.3800
1623251917572000,0,188.28919040,4.3700
1623251917572000,0,301.00000000,4.3800
1623251917572000,0,80.54936939,4.3800
1623252065885000,1,187.50971525,4.3700
1623252065885000,1,572.41702178,4.3700
1623252065885000,1,879.83307821,4.3700
1623252081479000,0,4.75296912,4.3900
1623252174461000,0,227.58363679,4.3900
1623252184873000,0,10.00000000,4.4000
1623252184873000,0,1664.00000000,4.4000
1623252189604000,0,186.27583000,4.4000
1623252284409000,1,100.00000000,4.3800
1623252352862000,0,4.82500000,4.4100
1623252436260000,0,227.55889629,4.3900
1623252436260000,0,187.14976663,4.3900
1623252436260000,0,304.00000000,4.4000
1623252436260000,0,157.22220000,4.4000
1623252436260000,0,446.46707318,4.4000
1623252436260000,0,568.60529102,4.4000
1623252436260000,0,1062.39611075,4.4000
1623252526210000,0,227.96260586,4.3900
1623252620016000,0,2048.51940594,4.4100
1623252676550000,0,46.86128472,4.4200
1623252676608000,0,2684.65400939,4.4200
1623252676608000,0,102.82687927,4.4200
1623252708673000,1,2048.51940594,4.4200
1623252761713000,0,37.16948099,4.4200
1623253233564000,1,20.00000000,4.4200
1623253381224000,0,225.52246983,4.4300
1623253381224000,0,185.32790708,4.4300
1623253381224000,0,156.40131609,4.4300
1623253527408000,0,100.00000000,4.4500
1623253527408000,0,22.00000000,4.4500
1623253530937000,1,11.66350000,4.4500
1623253550936000,0,184.30206593,4.4600
1623253550936000,0,316.00000000,4.4700
1623253550936000,0,21.81529109,4.4700
1623253550936000,0,386.23700000,4.4700
1623253550936000,0,435.66639714,4.4700
1623253550936000,0,255.94636455,4.4700
1623253764083000,1,231.50812064,4.4600
1623254040332000,1,8.69413629,4.4500
1623254111366000,0,471.14541387,4.4700
1623254298567000,0,9.99999999,4.4900
1623254298839000,0,0.00000001,4.4900
1623254400487000,1,8.34726389,4.4500
1623254463953000,1,222.84945621,4.4900
1623254500402000,1,222.84945000,4.4800
1623254528331000,1,150.00000000,4.4600
1623254597532000,1,224.62647925,4.4500
1623254657404000,1,224.54184000,4.4600
1623254725365000,1,224.71928890,4.4500
1623254725365000,1,275.28071110,4.4500
1623254795348000,1,225.42847141,4.4400
1623254925793000,1,10.00000000,4.4100
1623254977031000,1,0.39973902,4.4000
1623254977129000,1,16.81733021,4.3900
1623254977929000,1,568.50673846,4.4000
1623254977929000,1,386.23700000,4.3900
1623254977929000,1,186.68733187,4.3900
1623254977929000,1,877.47525285,4.3900
1623255384006000,1,115.34253514,4.4200
1623255526237000,1,185.68744964,4.4100
1623255526237000,1,75.65787410,4.4100
1623255534397000,1,25.00000000,4.4100
1623255720289000,1,25.28098432,4.4300
1623255760116000,0,168.37078651,4.4500
1623255778721000,0,16.57798013,4.4500
1623255778721000,0,67.60853672,4.4500
1623255778995000,1,60.09640818,4.4400
1623255779775000,1,24.27859182,4.4400
1623255784597000,0,185.05855178,4.4400
1623255784621000,0,0.00000001,4.4400
1623256388086000,1,20.00000000,4.4200
1623256408186000,1,206.36291235,4.4200
1623256408186000,1,565.89969550,4.4200
1623256408186000,1,185.61792992,4.4200
1623256408186000,1,469.69754009,4.4100
1623256408186000,1,72.72926158,4.4100
1623256525440000,1,185.70774888,4.4100
1623256525440000,1,114.29225112,4.4100
1623256637458000,1,225.42385818,4.4400
1623256824823000,0,112.21621621,4.4400
1623256981616000,0,224.25217000,4.4600
1623257145584000,0,1000.00000000,4.4700
1623257732905000,0,224.50529018,4.4500
1623257732905000,0,561.36144078,4.4500
1623257732905000,0,184.73657732,4.4500
1623257732905000,0,463.55991178,4.4600
1623257732905000,0,386.23700000,4.4600
1623257732905000,0,155.29789000,4.4600
1623257732905000,0,55.40871227,4.4600
1623257732905000,0,461.85689471,4.4600
1623257732905000,0,695.00000000,4.4600
1623257732905000,0,1459.76029763,4.4600
1623257732905000,0,461.63694757,4.4700
1623257732905000,0,289.00000000,4.4700
1623257732905000,0,399.00000000,4.4700
1623257732905000,0,1282.00000000,4.4700
1623257732989000,1,193.11900000,4.4700
1623257732991000,1,50.42097450,4.4700
1623257733003000,1,3693.44364691,4.4700
1623257733011000,1,612.37372312,4.4700
1623257733044000,1,300.00000000,4.4700
1623257733056000,1,184.66301207,4.4700
1623257733075000,1,155.29789000,4.4700
1623257733127000,1,600.00000000,4.4700
1623257733204000,1,612.37372312,4.4700
1623257733412000,1,162.24464205,4.4700
1623257733457000,1,81.09972312,4.4700
1623257733457000,1,54.37242000,4.4700
1623257733511000,1,3692.34631737,4.4700
1623257733587000,1,270.79740132,4.4700
1623257733599000,1,800.00000000,4.4700
1623257733725000,1,81.09972312,4.4700
1623257733826000,1,157.25624608,4.4700
1623257734016000,1,612.37372312,4.4700
1623257734090000,1,81.09972312,4.4700
1623257734128000,1,3691.53956898,4.4700
1623257734147000,1,184.58753529,4.4700
1623257734150000,1,461.46883823,4.4700
1623257734200000,1,612.37372312,4.4700
1623257734358000,1,81.09972312,4.4700
1623257734374000,1,612.37372312,4.4700
1623257734544000,1,269.47533557,4.4700
1623257734626000,1,945.68080880,4.4700
1623257734830000,1,224.51855839,4.4700
1623257735028000,1,224.63081251,4.4700
1623257735272000,1,296.81982427,4.4700
1623257735287000,1,81.09972312,4.4700
1623257735461000,1,218.64266666,4.4700
1623257735563000,1,81.09972312,4.4700
1623257735589000,1,40.57702550,4.4700
1623257735682000,1,165.07412080,4.4700
1623257735848000,1,81.09972312,4.4700
1623257735850000,1,198.52734675,4.4700
1623257736063000,1,145.46855033,4.4700
1623257736241000,1,275.65229305,4.4700
1623257736385000,1,81.09972312,4.4700
1623257736530000,1,246.60095576,4.4700
1623257736653000,1,81.09972312,4.4700
1623257736760000,1,3687.10800937,4.4700
1623257736794000,1,448.96758740,4.4700
1623257737200000,1,312.96500000,4.4700
1623257737272000,1,3686.93940676,4.4700
1623257737383000,1,110.60041349,4.4700
1623257767946000,0,200.00000000,4.4800
1623257768716000,0,64.02721325,4.4800
1623257790016000,0,223.12465009,4.4800
1623257899605000,0,223.05082589,4.4800
1623257899605000,0,10.00000000,4.4900
1623257899605000,0,428.57993684,4.4900
1623257899605000,0,838.36923727,4.4900
1623258016336000,1,193.11900000,4.4700
1623258031088000,1,193.11900000,4.4700
1623258044306000,1,372.43000000,4.4700
1623258044392000,1,34.56500000,4.4700
1623258044836000,1,80.76148920,4.4700
1623258044929000,1,319.23851080,4.4700
1623258046066000,1,193.11900000,4.4700
1623258046759000,1,319.23674721,4.4700
1623258047302000,1,80.80497384,4.4700
1623258049379000,1,80.80497384,4.4700
1623258052156000,1,44.10355334,4.4700
1623258058446000,1,36.70142050,4.4700
1623258058491000,1,289.93212616,4.4700
1623258058587000,1,97.51439536,4.4700
1623258058607000,1,44.10355334,4.4700
1623258058663000,1,19.54847848,4.4700
1623258061071000,1,193.11900000,4.4700
1623258087819000,1,300.00000000,4.4700
1623258272485000,1,51.82864998,4.4600
1623258815248000,1,183.63929800,4.4700
1623258815248000,1,8.40306476,4.4700
1623259067893000,1,132.35388127,4.4600
1623259113470000,1,223.94028672,4.4700
1623259113613000,0,343.31140628,4.4700
1623259191100000,0,54.15417690,4.5000
1623259191100000,0,14.17058484,4.5000
1623259192458000,0,153.28187000,4.5000
1623259198450000,0,132.54754516,4.5000
1623259208889000,0,739.64221276,4.5100
1623259208889000,0,25.00000000,4.5100
1623259208889000,0,182.39117347,4.5100
1623259208889000,0,160.06195745,4.5100
1623259263656000,0,222.65650026,4.4900
1623259263656000,0,182.76981369,4.5000
1623259263656000,0,233.25781373,4.5000
1623259263656000,0,308.31587232,4.5000
1623259379410000,1,700.00000000,4.4800
1623259388614000,1,43.16886446,4.4700
1623259447167000,0,557.84992903,4.4800
1623259447389000,1,142.15007097,4.4800
1623259451597000,1,223.42056734,4.4800
1623259481359000,1,10.00000000,4.4700
1623259502171000,0,183.44101764,4.4900
1623259502171000,0,253.81397457,4.4900
1623259502171000,0,222.96581920,4.4900
1623259502171000,0,115.85713959,4.4900
1623259680345000,1,34.12123320,4.4500
1623259690233000,1,42.50000000,4.4600
1623259776390000,1,50.00000000,4.4400
1623259777389000,0,4.64494382,4.4500
1623259839956000,1,185.51035677,4.4200
1623259839956000,1,73.98148472,4.4200
1623259880288000,1,226.45051746,4.4200
1623259880288000,1,185.63317806,4.4200
1623259880288000,1,565.81396868,4.4200
1623259880288000,1,386.23700000,4.4200
1623259880288000,1,54.01074967,4.4200
1623260084132000,1,38.10577691,4.4500
1623260284611000,0,223.49062279,4.4700
1623260560858000,1,44.67674418,4.4600
1623260689403000,0,223.48825710,4.4700
1623260913868000,0,224.63657133,4.4500
1623261253209000,0,223.54648540,4.4700
1623261253209000,0,558.86621349,4.4700
1623261266146000,0,558.25420286,4.4800
1623261266146000,0,223.40211807,4.4800
1623261266146000,0,1450.25813398,4.4800
1623261278203000,0,334.30540120,4.4800
1623261964629000,1,89.00000000,4.4400
1623262184117000,0,111.05133928,4.4800
1623262429093000,1,22.11558775,4.4500
1623262769991000,1,224.94502648,4.4500
1623262879211000,1,225.42017709,4.4400
1623263364070000,0,225.52325143,4.4300
1623263373278000,0,42.50000000,4.4300
1623263487666000,0,43.25220743,4.4400
1623263498524000,1,50.00000000,4.4400
1623263800175000,1,10.76190476,4.4100
1623263800713000,1,100.00000000,4.4000
1623263821890000,1,50.00000000,4.4000
1623263898457000,1,300.00000000,4.3800
1623263898457000,1,106.99500000,4.3800
1623264112000000,0,113.58731457,4.3800
1623264120916000,0,228.08265757,4.3800
1623264131955000,0,228.07799179,4.3800
1623264131955000,0,570.30355413,4.3800
1623264135202000,0,228.15993962,4.3800
1623264135776000,0,570.39984905,4.3800
1623264140404000,0,570.34185216,4.3800
1623264168857000,1,60.00000000,4.3900
1623264468420000,0,185.94084959,4.4300
1623264468420000,0,454.80632873,4.4300
1623264567600000,0,111.17237068,4.4000
1623264567729000,0,115.88699414,4.4000
1623264943792000,0,173.07103825,4.4000
1623264943792000,0,227.54219318,4.4000
1623264983485000,0,227.06378130,4.4000
1623265020698000,0,227.15226222,4.4000
1623265020698000,0,568.04737669,4.4000
1623265200324000,0,110.45446789,4.3900
1623265334560000,0,7.85307517,4.4100
1623265414921000,1,45.41324200,4.3800
1623265542643000,0,228.05245715,4.3900
1623265637923000,0,0.06816271,4.4000
1623265923738000,1,229.03363264,4.3700
1623265924074000,1,431.84468262,4.3600
1623265924074000,1,187.78316512,4.3600
1623265924074000,1,486.09267787,4.3600
1623265943798000,1,229.06150181,4.3700
1623266040291000,0,9.06538616,4.3700
1623266053950000,1,50.00000000,4.3600
1623266378448000,0,228.14472027,4.3800
1623266482006000,0,228.05744213,4.3900
1623266488567000,0,227.67996670,4.3900
1623266506290000,0,37.73348519,4.3900
1623266693324000,1,0.45810714,4.3700
1623266693324000,1,37.27537805,4.3700
1623267000873000,0,36.82420091,4.3800
1623267077847000,0,228.27924887,4.3800
1623267077847000,0,570.69812217,4.3800
1623267077847000,0,157.78111955,4.3900
1623267245009000,0,228.18378380,4.3800
1623267245009000,0,570.45945949,4.3800
1623267424988000,0,455.98173515,4.3800
1623267591972000,0,228.63402504,4.3700
1623267684443000,0,228.73028860,4.3700
1623267684443000,0,571.77109994,4.3700
1623268150004000,0,229.16370068,4.3600
1623268158734000,0,229.00507038,4.3700
1623268249833000,0,229.13034496,4.3600
1623268546404000,0,134.94772727,4.3900
1623268807587000,0,228.52954084,4.3800
1623269738642000,0,228.62701693,4.3700
1623269880711000,0,228.67847798,4.3700
1623269888416000,0,228.61443740,4.3700
1623269888416000,0,571.83051841,4.3700
1623270352878000,0,229.08059205,4.3700
1623270933203000,0,8.00171625,4.3700
1623271045996000,0,228.64389498,4.3700
1623271178933000,0,228.01833358,4.3900
1623271181060000,0,22.43735763,4.4000
1623271443050000,0,300.00000000,4.4000
1623271526526000,0,227.18298722,4.4000
1623271608602000,1,18.30000000,4.3900
1623271722283000,1,250.00000000,4.3800
1623272093249000,0,570.39568526,4.3800
1623272093249000,0,228.15827410,4.3800
1623272730025000,1,228.54609262,4.3800
1623272730025000,1,121.45390738,4.3700
1623272861723000,1,15.61928571,4.3700
1623274021719000,0,5.66642868,4.4000
1623274103375000,0,5.65807327,4.4000
1623274154358000,1,7.15193278,4.3900
1623274298291000,0,450.00000000,4.4000
1623275401080000,1,300.00000000,4.4300
1623275691765000,0,11.20523509,4.4500
1623275781981000,1,350.00000000,4.4400
1623276395304000,1,550.00000000,4.4500
1623276407290000,0,126.10416018,4.4600
1623276407290000,0,74.72992054,4.4600
1623276583294000,1,7.82843343,4.4400
1623277000164000,1,0.39999654,4.4700
1623277035078000,0,224.13003000,4.4600
1623277095423000,0,223.56628000,4.4700
1623277300219000,0,11.57494407,4.4700
1623277382604000,0,223.50420469,4.4700
1623277400179000,0,223.49386432,4.4700
1623277411211000,0,223.48796995,4.4700
1623277509661000,1,0.35082075,4.4700
1623277554820000,1,350.00000000,4.4700
1623277641995000,0,223.04059080,4.4800
1623277663773000,0,223.04982510,4.4800
1623277680259000,0,6.70149662,4.4800
1623277680667000,0,216.31474805,4.4800
1623278028251000,0,224.18213252,4.4600
1623278040906000,0,224.05821261,4.4600
1623278075892000,0,224.07000964,4.4600
1623278168366000,0,223.55503854,4.4700
1623278168366000,0,558.88759634,4.4700
1623278205225000,0,223.62227404,4.4700
1623278280259000,0,10.76190476,4.4900
1623278280259000,0,210.43511521,4.4900
1623278327089000,0,223.54451205,4.4700
1623278327089000,0,558.86128013,4.4700
1623278378064000,0,223.52396738,4.4700
1623278522828000,0,223.49343006,4.4800
1623278525124000,1,223.35280759,4.4800
1623278525124000,1,183.08295415,4.4800
1623278525124000,1,558.19584738,4.4800
1623278525124000,1,223.52396000,4.4700
1623278525124000,1,183.59056449,4.4700
1623278525124000,1,228.22098510,4.4700
1623278536189000,0,222.98927930,4.4800
1623278729965000,0,222.50681669,4.4900
1623278791721000,0,222.54278078,4.4900
1623278791721000,0,556.35695194,4.4900
1623279010401000,0,865.38461538,4.5000
1623279010401000,0,300.00000000,4.5000
1623279010401000,0,222.50252385,4.5000
1623279015527000,0,170.00000000,4.5100
1623279015527000,0,23.11900000,4.5100
1623279015532000,0,93.94476888,4.5100
1623279016615000,0,221.43237000,4.5200
1623279026310000,0,220.99567000,4.5300
1623279034541000,0,551.17336408,4.5400
1623279034541000,0,220.48005592,4.5400
1623279041817000,1,4.64494382,4.5300
1623279047932000,0,0.00001106,4.5400
1623279096220000,0,221.69899366,4.5100
1623279096220000,0,331.29657175,4.5100
1623279232498000,1,222.41606629,4.5000
1623279312416000,1,222.96393323,4.4800
1623279312416000,1,400.00000000,4.4800
1623279312416000,1,558.44799604,4.4800
1623279640016000,1,224.44032789,4.4600
1623279789613000,0,224.52641000,4.4500
1623279790220000,1,50.00000000,4.4400
1623280102227000,1,224.40592000,4.4600
1623280223278000,0,223.48787066,4.4700
1623280322348000,0,558.47335946,4.4800
1623280322348000,0,147.70779054,4.4800
1623280322445000,0,75.77489000,4.4800
1623280322553000,0,0.00001586,4.4800
1623280568989000,0,183.31768146,4.4900
1623280568989000,0,158.72240762,4.4900
1623280885036000,1,222.89685931,4.4900
1623280885036000,1,557.22391046,4.4900
1623281549088000,0,222.00111000,4.5000
1623281549132000,0,0.00000388,4.5000
1623281959509000,0,222.43575963,4.5000
1623281959509000,0,466.24457919,4.5100
1623281959509000,0,81.15749553,4.5100
1623281959509000,0,386.23700000,4.5100
1623281959509000,0,731.90700000,4.5100
1623281959509000,0,1443.44216245,4.5100
1623281959509000,0,182.53611189,4.5100
1623281959509000,0,399.00000000,4.5100
1623281959509000,0,555.01250819,4.5100
1623281959509000,0,455.72871397,4.5200
1623281959509000,0,294.00000000,4.5200
1623281959509000,0,1282.00000000,4.5200
1623281959509000,0,454.98493694,4.5300
1623281959509000,0,304.00000000,4.5300
1623281959509000,0,912.81120887,4.5400
1623281959509000,0,56.63089590,4.5400
1623281959509000,0,12.92517007,4.5500
1623281959509000,0,50.00000000,4.5500
1623281959509000,0,1000.00000000,4.5500
1623281959509000,0,2017.90453285,4.5500
1623282196085000,1,450.00000000,4.4900
1623282912887000,1,221.40162825,4.5200
1623282912887000,1,553.11798020,4.5200
1623282912887000,1,460.78229230,4.5200
1623283167606000,1,0.35648975,4.5300
1623283178122000,1,552.20785917,4.5300
1623283384402000,1,380.00000000,4.5500
1623283387010000,0,4.47100000,4.5600
1623283559798000,1,221.46114635,4.5200
1623283631254000,1,221.96945007,4.5000
1623283833816000,0,11.23595505,4.5700
1623283833833000,0,0.00000001,4.5700
1623284010028000,1,219.49952158,4.5600
1623284058015000,0,581.65315315,4.5800
1623284734645000,1,220.41081145,4.5400
1623284734645000,1,551.02702861,4.5400
1623284739010000,1,308.00000000,4.5300
1623284739010000,1,104.73575929,4.5300
1623285228670000,1,52.22400000,4.5100
1623285355042000,1,222.05846707,4.5000
1623285396199000,1,222.41743737,4.5000
1623285396199000,1,555.99874438,4.5000
1623285403336000,1,182.40073609,4.4900
1623285403336000,1,58.15773705,4.4900
1623285403936000,1,340.84226295,4.4900
1623285403936000,1,1.19782613,4.4900
1623285533170000,1,222.01879000,4.5000
1623285953136000,1,101.13696352,4.4700
1623285953142000,1,122.67917261,4.4700
1623285975934000,1,223.92438503,4.4700
1623286115526000,0,222.90470867,4.4900
1623286353203000,0,223.12196153,4.4800
1623286353203000,0,26.87803847,4.4800
1623287770709000,1,4.65000000,4.5400
1623287800991000,1,219.99904503,4.5500
1623289622522000,1,221.45908944,4.5200
1623290660430000,1,181.57299270,4.4700
1623290816329000,1,222.31191929,4.5000
1623291459756000,0,399.00000000,4.5300
1623291464315000,1,350.00000000,4.5200
1623291464315000,1,33.18383799,4.5200
1623291496910000,1,221.43725942,4.5200
1623292083180000,1,220.45817787,4.5400
1623292085202000,1,551.08644966,4.5400
1623292181530000,0,30.31346578,4.5300
1623292613408000,1,221.89572872,4.5100
1623296017061000,1,6.03600000,4.5200
1623296042063000,1,100.00000000,4.5200
1623296048488000,1,220.93750000,4.5200
1623296138410000,1,221.94157405,4.5100
1623296208858000,1,182.27178000,4.5100
1623296283893000,1,50.00000000,4.5200
1623297078268000,1,223.44066315,4.4800
1623297186996000,1,223.43862103,4.4800
1623298589082000,1,115.19678218,4.5000
1623299341453000,1,17.73443983,4.4600
1623299559225000,0,183.75899244,4.4800
1623299559225000,0,38.96422184,4.4800
1623299717420000,0,50.00000000,4.4700
1623300912314000,1,5.90000000,4.4300
1623300999602000,1,38.34851936,4.4400
1623301072682000,1,14.53391436,4.4300
1623302323469000,1,225.94960000,4.4200
1623302499723000,1,4.59410430,4.4100
1623302499723000,1,6.10430839,4.4100
1623302499723000,1,300.00000000,4.4100
1623302520277000,1,11.05232636,4.3900
1623302641214000,0,3736.63445816,4.4000
1623302641350000,0,300.00000000,4.4000
1623302641802000,0,3736.11603045,4.4000
1623302642300000,0,3736.44107088,4.4000
1623302642853000,1,200.00000000,4.3900
1623302644003000,0,193.11900000,4.4000
1623302646011000,0,300.00000000,4.4000
1623302646169000,0,147.38677721,4.4000
1623302646172000,0,3733.30748417,4.4000
1623302646679000,0,25.06687165,4.4000
1623302646683000,0,60.12673202,4.4000
1623302646702000,0,3731.04325150,4.4000
1623302646758000,0,25.06687165,4.4000
1623302647201000,0,3731.36625491,4.4000
1623302647796000,0,3731.60937106,4.4000
1623302648366000,0,3730.66845972,4.4000
1623302648900000,0,3730.44042989,4.4000
1623302669824000,1,97.00000000,4.3900
1623302669824000,1,227.20226100,4.3900
1623302669824000,1,567.73614002,4.3900
1623302723674000,0,193.11900000,4.4000
1623302727399000,0,3734.47110738,4.4000
1623302727939000,0,1337.17134555,4.4000
1623302946422000,1,445.04914875,4.3800
1623302946422000,1,254.95085125,4.3800
1623304173994000,0,226.12610287,4.4200
1623304173994000,0,565.19417249,4.4200
1623304173994000,0,186.29686155,4.4200
1623304174121000,1,186.29686155,4.4200
1623304174192000,1,3727.54104048,4.4200
1623304174691000,1,3726.81085367,4.4200
1623304175206000,1,186.35331657,4.4200
1623304175207000,1,3726.64241659,4.4200
1623304175711000,1,3726.31708726,4.4200
1623304271116000,0,226.55775971,4.4100
1623304291693000,1,667.17808593,4.4000
1623304362571000,1,3741.36942781,4.4000
1623304363075000,1,3741.65493274,4.4000
1623304364469000,1,3742.37858110,4.4000
1623304398707000,1,3743.51792779,4.4000
1623304399385000,1,3743.35314120,4.4000
1623304413741000,1,1764.36589000,4.4000
1623304413839000,1,3100.00000000,4.4000
1623304413877000,1,900.31590000,4.4000
1623304413897000,1,3744.62998772,4.4000
1623304413906000,1,2750.00000000,4.4000
1623304414221000,1,126.20000000,4.4000
1623304414284000,1,138.00000000,4.4000
1623304414396000,1,52.82681642,4.4000
1623304414476000,1,89.96818358,4.4000
1623304414478000,1,3746.04347578,4.4000
1623304414882000,1,193.11900000,4.4000
1623304414913000,1,26.97045681,4.4000
1623304414921000,1,26.97040000,4.4000
1623304415007000,1,3747.32353294,4.4000
1623304415019000,1,48.02954319,4.4000
1623304415093000,1,187.38985873,4.4000
1623304415521000,1,490.40332501,4.4000
1623304415539000,1,643.16961918,4.4000
1623304415539000,1,58.23383084,4.4000
1623304437842000,0,4.75681818,4.4000
1623304446315000,1,237.19630561,4.3900
1623304446425000,1,211.31891217,4.3800
1623304446496000,1,195.67608783,4.3800
1623304468824000,0,227.90797541,4.3900
1623304517726000,0,227.72878394,4.4000
1623304596871000,0,226.51836000,4.4200
1623304727840000,0,16.73419864,4.4300
1623304787517000,0,58.55656000,4.4200
1623305036419000,0,227.26340435,4.4000
1623305036419000,0,187.05395095,4.4000
1623305036419000,0,85.68264470,4.4000
1623305245566000,1,500.00000000,4.3900
1623305278022000,1,228.00960759,4.3900
1623305338431000,1,0.39969824,4.3900
1623305634311000,1,750.00000000,4.3800
1623305667957000,0,228.10925871,4.3800
1623305667957000,0,570.35646129,4.3800
1623305692339000,1,228.53986286,4.3800
1623305702470000,1,228.54316069,4.3800
1623305885537000,0,45.82727272,4.4000
1623305914999000,0,181.31122000,4.4000
1623306174696000,1,600.00000000,4.4000
1623306539408000,0,227.05243456,4.4000
1623306790640000,0,226.02226184,4.4200
1623306892387000,1,225.94804999,4.4300
1623307196513000,1,226.98002548,4.4100
1623307198223000,0,120.56787330,4.4100
1623307307710000,1,567.47213780,4.4000
1623307307710000,1,227.00143050,4.4000
1623307360524000,0,227.06182000,4.4000
1623307588395000,1,850.00000000,4.3900
1623307649280000,0,304.00000000,4.4000
1623308053324000,1,9.74432989,4.4000
1623308115094000,1,567.52216817,4.4000
1623308115094000,1,226.98618872,4.4000
1623308698992000,0,227.04210090,4.4000
1623309183498000,0,225.51203564,4.4300
1623309214743000,0,225.51501097,4.4300
1623309592235000,1,550.00000000,4.4400
1623309673997000,1,750.00000000,4.4300
1623309810470000,1,225.75574000,4.4300
1623309810470000,1,550.00000000,4.4300
1623309885894000,1,650.00000000,4.4300
1623309981413000,1,200.00000000,4.4200
1623310012154000,0,749.54875283,4.4200
1623310014577000,0,6.75581369,4.4300
1623310409264000,1,226.49439788,4.4100
1623310511096000,1,227.03801069,4.4000
1623310554834000,1,226.86958420,4.4100
1623310582103000,1,226.99250081,4.4000
1623310770481000,1,6.70639158,4.4000
1623311469089000,1,225.44852292,4.4400
1623311890852000,1,225.96439556,4.4300
1623311962496000,1,0.44127061,4.4400
1623311970284000,1,225.38703109,4.4400
1623311972993000,1,225.38703109,4.4400
1623312092300000,1,225.93802000,4.4200
1623312092378000,1,0.00000082,4.4200
1623312093826000,1,566.20679730,4.4100
1623312093826000,1,226.51301270,4.4100
1623312130815000,1,0.29287150,4.4100
1623312163176000,1,1000.00000000,4.4000
1623312163176000,1,227.31197880,4.4000
1623312377743000,1,227.51259515,4.3900
1623312397805000,1,228.01567500,4.3900
1623312404669000,1,0.46334847,4.3900
1623312424037000,0,40.00000000,4.4000
1623312992855000,1,226.95816830,4.4100
1623312992855000,1,567.15489883,4.4100
1623313069009000,1,226.38199179,4.4200
1623313088048000,1,226.46711128,4.4200
1623313331667000,0,7.79977376,4.4400
1623313385526000,1,12.01948000,4.4300
1623313525881000,1,225.41295728,4.4400
1623313824885000,1,226.37570997,4.4200
1623313964805000,1,226.40609075,4.4200
1623314122463000,1,227.05769168,4.4000
1623314212455000,1,50.00000000,4.3900
1623314317862000,1,5.00000000,4.3700
1623314471185000,1,12.00000000,4.3500
1623314471290000,1,176.80850155,4.3500
1623314471290000,1,229.58285115,4.3500
1623314471290000,1,189.12834370,4.3400
1623314471290000,1,293.00000000,4.3400
1623314471290000,1,394.00000000,4.3400
1623314471290000,1,90.34383301,4.3400
1623314754532000,0,11.52073733,4.3400
1623314760211000,0,11.98156682,4.3400
1623314811429000,1,50.00000000,4.3300
1623314814163000,1,183.15784882,4.3200
1623315074000000,0,58.23383084,4.3300
1623315172042000,0,3785.14410907,4.3400
1623315172558000,0,3785.07928225,4.3400
1623315173495000,0,3784.90912587,4.3400
1623315174852000,0,1323.76267281,4.3400
1623315345533000,0,3783.36005228,4.3400
1623315346061000,0,3782.59370664,4.3400
1623315346576000,0,3782.16306971,4.3400
1623315408201000,1,231.72597289,4.3200
1623315521814000,1,231.70495649,4.3200
1623315521814000,1,8.50000000,4.3100
1623315521814000,1,399.71800000,4.3100
1623315521814000,1,1505.63533523,4.3100
1623315521814000,1,386.23700000,4.3100
1623315521814000,1,579.23328957,4.3100
1623315521814000,1,190.09200553,4.3100
1623315521814000,1,160.18376000,4.3100
1623315521814000,1,444.62247452,4.3100
1623315521814000,1,292.00000000,4.3100
1623315521814000,1,1837.55880000,4.3100
1623315521814000,1,924.00000000,4.3100
1623315521917000,0,50.00000000,4.3100
1623315521917000,0,300.00000000,4.3100
1623315521953000,0,573.97861335,4.3100
1623315521978000,0,190.18603228,4.3100
1623315522004000,0,3803.72064542,4.3100
1623315522033000,0,20841.19578201,4.3100
1623315522121000,0,147.38677722,4.3300
1623315606987000,1,231.72994086,4.3100
1623315632007000,1,232.25072331,4.3100
1623315759788000,1,231.72545681,4.3200
1623315800001000,1,579.27497239,4.3100
1623315800001000,1,231.72544761,4.3100
1623315838347000,1,1323.76267281,4.3000
1623315844621000,1,1472.76988532,4.3000
1623315844621000,1,58.51395348,4.3000
1623315844621000,1,1000.00000000,4.3000
1623315945227000,1,232.25881127,4.3100
1623316020538000,1,400.00000000,4.3100
1623316265778000,1,232.78453026,4.3000
1623316273411000,0,4.65348837,4.3000
1623316328590000,1,233.33393804,4.2900
1623316328590000,1,400.00000000,4.2900
1623316427896000,1,233.26585282,4.2900
1623316427896000,1,583.20742626,4.2900
1623316620596000,1,231.71617585,4.3200
1623317363534000,0,46.17284806,4.3000
1623317451737000,1,386.23700000,4.3100
1623317451737000,1,190.27307426,4.3100
1623317451737000,1,231.63093225,4.3100
1623317451737000,1,75.73752016,4.3100
1623317691123000,1,1000.00000000,4.3500
1623317727415000,1,229.04033086,4.3700
1623317845088000,0,135.70547945,4.3800
1623318484195000,1,0.45962478,4.3800
1623319284317000,0,768.00000000,4.4000
1623319290239000,0,151.00226244,4.4200
1623319360930000,0,848.99773756,4.4200
1623319410030000,0,2048.51939973,4.4400
1623319436038000,0,1323.76267281,4.4500
1623319436038000,0,1472.76988532,4.4500
1623319437842000,1,43.68876000,4.4500
1623319440316000,0,11.98156682,4.4600
1623319440316000,0,451.57776512,4.4600
1623319440316000,0,184.76133865,4.4600
1623319440316000,0,157.31809000,4.4600
1623319440316000,0,312.00000000,4.4700
1623319440316000,0,184.78795841,4.4700
1623319440316000,0,768.00000000,4.4700
1623319440316000,0,386.23700000,4.4700
1623319440316000,0,625.86810000,4.4700
1623319440316000,0,11.52073733,4.4800
1623319440316000,0,4.65348837,4.4800
1623319440316000,0,647.08625131,4.4800
1623319440316000,0,224.57772531,4.4800
1623319440316000,0,279.00000000,4.4800
1623319440316000,0,6.10430839,4.4900
1623319440316000,0,928.38819237,4.4900
1623319473941000,1,0.00000404,4.4500
1623319489110000,0,184.89442058,4.4500
1623319489206000,0,0.00000001,4.4500
1623319491143000,0,11.06741573,4.4600
1623319608791000,1,2048.51940594,4.4300
1623319692699000,1,562.17597000,4.4500
1623319743423000,0,33.53932584,4.4500
1623320286418000,0,140.84753363,4.4600
1623320597131000,0,44.52012866,4.4800
1623320823371000,0,184.08744880,4.4700
1623320823371000,0,151.31747290,4.4700
1623321000325000,1,12.78020137,4.4600
1623321120362000,0,184.07208688,4.4700
1623321120362000,0,37.47217509,4.4700
1623321132800000,1,33.22412216,4.4600
1623321227660000,1,223.42513000,4.4800
1623321242412000,0,223.04070772,4.4800
1623321242412000,0,44.80527442,4.4800
1623321516412000,1,400.00000000,4.4700
1623321668498000,1,78.93502189,4.4600
1623321678892000,1,135.70547945,4.4500
1623321740047000,1,150.00000000,4.4600
1623321824167000,0,183.95316605,4.4700
1623321824167000,0,134.30410464,4.4700
1623321984431000,1,227.37407451,4.4600
1623321984905000,1,410.92587833,4.4600
1623322008155000,1,1458.27058537,4.4500
1623322012750000,1,6.46171000,4.4400
1623322033173000,1,0.00000171,4.4400
1623322147692000,1,170.33061224,4.4400
1623322777503000,1,12.24444446,4.4200
1623322777847000,1,267.84598214,4.4200
1623323204704000,1,75.50113122,4.4300
1623323277849000,1,225.25801000,4.4400
1623323412884000,0,224.94211568,4.4500
1623323481238000,0,27.28699551,4.4600
1623323544671000,1,0.26999687,4.4400
1623323573874000,0,1823.30729339,4.4400
1623323736600000,1,0.42170772,4.4500
1623323813629000,1,224.94741466,4.4500
1623323915592000,1,224.94741466,4.4400
1623324007375000,1,20.00000000,4.4300
1623324007375000,1,250.00000000,4.4300
1623324060382000,1,200.00000000,4.4200
1623324061015000,1,75.50113122,4.4200
1623324130891000,1,225.88434431,4.4300
1623324132601000,1,564.64197089,4.4300
1623324301585000,1,0.33998037,4.4400
1623325138708000,1,8.00171625,4.4100
1623325293799000,0,185.94037900,4.4200
1623325293799000,0,226.07889502,4.4200
1623325293799000,0,565.59709821,4.4200
1623325293799000,0,156.24679000,4.4200
1623325293799000,0,386.23700000,4.4200
1623325293799000,0,75.43151197,4.4200
1623325800297000,1,28.27501662,4.4100
1623326489679000,1,226.98359638,4.4100
1623326515696000,1,226.46225157,4.4200
1623326655551000,1,568.44465373,4.4000
1623326655551000,1,227.37786149,4.4000
1623326709163000,1,227.47456503,4.3900
1623327208819000,1,14.93101688,4.3900
1623327304261000,1,187.42386602,4.3800
1623327304261000,1,147.98105568,4.3800
1623327305072000,1,228.00178188,4.3900
1623327598677000,1,50.00000000,4.3700
1623327604860000,1,229.04348459,4.3700
1623328258093000,0,229.10823702,4.3700
1623328455769000,0,228.60358616,4.3700
1623328735265000,0,13.53211009,4.3600
1623328735461000,0,4.58944954,4.3600
1623328736299000,0,12.38532110,4.3600
1623328974435000,1,229.52235179,4.3600
1623329202698000,0,8.05169725,4.3900
1623329279819000,0,1000.00000000,4.4000
1623329851075000,1,228.94759097,4.3700
1623329857002000,1,229.05554314,4.3700
1623329871898000,1,229.07178947,4.3700
1623330003453000,1,229.00829419,4.3700
1623330047291000,1,229.09188151,4.3600
1623330354247000,1,0.40555386,4.3600
1623330999321000,1,230.58979191,4.3400
1623331014058000,1,576.52302248,4.3400
1623331014058000,1,230.60920899,4.3400
1623331044766000,1,230.63161738,4.3400
1623331111645000,1,231.14078730,4.3300
1623331448592000,1,230.65552446,4.3400
1623331871657000,1,194.99872152,4.3500
1623332316489000,0,229.72068626,4.3500
1623332316489000,0,574.32026006,4.3500
1623332317085000,0,1491.30323033,4.3600
1623332317085000,0,229.55431220,4.3600
1623332317085000,0,573.88578050,4.3600
1623332318193000,0,470.47237069,4.3700
1623332318193000,0,572.61713209,4.3700
1623332318193000,0,229.04685284,4.3700
1623332321859000,1,464.94070236,4.3600
1623332323352000,0,659.59740000,4.3700
1623332323352000,0,386.23700000,4.3700
1623332323352000,0,86.74755362,4.3700
1623332330388000,1,229.97446283,4.3500
1623332330388000,1,574.93615707,4.3500
1623332387997000,1,230.11910239,4.3500
1623332390567000,1,94.26829268,4.3500
1623332392298000,1,135.76166348,4.3500
1623332392298000,1,575.07489040,4.3500
1623332940549000,1,0.37543084,4.3600
1623332948182000,0,188.46990249,4.3600
1623332948401000,1,41.67019095,4.3600
1623333070608000,1,573.97928327,4.3500
1623333070608000,1,229.59761477,4.3500
1623333070608000,1,50.73762948,4.3500
1623334102362000,1,573.56560405,4.3600
1623334102362000,1,229.42624162,4.3600
1623334102362000,1,386.23700000,4.3500
1623334102362000,1,406.30282853,4.3500
1623334190681000,1,50.00000000,4.3300
1623334199742000,1,411.04148758,4.3100
1623334200144000,1,224.95851242,4.3100
1623334737504000,1,65.49411445,4.3000
1623334738003000,1,50.78495531,4.3000
1623334738003000,1,336.20763728,4.3000
1623334840386000,1,913.79236272,4.3000
1623334863485000,1,232.80203301,4.3000
1623335374464000,0,386.23700000,4.3200
1623335374464000,0,579.28843574,4.3200
1623335374464000,0,190.57706241,4.3200
1623335374464000,0,231.76493549,4.3200
1623335374464000,0,217.06775154,4.3200
1623335440062000,0,232.23255813,4.3000
1623335560359000,1,50.00000000,4.2900
1623336510945000,1,92.64953271,4.2800
1623336515167000,0,11.44859813,4.2800
1623336938950000,0,231.25198504,4.3200
1623336948897000,0,231.25579787,4.3200
1623337232759000,0,4.65000000,4.3000
1623339232360000,1,233.34682638,4.2900
1623339304226000,1,217.28576628,4.2800
1623339306056000,1,16.54589105,4.2800
1623339306056000,1,191.88367072,4.2800
1623339306056000,1,386.23700000,4.2800
1623339306056000,1,583.90899290,4.2800
1623339306056000,1,309.00000000,4.2700
1623339306056000,1,117.35963051,4.2700
1623339306918000,1,140.84753363,4.2800
1623339306978000,1,8.00000000,4.2800
1623339544387000,1,191.40887410,4.2900
1623339925900000,1,4.97652582,4.2600
1623339929719000,0,4.69718310,4.2600
1623339933751000,0,11.03286385,4.2600
1623339937755000,1,1500.00000000,4.2500
1623339937755000,1,2371.27499015,4.2500
1623339942467000,1,545.17206867,4.2500
1623340028035000,0,235.09896714,4.2500
1623340032690000,0,235.06624937,4.2500
1623340061297000,1,193.14445236,4.2500
1623340061297000,1,50.00000000,4.2500
1623340061297000,1,235.48105122,4.2500
1623340061297000,1,588.32676640,4.2500
1623340061297000,1,82.03719379,4.2500
1623340342769000,0,233.98689520,4.2700
1623340342769000,0,192.62882115,4.2700
1623340342769000,0,585.21095823,4.2700
1623340342769000,0,161.45518000,4.2700
1623340342769000,0,430.87973792,4.2700
1623340363937000,0,234.62111783,4.2600
1623340363937000,0,174.53490352,4.2700
1623340547774000,0,233.45090796,4.2800
1623340634196000,1,191.84168000,4.2800
1623340986142000,1,232.72702626,4.3000
1623341055994000,1,150.00000000,4.2900
1623341108733000,1,14.29611651,4.2700
1623341355085000,1,1000.00000000,4.2300
1623341359087000,1,236.64296487,4.2300
1623342250622000,0,234.52833355,4.2600
1623344059024000,0,234.65006231,4.2600
1623344059024000,0,7.36636961,4.2600
1623344247026000,0,233.95531962,4.2700
1623344929493000,1,236.55673049,4.2300
1623344934132000,1,4.74000000,4.2200
1623344934132000,1,205.51522067,4.2200
1623344934646000,1,20.89471853,4.2200
1623344937125000,1,39.17000000,4.2200
1623344976682000,1,234.42006080,4.2200
1623345183426000,0,74.97567000,4.2200
1623345714958000,0,235.60960063,4.2400
1623346065979000,0,46.93513564,4.2400
1623346139450000,1,236.55907981,4.2300
1623346185364000,1,100.00000000,4.2100
1623346245725000,1,100.00000000,4.2000
1623346270810000,1,195.71661280,4.1900
1623346270810000,1,445.03056552,4.1900
1623346320303000,1,195.91488998,4.1900
1623346320303000,1,386.23700000,4.1900
1623346320303000,1,238.61241414,4.1900
1623346320303000,1,164.67662000,4.1900
1623346320303000,1,46.37047777,4.1900
1623346546731000,0,25.93396226,4.2400
1623346677091000,1,6.00000000,4.2300
1623347045684000,1,278.00000000,4.2300
1623347623841000,0,234.58222535,4.2600
1623347624147000,1,235.48312979,4.2500
1623347624147000,1,13.26687021,4.2500
1623347690846000,1,179.87471088,4.2500
1623347690846000,1,388.00000000,4.2500
1623347690846000,1,208.20324012,4.2500
1623348468965000,1,235.52962315,4.2500
1623348636700000,1,235.46554133,4.2500
1623348841048000,1,0.35497456,4.2600
1623348950705000,1,235.50950250,4.2500
1623348950705000,1,588.53094335,4.2500
1623349353251000,1,0.49644065,4.2400
1623349847901000,1,235.54669211,4.2500
1623350038264000,1,236.60489596,4.2300
1623350130377000,1,236.69130708,4.2200
1623350199796000,1,237.72616714,4.2100
1623350208298000,1,237.76729897,4.2100
1623350498515000,1,237.71988346,4.2100
1623350498515000,1,594.24838334,4.2100
1623350738848000,0,236.63507109,4.2200
1623350748781000,1,237.22370784,4.2100
1623350774957000,1,237.79572680,4.2000
1623350785833000,1,238.35425793,4.2000
1623350967860000,0,195.34524481,4.2100
1623350967860000,0,41.75272970,4.2200
1623351303957000,0,23.80000000,4.1900
1623351309752000,0,10.26252983,4.1900
1623351320992000,1,239.42199862,4.1800
1623351448290000,1,238.85834128,4.1900
1623351448290000,1,261.14165872,4.1900
1623351528670000,1,7.00272973,4.1900
1623351606377000,1,237.77298844,4.2100
1623351663416000,0,236.73170641,4.2200
1623351663416000,0,397.55502344,4.2200
1623351816798000,1,238.30186230,4.2000
1623351837201000,1,238.35398639,4.2000
1623351871587000,1,238.29396670,4.2000
1623351871587000,1,595.76477699,4.2000
1623351986494000,1,238.92497699,4.1800
1623351996756000,0,4.78708134,4.1800
1623352113600000,1,239.92089401,4.1700
1623352119137000,0,9.59232614,4.1700
1623352161212000,1,240.00974811,4.1700
1623352161212000,1,600.02437027,4.1700
1623352256009000,1,240.58699922,4.1600
1623352266809000,1,739.64221276,4.1500
1623352266809000,1,368.03873239,4.1500
1623352267277000,1,203.90659734,4.1400
1623352267964000,1,17.69615384,4.1400
1623352506908000,1,240.60510872,4.1600
1623352581603000,1,241.21349963,4.1500
1623352587076000,1,241.15889555,4.1500
1623352665111000,1,603.15857280,4.1400
1623352665111000,1,241.15889555,4.1400
1623352910761000,0,6.02415458,4.1400
1623352919003000,1,242.37566532,4.1300
1623352919003000,1,605.73353782,4.1300
1623352987809000,1,242.37744053,4.1300
1623353273988000,1,242.37258900,4.1300
1623353493578000,1,120.56787330,4.1300
1623353632379000,0,47.72301562,4.1700
1623353773325000,1,240.03523961,4.1700
1623353773325000,1,599.94167680,4.1700
1623353895005000,0,197.02129097,4.1800
1623353895005000,0,239.45778996,4.1800
1623353895005000,0,333.69795256,4.1800
1623353943208000,1,240.36848709,4.1800
1623353943725000,1,239.44847880,4.1800
1623353944788000,1,598.61324227,4.1800
1623353993189000,1,598.51464082,4.1800
1623354236258000,0,109.96650717,4.1800
1623354239056000,1,50.00000000,4.1800
1623354309476000,1,202.29140428,4.1700
1623354335197000,1,0.40025057,4.1600
1623354339730000,0,197.13428650,4.1700
1623354339730000,0,42.33813556,4.1700
1623354347194000,1,240.63695589,4.1600
1623354351985000,0,197.64332682,4.1600
1623354352078000,1,42.92706717,4.1600
1623354431981000,1,240.58873704,4.1600
1623354431981000,1,601.28399381,4.1600
1623354434411000,0,487.23437059,4.1600
1623354449995000,1,240.06692873,4.1700
1623354699501000,1,43.68876404,4.1700
1623354944460000,1,240.00835118,4.1700
1623354944460000,1,509.99164882,4.1700
1623354944539000,1,90.04513309,4.1700
1623355335102000,1,0.44637192,4.1300
1623355358500000,1,5.06310679,4.1200
1623355358500000,1,7.06987952,4.1200
1623355376737000,0,20.00000000,4.1200
1623355381820000,0,10.00000000,4.1200
1623355383458000,0,149.73899000,4.1200
1623355413727000,0,243.08894000,4.1100
1623355447255000,0,0.00000258,4.1200
1623355568482000,1,12.00000000,4.1100
1623355581809000,0,9.73236010,4.1100
1623355625131000,1,60.05609756,4.1000
1623355625131000,1,1406.14756098,4.1000
1623355625131000,1,20.00000000,4.1000
1623355629791000,1,386.23700000,4.0900
1623355629791000,1,200.38014528,4.0900
1623355629791000,1,714.00000000,4.0900
1623355629791000,1,303.54444722,4.0900
1623355631434000,1,59.15323205,4.1000
1623355693675000,0,4.88048780,4.1000
1623355694415000,0,244.25659676,4.0900
1623355851947000,0,500.00000000,4.0900
1623355900006000,1,243.57336918,4.1100
1623355912591000,1,243.54891821,4.1100
1623355914085000,0,160.01628971,4.1100
1623355928011000,1,610.08352302,4.1000
1623356007038000,1,244.16050576,4.1000
1623356012713000,1,174.19030068,4.1000
1623356051910000,1,244.16802666,4.1000
1623356163674000,1,869.74634146,4.1000
1623356194006000,0,48.53779881,4.0900
1623356303757000,0,616.00000000,4.1000
1623356405908000,0,52.01951219,4.1000
1623356511870000,0,12.17073170,4.1000
1623356513552000,0,108.16186418,4.1100
1623356513552000,0,377.77487547,4.1100
1623356544666000,1,120.34543368,4.1000
1623356946075000,0,16.94647201,4.1100
1623357180782000,1,120.32517116,4.1000
1623357181875000,1,120.32517116,4.1000
1623357182964000,1,120.32517116,4.1000
1623357184049000,1,120.32517116,4.1000
1623357185132000,1,18.69931536,4.1000
1623357317706000,0,120.68538334,4.0900
1623357317706000,0,16.10923768,4.0900
1623357337486000,1,43.02004008,4.0900
1623357475134000,0,200.15885911,4.1000
1623357475433000,0,12.45980983,4.1000
1623357475493000,0,31.62279204,4.1000
1623357485746000,1,243.57041000,4.1100
1623357520234000,0,13.04126213,4.1200
1623357549727000,0,48.41970198,4.1100
1623357745573000,1,50.61935274,4.1100
1623357815970000,0,119.72231630,4.1200
1623357833493000,0,99.77431801,4.1200
1623357991473000,0,12.01720864,4.1500
1623357991616000,0,24.04819277,4.1500
1623357993674000,0,12.01686746,4.1500
1623357995755000,0,417.00071019,4.1500
1623357995755000,0,1160.49326571,4.1500
1623358172198000,1,150.00000000,4.1600
1623358419892000,0,59.67703349,4.1800
1623358520252000,1,598.27464640,4.1700
1623358520252000,1,239.46197235,4.1700
1623358530020000,1,240.06666046,4.1700
1623358530020000,1,599.95924836,4.1700
1623358833060000,0,193.11900000,4.1700
1623358833064000,0,46.49232243,4.1700
1623358833064000,0,599.02830608,4.1700
1623358881614000,1,240.03853603,4.1700
1623358920278000,0,48.36757054,4.1700
1623358924670000,1,600.16938869,4.1600
1623358924670000,1,240.03853603,4.1600
1623358928408000,1,601.48708384,4.1600
1623359135726000,0,113.39903846,4.1600
1623359430165000,1,15.00000000,4.1300
1623359656784000,1,242.97489476,4.1200
1623359718699000,0,39.89678796,4.1200
1623360273825000,1,242.39791396,4.1300
1623361503077000,1,39.59220135,4.1500
1623361504176000,1,39.59377492,4.1500
1623361507110000,1,39.59249685,4.1500
1623361509708000,1,39.60973428,4.1500
1623362562781000,1,6.04495747,4.1400
1623362761133000,1,39.60706829,4.1500
1623362925826000,0,8.30722892,4.1500
1623362974048000,1,13.40896606,4.1500
1623363156888000,1,240.61154480,4.1600
1623363156888000,1,650.00000000,4.1600
1623363156888000,1,601.40519406,4.1600
1623363156888000,1,85.47723704,4.1500
1623363280508000,1,39.41226904,4.1700
1623363281635000,1,39.41226904,4.1700
1623363282717000,1,39.41226904,4.1700
1623363283846000,1,39.41226904,4.1700
1623363387445000,0,39.35047000,4.1800
1623363397495000,1,194.79763826,4.1800
1623363421032000,1,21.14500000,4.1800
1623363445053000,1,61.24565830,4.1800
1623363448015000,1,152.40851000,4.1800
1623363485848000,0,39.32606000,4.1800
1623363746504000,1,39.40303510,4.1700
1623363784013000,1,39.40142930,4.1700
1623363785107000,1,39.40142930,4.1700
1623363786194000,1,39.40301207,4.1700
1623363870017000,1,19.70560811,4.1700
1623363871139000,1,19.70560811,4.1700
1623363872214000,1,19.70560811,4.1700
1623363873324000,1,19.70560811,4.1700
1623364068628000,1,19.75393313,4.1600
1623364070846000,1,19.75434419,4.1600
1623364073054000,1,19.75404585,4.1600
1623364074144000,1,19.75337021,4.1600
1623364078174000,0,19.76704000,4.1600
1623364078882000,0,0.00000338,4.1600
1623364088700000,1,19.75922377,4.1600
1623364090879000,1,19.75783408,4.1600
1623364107723000,0,240.15144435,4.1600
1623364285330000,1,19.76233999,4.1600
1623364288967000,1,19.76254011,4.1600
1623364298474000,1,197.30512334,4.1500
1623364298474000,1,572.87191015,4.1500
1623364471976000,1,19.75356884,4.1600
1623364625692000,1,19.75465314,4.1600
1623364626792000,1,19.75465314,4.1600
1623364627895000,1,19.75465314,4.1600
1623364630144000,1,19.75513600,4.1600
1623364631350000,1,19.75558252,4.1600
1623364632476000,1,19.76713873,4.1600
1623364644117000,0,19.76772434,4.1600
1623364644247000,1,19.76772434,4.1600
1623364694223000,0,19.76146789,4.1600
1623364694354000,1,19.76146789,4.1600
1623364710728000,1,19.75420034,4.1600
1623364711832000,1,19.75420034,4.1600
1623364736135000,1,19.80630715,4.1500
1623364738802000,1,19.80685767,4.1500
1623364885812000,1,19.80125072,4.1500
1623364897879000,1,19.80598145,4.1500
1623364898547000,1,78.03102750,4.1500
1623364901190000,1,19.80559338,4.1500
1623364918144000,1,19.80167971,4.1500
1623364919254000,1,19.80144038,4.1500
1623364997033000,1,19.80444238,4.1500
1623364998143000,1,19.80444238,4.1500
1623364999262000,1,19.80437480,4.1500
1623365000462000,1,19.80437480,4.1500
1623365065644000,1,19.80719806,4.1500
1623365066776000,1,19.80728180,4.1500
1623365067920000,1,19.80458528,4.1500
1623365069063000,1,19.80458528,4.1500
1623365070145000,1,19.80458528,4.1500
1623365071224000,1,19.80458528,4.1500
1623365072418000,1,19.80458528,4.1500
1623365073611000,1,19.80458528,4.1500
1623365074734000,1,19.80458528,4.1500
1623365078351000,1,19.80712550,4.1500
1623365079778000,1,115.48294090,4.1500
1623365224825000,1,19.75750160,4.1600
1623365461583000,0,19.74726529,4.1700
1623365461707000,1,19.74820891,4.1700
1623365653581000,1,150.00000000,4.1800
1623365661550000,0,597.35682360,4.1900
1623365661550000,0,163.64078976,4.1900
1623365663461000,0,75.31755000,4.1900
1623365847075000,1,19.66603100,4.1800
1623365848198000,1,19.66603100,4.1800
1623365885788000,1,19.67136819,4.1800
1623365907641000,0,19.67322000,4.1800
1623365970386000,0,119.47368421,4.1800
1623366144260000,1,120.00000000,4.1800
1623366148453000,1,19.66442892,4.1800
1623366449705000,0,19.65790680,4.1900
1623366449705000,0,99.41130561,4.1900
1623366611859000,1,19.65701344,4.1800
1623367188257000,1,87.07370457,4.1700
1623367194227000,1,474.38820000,4.1700
1623367277790000,1,432.92700000,4.1700
1623367283006000,1,255.61109543,4.1700
1623367283006000,1,110.80770457,4.1700
1623367288765000,1,439.19229543,4.1700
1623369303329000,1,650.00000000,4.1700
1623369303329000,1,239.97091052,4.1700
1623369321950000,1,350.00000000,4.1700
