timestamp ms,type,amount,price
1623628982065000,1,214.37428233,4.1900
1623629005683000,1,521.36758402,4.1800
1623629172187000,1,125.35662650,4.1500
1623629242679000,1,1750.00000000,4.1500
1623632459577000,0,58.84486440,4.1100
1623632460136000,1,95.40384615,4.1100
1623632489382000,0,243.03986512,4.1100
1623632508083000,1,243.50732096,4.1100
1623632508083000,1,200.80593206,4.1100
1623632508083000,1,1000.00000000,4.1100
1623632508083000,1,608.69663156,4.1100
1623632508181000,0,4015.04507572,4.1100
1623632508206000,0,200.74367189,4.1100
1623632508771000,0,4014.88538839,4.1100
1623632509364000,0,200.75122856,4.1100
1623632509365000,0,4015.02457104,4.1100
1623632509908000,0,500.54017982,4.1100
1623632532036000,1,243.61904095,4.1000
1623632532036000,1,300.00000000,4.1000
1623632532191000,0,4025.04261210,4.1000
1623632804952000,1,244.43712000,4.0900
1623632906941000,1,244.82464814,4.0800
1623632906941000,1,250.00000000,4.0800
1623632934801000,0,4045.84961813,4.0800
1623632935361000,0,4045.76654608,4.0800
1623632984344000,0,1413.55918765,4.0800
1623633010781000,1,202.08809271,4.0800
1623633010781000,1,386.23700000,4.0800
1623633010781000,1,310.00000000,4.0800
1623633010781000,1,903.00000000,4.0800
1623633010781000,1,399.71800000,4.0800
1623633010781000,1,170.12258000,4.0800
1623633010781000,1,516.29189417,4.0800
1623633010781000,1,244.77722852,4.0800
1623633010871000,0,278.97260812,4.0800
1623633010881000,0,300.00000000,4.0800
1623633010913000,0,202.08809271,4.0800
1623633010953000,0,335.23894966,4.0800
1623633010990000,0,4033.92741503,4.0800
1623633011018000,0,3847.87648603,4.0800
1623633095458000,1,245.12779172,4.0800
1623633100323000,1,245.36874469,4.0800
1623633360292000,0,26.68637538,4.0800
1623633721883000,0,500.00000000,4.1000
1623633721883000,0,243.64370804,4.1000
1623633784445000,1,500.00000000,4.0900
1623633784445000,1,244.73341371,4.0900
1623634175467000,0,650.00000000,4.1000
1623634356829000,1,59.83933683,4.1300
1623634357267000,1,18.42000000,4.1300
1623634577977000,0,241.81793804,4.1400
1623634577977000,0,199.70454196,4.1400
1623634582247000,0,0.00001170,4.1400
1623634583075000,1,99.99998830,4.1400
1623634825093000,1,3992.27196519,4.1400
1623634834714000,1,3993.03785142,4.1400
1623634835490000,1,3993.25180359,4.1400
1623634837896000,0,241.38468259,4.1400
1623634842299000,0,241.37732649,4.1400
1623634901379000,0,241.96102122,4.1400
1623634901379000,0,603.44594146,4.1400
1623634901575000,1,3993.32229155,4.1400
1623634901757000,1,5161.27074000,4.1400
1623634902092000,1,0.00000577,4.1400
1623634951297000,0,241.87169491,4.1400
1623634986878000,0,241.40589559,4.1400
1623634986878000,0,199.77075608,4.1400
1623634986878000,0,603.96457073,4.1400
1623634986878000,0,168.13480000,4.1400
1623634986971000,1,3996.10094199,4.1400
1623634986988000,1,199.77075608,4.1400
1623634987501000,1,3996.39510424,4.1400
1623634988054000,1,3996.22339050,4.1400
1623635017253000,1,3153.23378479,4.1400
1623635081230000,0,242.01384950,4.1300
1623635107059000,0,241.51928162,4.1400
1623635111445000,0,241.39704143,4.1400
1623635133899000,1,242.01384000,4.1300
1623635133899000,1,600.00000000,4.1300
1623635254226000,0,241.86543631,4.1300
1623635258125000,0,241.90567320,4.1300
1623635283382000,0,241.89673051,4.1300
1623635294843000,0,241.88717167,4.1300
1623635316300000,0,242.00507456,4.1300
1623635546139000,0,241.27350486,4.1500
1623635556814000,0,240.72063019,4.1500
1623635578269000,0,240.72211657,4.1500
1623635644588000,0,240.14305762,4.1600
1623635687207000,0,240.15418039,4.1600
1623635799743000,1,5.15000000,4.1600
1623635827214000,1,197.95572433,4.1700
1623635827214000,1,650.00000000,4.1700
1623635827214000,1,198.44491795,4.1600
1623635827214000,1,360.13406209,4.1600
1623635841422000,1,254.16214194,4.1700
1623635841432000,1,255.33752615,4.1700
1623635973777000,0,193.11900000,4.1400
1623635973780000,0,48.16248799,4.1400
1623635982393000,0,241.33368340,4.1400
1623635985490000,0,241.32473401,4.1400
1623636297996000,0,241.31725400,4.1400
1623636864869000,0,241.33815834,4.1400
1623636866962000,0,603.31929266,4.1400
1623636895587000,0,241.34114173,4.1400
1623637051694000,0,241.34389000,4.1400
1623637267785000,0,241.29777050,4.1400
1623637278182000,0,241.28726748,4.1400
1623638375929000,1,550.00000000,4.1100
1623638647385000,1,450.00000000,4.1100
1623638961797000,1,450.00000000,4.1100
1623639105555000,1,450.00000000,4.1100
1623639993026000,1,500.00000000,4.1100
1623640289925000,1,500.00000000,4.1000
1623640484480000,1,613.23385586,4.0800
1623640493488000,0,193.11900000,4.0800
1623640493601000,0,4047.64332649,4.0800
1623640494127000,0,4047.69010387,4.0800
1623640503287000,0,4046.35109631,4.0800
1623640503356000,0,193.11900000,4.0800
1623640508245000,1,10.00000000,4.0700
1623640526697000,1,613.07694042,4.0800
1623640526697000,1,376.23700000,4.0700
1623640526697000,1,202.39727097,4.0700
1623640526697000,1,170.58286000,4.0700
1623640526697000,1,819.00000000,4.0700
1623640526697000,1,3283.94880000,4.0700
1623640526697000,1,1594.21298156,4.0700
1623640526771000,0,193.11900000,4.0700
1623640526779000,0,4048.76156230,4.0700
1623640526817000,0,75.81851158,4.0700
1623640526835000,0,245.14843935,4.0700
1623640526836000,0,613.08817870,4.0700
1623640526836000,0,202.43807812,4.0700
1623640526845000,0,75.85644157,4.0700
1623640526909000,0,12878.71917310,4.0700
1623641075173000,1,139.36198471,4.0700
1623641075173000,1,613.78388683,4.0700
1623641075173000,1,245.52013818,4.0700
1623641230602000,1,246.18010599,4.0600
1623641253693000,1,0.49994123,4.0600
1623641263418000,1,246.58331663,4.0600
1623641291099000,0,49.07125307,4.0700
1623641346758000,1,400.00000000,4.0600
1623641376530000,1,600.00000000,4.0600
1623641593696000,1,100.00000000,4.0800
1623641593696000,1,208.19551752,4.0800
1623641593696000,1,208.19307701,4.0800
1623641788141000,1,195.55369994,4.0900
1623641971592000,1,611.95384783,4.0800
1623641971592000,1,190.48775513,4.0800
1623641987837000,1,245.36973231,4.0800
1623642371328000,1,613.09565824,4.0800
1623642371328000,1,195.77115754,4.0800
1623642655582000,1,549.70940243,4.1000
1623642655582000,1,191.72338364,4.1000
1623643539689000,1,202.89643452,4.0600
1623643539689000,1,306.00000000,4.0500
1623643539689000,1,507.24108629,4.0500
1623643539689000,1,203.42727136,4.0500
1623643741181000,0,18.04656862,4.0800
1623643789541000,1,37.85620231,4.0600
1623644295641000,0,250.22356502,4.0900
1623644295641000,0,383.00000000,4.0900
1623644295641000,0,112.18794074,4.0900
1623644295840000,0,250.22356502,4.1000
1623644296387000,0,4024.32365473,4.1000
1623644297965000,0,3527.78567993,4.1000
1623644329250000,0,369.60538129,4.1200
1623644330137000,0,1772.59718969,4.1300
1623644338394000,0,5.00000000,4.1500
1623644344379000,0,497.53549551,4.1600
1623644354528000,1,167.71247000,4.1400
1623644480993000,0,493.94525235,4.1700
1623644743838000,1,178.57970408,4.1600
1623644934971000,0,235.00000000,4.1600
1623645450228000,1,199.15047420,4.1400
1623645450228000,1,50.00000000,4.1400
1623645450228000,1,497.63823469,4.1300
1623645450228000,1,31.96960354,4.1300
1623645479848000,1,6.96500000,4.1400
1623646272434000,1,50.00000000,4.1300
1623646966878000,0,156.20289855,4.1400
1623648261750000,0,14.42307692,4.1600
1623649115549000,1,199.24844865,4.1400
1623649115549000,1,161.80014948,4.1400
1623649540023000,0,119.72422062,4.1700
1623649675577000,1,198.72458161,4.1500
1623649675577000,1,345.14618102,4.1500
1623649781344000,0,153.08824693,4.1700
1623649781344000,0,4.35300007,4.1700
1623650001966000,0,520.79192601,4.1900
1623651600304000,0,77.07482779,4.1900
1623651988737000,0,23.86602870,4.1800
1623652154753000,1,386.23700000,4.1500
1623652154753000,1,396.17417859,4.1500
1623652314537000,1,198.50440579,4.1600
1623652314638000,0,150.56827591,4.1600
1623652741808000,1,13.30247160,4.1500
1623653522805000,0,239.56115043,4.1700
1623653814707000,1,35.97122302,4.1800
1623653926284000,0,701.59750000,4.2000
1623654100939000,0,45.37708830,4.1900
1623654360362000,0,23.63839841,4.1900
1623654892473000,0,196.97928011,4.2000
1623655358621000,0,197.31951567,4.1900
1623655358621000,0,102.68048433,4.1900
1623655560356000,0,9.43823785,4.1900
1623655794681000,1,150.00000000,4.1800
1623655795257000,1,12.22303921,4.1800
1623655828847000,1,34.85985112,4.1800
1623655828847000,1,238.97081766,4.1800
1623655828847000,1,168.42782338,4.1800
1623655828847000,1,386.23700000,4.1800
1623655828998000,0,193.11900000,4.1800
1623655829003000,0,352.64916579,4.1800
1623656459433000,0,22.55847255,4.1900
1623656813667000,1,239.49127727,4.1800
1623656817742000,1,239.47088067,4.1800
1623657098378000,1,374.87629699,4.1600
1623657125861000,0,197.58709613,4.1800
1623657125861000,0,86.14268836,4.1800
1623657125861000,0,89.61381593,4.1800
1623657177161000,0,236.34679334,4.2100
1623657474768000,1,237.22136381,4.2200
1623657481592000,1,170.46412806,4.2200
1623657499824000,0,61.20212765,4.2200
1623657531702000,0,20.48815165,4.2200
1623657676922000,1,170.35165531,4.2100
1623657676922000,1,237.21308294,4.2100
1623658019387000,0,77.53956834,4.1700
1623658019770000,1,24.20000000,4.1600
1623658353530000,1,173.74873880,4.1600
1623658353530000,1,167.46063928,4.1600
1623658353530000,1,386.23700000,4.1600
1623658353530000,1,152.69281361,4.1600
1623658388889000,1,197.30718639,4.1600
1623658472757000,1,119.72422062,4.1500
1623658477391000,1,167.01938823,4.1600
1623658477391000,1,240.52083177,4.1600
1623658481379000,1,240.63977138,4.1600
1623658483377000,1,166.96287291,4.1600
1623658526931000,1,350.00000000,4.1400
1623658527398000,1,399.71800000,4.1300
1623658527398000,1,517.63006377,4.1300
1623658527398000,1,199.30721332,4.1300
1623658527398000,1,165.76638668,4.1300
1623658527398000,1,241.83828092,4.1300
1623658527398000,1,306.00000000,4.1200
1623658527398000,1,169.74005531,4.1200
1623658532731000,1,241.74727883,4.1400
1623658534780000,1,165.79484811,4.1400
1623658545101000,1,241.79032405,4.1400
1623658545101000,1,165.85324795,4.1400
1623658560327000,1,22.62843305,4.1300
1623658645063000,1,83.68613433,4.1500
1623658648773000,1,60.67841076,4.1500
1623658648789000,0,158.42953733,4.1500
1623659045517000,0,142.36702127,4.1600
1623660480326000,1,10.61546638,4.1300
1623660996330000,1,23.07925258,4.1500
1623661641049000,0,49.68674698,4.1500
1623661671653000,0,23.97590361,4.1500
1623661837759000,1,116.66555539,4.1400
1623662226362000,0,23.07925257,4.1600
1623662289704000,0,239.69887793,4.1700
1623663190070000,1,4.42518173,4.1400
1623663940238000,1,77.04545454,4.1100
1623664255264000,0,4.86585365,4.1000
1623664255554000,1,42.92438010,4.0900
1623664804740000,1,11.72100503,4.0800
1623665119608000,0,12.07524271,4.1200
1623665133348000,1,243.57986828,4.1100
1623665236781000,0,72.62773722,4.1100
1623665629446000,0,243.69070763,4.1000
1623665776196000,0,243.68316872,4.1000
1623666325592000,0,95.02189781,4.1100
1623667444574000,1,243.45564032,4.1100
1623667483395000,1,160.00000000,4.1000
1623667799552000,0,7.99029126,4.1200
1623667920344000,0,7.26484813,4.1200
1623670769260000,0,242.46876031,4.1200
1623670803786000,0,242.45827038,4.1200
1623671109236000,0,36.13891800,4.1300
1623671885720000,1,0.39013651,4.1300
1623672254095000,1,201.19342427,4.0900
1623672254095000,1,118.15355522,4.0900
1623672254095000,1,196.67189645,4.0900
1623672254184000,1,244.16252375,4.0900
1623672430665000,1,0.45057737,4.0900
1623672906931000,1,118.28024846,4.1000
1623672997185000,1,244.75904945,4.0900
1623673868697000,1,49.07125307,4.1100
1623674187217000,1,0.41093855,4.1200
1623675397375000,1,0.47412296,4.1300
1623675403714000,1,18.19787976,4.1200
1623675410106000,1,242.39376815,4.1300
1623675417467000,1,242.39034979,4.1300
1623675427969000,1,242.38898939,4.1300
1623675434571000,1,0.48780157,4.1300
1623675853593000,0,18.19787976,4.1600
1623675853593000,0,383.00000000,4.1600
1623675934531000,1,63.62439000,4.1900
1623675942833000,1,63.62439709,4.1800
1623675942833000,1,152.67365978,4.1800
1623675943068000,1,85.56339616,4.1800
1623675943069000,1,0.00000001,4.1800
1623676047991000,1,50.34814000,4.1900
1623676110901000,0,200.00000000,4.2000
1623676110901000,0,197.01149409,4.2000
1623676110901000,0,78.03850591,4.2000
1623676247889000,0,140.16666666,4.2000
1623676302792000,0,500.00000000,4.1900
1623676443441000,1,20.00000000,4.2000
1623676463340000,0,213.63499055,4.2100
1623676528726000,0,237.86601000,4.2000
1623676555447000,1,155.28022999,4.1800
1623676555454000,1,0.00000001,4.1800
1623676555454000,1,155.28022998,4.1800
1623676555458000,1,41.68989540,4.1800
1623676555851000,1,95.02189781,4.1700
1623676571030000,1,155.28023000,4.1800
1623676586822000,1,155.28023000,4.1700
1623676603670000,1,155.28023000,4.1700
1623676607994000,1,155.28023000,4.1700
1623676612382000,1,155.28023000,4.1700
1623676976872000,0,238.40833008,4.1900
1623677089000000,0,196.54406482,4.2100
1623677089000000,0,237.77123543,4.2100
1623677089000000,0,65.68469975,4.2100
1623677139877000,1,100.00000000,4.2000
1623677197528000,0,100.00000000,4.2000
1623677394799000,0,10.00000000,4.2000
1623677455101000,0,110.10952380,4.2000
1623677729397000,1,110.10952380,4.2200
1623677865397000,0,58.82592441,4.2500
1623678259652000,0,336.17407559,4.2500
1623678259652000,0,1000.00000000,4.2500
1623678259652000,0,5.06300000,4.2600
1623678259652000,0,306.00000000,4.2600
1623678259652000,0,526.73792391,4.2600
1623678259652000,0,105.10060576,4.2600
1623678259652000,0,386.23700000,4.2600
1623678259652000,0,194.35260658,4.2600
1623678259652000,0,862.22070000,4.2600
1623678259652000,0,234.59402930,4.2600
1623678259652000,0,546.00000000,4.2600
1623678259652000,0,586.62241213,4.2600
1623678259652000,0,5463.98164544,4.2700
1623678259652000,0,485.76273438,4.2700
1623678259652000,0,250.00000000,4.2700
1623678259652000,0,302.00000000,4.2700
1623678259652000,0,119.76749742,4.2700
1623678479372000,0,235.58662665,4.2500
1623678479372000,0,164.41337335,4.2500
1623678498068000,1,118.47980997,4.2400
1623678524220000,1,631.52019003,4.2400
1623678524220000,1,235.95029547,4.2400
1623679049310000,1,20.00000000,4.2300
1623679049310000,1,236.52522314,4.2300
1623679049310000,1,129.15041231,4.2200
1623679331674000,1,30.00000000,4.2100
1623679558724000,1,237.20131776,4.2200
1623679563154000,1,237.20698247,4.2200
1623679592546000,0,26.95981087,4.2300
1623680143791000,0,236.20430474,4.2300
1623680143791000,0,195.34794278,4.2300
1623680143791000,0,590.68674998,4.2300
1623680143791000,0,295.00000000,4.2400
1623680143791000,0,147.59883032,4.2400
1623680277565000,0,194.75897065,4.2500
1623680378292000,1,9.33000000,4.2400
1623680492693000,1,2941.49408983,4.2300
1623680585193000,0,236.17093571,4.2300
1623680592188000,0,236.18916110,4.2300
1623681296346000,0,194.78431963,4.2400
1623681296346000,0,305.21568037,4.2400
1623681864984000,0,64.58183576,4.2400
1623681865054000,0,193.11900000,4.2400
1623681865059000,0,569.59437701,4.2400
1623681973302000,0,10.00000000,4.2500
1623681973302000,0,65.00000000,4.2500
1623682019167000,0,23.35680751,4.2600
1623682320326000,0,9.32620523,4.2400
1623682560972000,0,367.68676123,4.2500
1623682703696000,1,109.01034759,4.2200
1623682735514000,0,988.10655737,4.2300
1623682735514000,0,236.18872499,4.2300
1623682996419000,1,1035.43058823,4.2400
1623683045507000,1,23.75945923,4.2300
1623683106246000,0,5.38061465,4.2300
1623683113511000,1,8.84204114,4.2200
1623683144551000,1,592.55573473,4.2200
1623683144551000,1,236.64930172,4.2200
1623683225784000,0,130.88068796,4.2200
1623683378793000,1,237.17409352,4.2200
1623683488846000,1,237.19396865,4.2200
1623683558663000,1,54.19525466,4.2100
1623683773721000,0,807.81571393,4.2200
1623683831598000,0,403.90785697,4.2300
1623683937606000,1,25.24424106,4.2300
1623684533801000,1,237.21084250,4.2200
1623684539573000,1,237.18454945,4.2200
1623685493923000,1,237.62395597,4.2100
1623685493923000,1,195.83083447,4.2100
1623685493923000,1,594.25876575,4.2100
1623685493923000,1,195.92870307,4.2000
1623685493923000,1,164.94845000,4.2000
1623685493923000,1,76.24711856,4.2000
1623685494835000,1,180.24861409,4.2100
1623685525806000,1,15.58222038,4.2100
1623685531833000,1,56.75489818,4.2100
1623685891924000,0,9.35866983,4.2300
1623686359127000,1,30.00000000,4.2300
1623686735681000,1,72.34976000,4.2600
1623686737179000,1,0.00000525,4.2600
1623686910371000,1,585.79171159,4.2700
1623686919646000,1,234.60875000,4.2600
1623687104199000,0,303.75158000,4.2600
1623687104596000,0,235.03087424,4.2600
1623687137922000,1,234.92658028,4.2600
1623687137922000,1,587.11670972,4.2600
1623687279757000,0,11.06791569,4.2700
1623687600346000,1,8.90713596,4.2500
1623687667788000,0,233.98712664,4.2700
1623687777370000,1,0.47104277,4.2600
1623687903810000,1,294.88888888,4.2500
1623687941400000,1,292.36729624,4.2500
1623687946719000,1,50.00000000,4.2400
1623688187982000,1,76.11256544,4.2300
1623688320297000,1,9.20700890,4.2400
1623688437450000,1,236.07057453,4.2400
1623688444949000,1,157.08506592,4.2300
1623688838024000,0,23.63420427,4.2100
1623689040387000,0,23.62341132,4.1900
1623689237654000,1,130.26109660,4.1700
1623689853417000,0,237.89124000,4.2000
1623690219903000,0,72.34976525,4.2100
1623690299963000,1,123.97568710,4.2000
1623690651802000,1,77.53956834,4.2000
1623690801943000,0,59.37380952,4.2000
1623690895972000,1,400.00000000,4.2000
1623690905788000,1,200.00000000,4.2000
1623690977509000,1,88.52471482,4.1900
1623691550718000,1,1250.00000000,4.2000
1623691998399000,1,0.50159156,4.1900
1623692009389000,0,17.14285714,4.2000
1623692261664000,0,50.00000000,4.2000
1623692367863000,1,0.39735468,4.2300
1623692550969000,0,13.97363327,4.2300
1623692550969000,0,16.69066933,4.2300
1623692718971000,1,237.08863266,4.2200
1623692723966000,1,592.91628631,4.2200
1623692730933000,1,195.63919108,4.2100
1623692730933000,1,518.02775451,4.2100
1623692730933000,1,399.71800000,4.2100
1623692730933000,1,592.91628631,4.2100
1623692731002000,0,237.19294154,4.2100
1623692731064000,0,195.61846432,4.2100
1623692731200000,0,90.99800000,4.2100
1623692732052000,1,381.00000000,4.1900
1623692732052000,1,237.19294154,4.1900
1623692732052000,1,331.80705846,4.1900
1623692745274000,1,237.88910224,4.2000
1623692753392000,0,237.90199417,4.2000
1623692754380000,0,594.76931093,4.2000
1623692787609000,0,237.95643212,4.2000
1623692787609000,0,594.89107788,4.2000
1623692913799000,0,196.25346594,4.2100
1623692913799000,0,237.75160406,4.2100
1623693420486000,0,237.84727127,4.2000
1623693420486000,0,594.77582873,4.2000
1623693617773000,1,237.77760038,4.2100
1623693840968000,0,59.00000000,4.2100
1623694104166000,1,350.00000000,4.2000
1623694122110000,1,238.32932404,4.2000
1623694204371000,1,0.37932935,4.2000
1623694505482000,0,196.56670374,4.2000
1623694522577000,0,42.26399146,4.2000
1623694546284000,1,238.35380745,4.1900
1623694575332000,1,238.83423983,4.1900
1623694575332000,1,597.08559956,4.1900
1623694598649000,0,45.93370000,4.1900
1623694598746000,0,0.00006494,4.1900
1623694610631000,1,196.68066739,4.1900
1623694610631000,1,45.93376000,4.1900
1623694610631000,1,231.90780241,4.1900
1623694625502000,1,0.43064862,4.2000
1623694788292000,0,100.00000000,4.2100
1623694803015000,0,16.11796912,4.2100
1623694803164000,0,221.25830902,4.2100
1623694803164000,0,109.70583098,4.2100
1623694834023000,0,236.69259797,4.2300
1623694849322000,1,24.19541787,4.2200
1623694998017000,0,234.00022762,4.2700
1623695039014000,0,463.35597189,4.2700
1623695259546000,1,296.23706004,4.2300
1623695287867000,1,29.79490437,4.2300
1623695744346000,1,22.00000000,4.2400
1623696302277000,0,235.07746459,4.2500
1623696392525000,1,0.46564942,4.2600
1623696392525000,1,99.53435058,4.2600
1623696410769000,1,234.41658000,4.2700
1623696412860000,1,0.00000820,4.2700
1623696413731000,0,99.99999000,4.2700
1623696440870000,0,234.10459491,4.2700
1623696446184000,0,233.98244054,4.2700
1623696510289000,1,0.44682063,4.2600
1623696510289000,1,587.04895937,4.2600
1623696626421000,0,0.04661732,4.2600
1623696769356000,1,157.08506592,4.2600
1623696910186000,1,36.36040428,4.2600
1623696910186000,1,281.89686641,4.2600
1623697053075000,1,234.97733551,4.2600
1623697053075000,1,500.00000000,4.2600
1623697053183000,0,660.97684775,4.2600
1623697624181000,1,150.00000000,4.2400
1623697761461000,0,71.91237000,4.2000
1623697761614000,1,90.07630522,4.1900
1623697776201000,0,210.00000000,4.2000
1623697884507000,1,0.47205224,4.1900
1623697884507000,1,386.23700000,4.1800
1623697884507000,1,58.77304579,4.1800
1623697945984000,0,239.62009430,4.1700
1623698000255000,1,23.50000000,4.1700
1623698052436000,0,239.04088217,4.1800
1623698064745000,0,239.01592902,4.1800
1623698190040000,0,239.02033214,4.1800
1623698204762000,0,239.03096582,4.1800
1623698214463000,0,239.02326764,4.1800
1623698249386000,0,239.03207458,4.1800
1623698257202000,0,238.99685072,4.1800
1623698321359000,1,192.83781773,4.1700
1623698367310000,0,239.58084982,4.1700
1623698441765000,0,238.47008090,4.1900
1623698461007000,0,238.43390367,4.1900
1623698481873000,0,88.96904761,4.2000
1623698554149000,0,238.43631147,4.1900
1623698747997000,0,596.17425129,4.1900
1623699022257000,0,239.15229030,4.1800
1623699022257000,0,597.88072576,4.1800
1623699051436000,0,0.01916371,4.1900
1623699062056000,1,56.79954239,4.1900
1623699213391000,1,0.49905918,4.1900
1623699213391000,1,196.76745306,4.1900
1623699213391000,1,4.74415442,4.1900
1623700100490000,0,237.91461854,4.2000
1623700311022000,1,455.53228346,4.1800
1623700378474000,1,31.94974259,4.1900
1623700536913000,1,239.45412465,4.1800
1623700540785000,1,0.43477176,4.1800
1623700624561000,1,239.39691583,4.1800
1623700624561000,1,598.51427417,4.1800
1623701546347000,0,237.32624124,4.2100
1623702152133000,1,236.54272505,4.2300
1623702184741000,1,41.19246708,4.2300
1623702517239000,0,236.30807419,4.2300
1623702622979000,0,236.21010533,4.2300
1623703383086000,0,235.12887338,4.2500
1623703567326000,0,400.00000000,4.2600
1623703699313000,0,234.02658528,4.2700
1623703705208000,0,233.96872480,4.2700
1623703717202000,0,83.36020000,4.2900
1623703717483000,0,0.00000151,4.2900
1623703723633000,1,233.27598000,4.2900
1623703859196000,0,233.94890709,4.2700
1623703931856000,0,233.99006000,4.2700
1623703936883000,0,487.64555877,4.2800
1623704179838000,0,10.30607476,4.2800
1623704453992000,0,233.38457860,4.2900
1623704568362000,0,31.80722891,4.3000
1623704585330000,0,250.00000000,4.3100
1623704879968000,1,232.21209623,4.3100
1623704879968000,1,580.53024057,4.3100
1623704997317000,1,232.24182000,4.3100
1623705034577000,1,232.76769000,4.3000
1623705113080000,0,6.52668213,4.3100
1623705169101000,1,156.68023000,4.3100
1623705622148000,1,192.19831730,4.2800
1623705622281000,0,192.19831730,4.2800
1623705622412000,0,882.24557312,4.2800
1623706004550000,1,51.13472460,4.2600
1623706445137000,1,27.99531279,4.2500
1623706445139000,1,136.81645191,4.2500
1623707764430000,0,174.68779342,4.2600
1623707862116000,1,14.18859001,4.2500
1623708952390000,0,236.15268666,4.2300
1623709277083000,0,195.22192214,4.2300
1623709277083000,0,236.34282106,4.2300
1623709277083000,0,591.20045518,4.2300
1623709277083000,0,20.96556846,4.2300
1623709277083000,0,539.03103808,4.2300
1623709277083000,0,1143.70628018,4.2300
1623709481377000,0,2000.00000000,4.2200
1623709503371000,1,25.00000000,4.2200
1623711563283000,1,182.39023000,4.2400
1623711580177000,1,182.39023000,4.2400
1623711588511000,1,182.39023000,4.2400
1623711749241000,1,691.65094339,4.2400
1623711856557000,0,236.19597890,4.2300
1623712723689000,0,52.11126081,4.2600
1623712723689000,0,586.48954474,4.2600
1623712756613000,0,234.44792698,4.2700
1623712756613000,0,586.11981746,4.2700
1623713005897000,0,233.92686787,4.2800
1623713108824000,0,233.42679025,4.2800
1623713749214000,0,232.96621473,4.2900
1623714377947000,1,17.14285714,4.3000
1623714542789000,0,231.79340756,4.3100
