timestamp ms,type,amount,price
1623716071290000,1,232.79801058,4.3000
1623716187819000,0,9.76190476,4.3200
1623716344231000,1,1249.90509259,4.3200
1623716700482000,0,4.76428571,4.3300
1623716700482000,0,100.97696424,4.3300
1623716710634000,0,230.82475943,4.3300
1623716724119000,0,230.74702007,4.3300
1623716736388000,0,230.73193122,4.3300
1623716742802000,0,230.70451776,4.3300
1623716786472000,0,10.00000000,4.3400
1623716786472000,0,511.29649595,4.3400
1623717386228000,1,231.18999720,4.3300
1623717741937000,0,231.23801002,4.3200
1623719437127000,1,10.00000000,4.2600
1623719448644000,1,450.00000000,4.2600
1623719471840000,1,650.00000000,4.2600
1623719471840000,1,234.99036438,4.2600
1623719471840000,1,587.25982689,4.2600
1623719486307000,1,234.86994151,4.2600
1623719486307000,1,587.17485377,4.2600
1623719733988000,0,233.96507800,4.2700
1623719892112000,0,234.52376000,4.2600
1623721708514000,1,235.98612787,4.2400
1623721708514000,1,589.96531968,4.2400
1623722062606000,0,194.34096297,4.2500
1623722256709000,1,400.00000000,4.2400
1623722585671000,1,170.49822704,4.2400
1623722593051000,1,179.50177296,4.2400
1623722911258000,1,20.99366435,4.2400
1623722915284000,1,239.99811318,4.2400
1623722921266000,1,94.81391034,4.2400
1623722934439000,1,94.19431213,4.2400
1623722934439000,1,500.00000000,4.2400
1623723292272000,1,235.46762317,4.2500
1623723964973000,0,5.82710280,4.2800
1623724093736000,1,3865.77354914,4.2700
1623724113464000,0,193.26693577,4.2800
1623724113464000,0,1518.56434801,4.2800
1623724113464000,0,162.65830000,4.2800
1623724113464000,0,386.23700000,4.2800
1623724113464000,0,304.00000000,4.2800
1623724113464000,0,381.00000000,4.2800
1623724113464000,0,1535.10390000,4.2800
1623724113464000,0,234.03281196,4.2800
1623724113464000,0,585.08905461,4.2800
1623724113547000,1,300.00000000,4.2800
1623724113567000,1,193.11900000,4.2800
1623724113571000,1,3865.02631192,4.2800
1623724113652000,1,341.90233773,4.2800
1623724120928000,0,386.23700000,4.2800
1623724120928000,0,1027.78110539,4.2800
1623724120928000,0,193.25081467,4.2800
1623724120928000,0,381.00000000,4.2800
1623724120928000,0,303.00000000,4.2800
1623724120928000,0,584.86594624,4.2800
1623724120928000,0,1519.93947995,4.2800
1623724120928000,0,233.94367824,4.2800
1623724121046000,1,193.25081467,4.2800
1623724121173000,1,3863.40274793,4.2800
1623724121706000,1,1086.08454640,4.2800
1623724122139000,1,154.49339318,4.2800
1623724125095000,1,72.75047333,4.2800
1623724125095000,1,400.00000000,4.2800
1623724132735000,0,233.68976185,4.2800
1623724132735000,0,584.22440463,4.2800
1623724132735000,0,1518.43834235,4.2800
1623724132735000,0,323.00000000,4.2900
1623724132735000,0,1324.00000000,4.2900
1623724132735000,0,10.15775650,4.2900
1623724132735000,0,162.65830000,4.2900
1623724132735000,0,386.23700000,4.2900
1623724132735000,0,381.00000000,4.2900
1623724132735000,0,665.18073362,4.2900
1623724132735000,0,57.91009102,4.2900
1623724132811000,1,300.00000000,4.2900
1623724132831000,1,139.86013986,4.2900
1623724132833000,1,3913.64347017,4.2900
1623724155836000,0,57.90933431,4.2900
1623724155836000,0,386.23700000,4.2900
1623724155836000,0,1516.94573055,4.2900
1623724155836000,0,401.76916310,4.2900
1623724155836000,0,583.64681027,4.2900
1623724155955000,1,57.90933431,4.2900
1623724155987000,1,1980.13671216,4.2900
1623724156202000,1,193.11900000,4.2900
1623724158157000,1,57.79684479,4.2900
1623724198308000,0,144.77657748,4.3000
1623724198308000,0,19.77710583,4.3000
1623724198308000,0,93.57757608,4.3000
1623724198308000,0,349.91142398,4.3000
1623724198308000,0,242.66857452,4.3000
1623724198308000,0,1514.68752156,4.3000
1623724198308000,0,232.90528307,4.3000
1623724198308000,0,582.29895407,4.3000
1623724198389000,1,561.00895887,4.3000
1623724198413000,1,144.54568088,4.3000
1623724198414000,1,196.75660931,4.3000
1623724198499000,1,9247.00000000,4.3000
1623724199321000,1,193.11900000,4.3000
1623724199567000,1,38.46645114,4.3000
1623724200008000,1,146.57181901,4.3000
1623724200660000,1,38.46576801,4.3000
1623724201755000,1,38.45918102,4.3000
1623724202909000,1,38.45074479,4.3000
1623724203649000,1,193.11900000,4.3000
1623724204031000,1,38.44733861,4.3000
1623724205226000,1,38.44623072,4.3000
1623724205641000,1,88.52937868,4.3000
1623724206382000,1,38.44780564,4.3000
1623724207487000,1,38.44605858,4.3000
1623724208587000,1,19.22292700,4.3000
1623724209753000,1,19.22671082,4.3000
1623724210961000,1,19.22630279,4.3000
1623724211465000,1,53.47174472,4.3000
1623724212116000,1,19.22392318,4.3000
1623724213274000,1,19.22463667,4.3000
1623724214388000,1,19.22535210,4.3000
1623724215517000,1,19.22499699,4.3000
1623724216687000,1,19.22517328,4.3000
1623724217093000,1,32.29693381,4.3000
1623724217768000,1,19.22910617,4.3000
1623724218638000,1,156.06306011,4.3000
1623724218870000,1,19.23056758,4.3000
1623724220076000,1,19.22880942,4.3000
1623724221165000,1,19.22772891,4.3000
1623724222314000,1,19.22574739,4.3000
1623724223439000,1,19.22733679,4.3000
1623724223578000,1,37.05593989,4.3000
1623724223704000,1,19.50734802,4.3000
1623724224583000,1,19.22462447,4.3000
1623724225758000,1,19.22471317,4.3000
1623724226862000,1,19.21401983,4.3000
1623724227979000,1,19.21379984,4.3000
1623724229085000,1,19.21379984,4.3000
1623724230205000,1,19.21379984,4.3000
1623724231018000,0,38.52120939,4.3100
1623724231018000,0,381.00000000,4.3100
1623724231018000,0,93.39558936,4.3100
1623724231018000,0,162.65830000,4.3100
1623724231018000,0,93.39558936,4.3100
1623724231018000,0,26.36947444,4.3100
1623724231018000,0,59.50356011,4.3100
1623724231018000,0,232.67982028,4.3100
1623724231018000,0,581.22893634,4.3100
1623724231018000,0,1510.67038168,4.3100
1623724231018000,0,11.78243821,4.3100
1623724231093000,1,232.73057842,4.3100
1623724231098000,1,139.21113689,4.3100
1623724231156000,1,162.65830000,4.3100
1623724231265000,1,85.04029690,4.3100
1623724231284000,1,19.21379984,4.3100
1623724231286000,1,48.02758959,4.3100
1623724231364000,1,29.93486233,4.3100
1623724231478000,1,93.32299272,4.3100
1623724231595000,1,139.14919625,4.3100
1623724231843000,1,284.42762832,4.3100
1623724232063000,1,102.45598266,4.3100
1623724232248000,1,232.49662423,4.3100
1623724232471000,1,48.02089672,4.3100
1623724232472000,1,19.21379984,4.3100
1623724232475000,1,478.78177253,4.3100
1623724232661000,1,550.00878319,4.3100
1623724232852000,1,5.96041689,4.3100
1623724233077000,1,226.45214326,4.3100
1623724233241000,1,251.72226531,4.3100
1623724233475000,1,232.22103349,4.3100
1623724233573000,1,19.19939789,4.3100
1623724233650000,1,28.37112632,4.3100
1623724234684000,1,19.19759271,4.3100
1623724235411000,1,7.11659268,4.3100
1623724235761000,1,19.19599311,4.3100
1623724236836000,1,19.18815368,4.3100
1623724238044000,1,19.18753401,4.3100
1623724238148000,1,164.74787368,4.3100
1623724239143000,1,19.18599696,4.3100
1623724240288000,1,19.18628557,4.3100
1623724240913000,1,245.31890000,4.3100
1623724241492000,1,19.18345031,4.3100
1623724242591000,1,19.18924992,4.3100
1623724243745000,1,19.18544068,4.3100
1623724244932000,1,19.18479482,4.3100
1623724246122000,1,19.17946652,4.3100
1623724247271000,1,19.17946652,4.3100
1623724248439000,1,19.17946652,4.3100
1623724249538000,1,19.17946652,4.3100
1623724250624000,1,19.17946652,4.3100
1623724251763000,1,19.17946652,4.3100
1623724252962000,1,19.17946652,4.3100
1623724254057000,1,19.17946652,4.3100
1623724255145000,1,19.17946652,4.3100
1623724256234000,1,19.17946652,4.3100
1623724257356000,1,19.18410537,4.3100
1623724257997000,1,114.00367386,4.3100
1623724258116000,1,24.48790000,4.3100
1623724258519000,1,19.18208032,4.3100
1623724259594000,1,19.18443913,4.3100
1623724260685000,1,19.20448358,4.3100
1623724261767000,1,19.19749128,4.3100
1623724262896000,1,19.20533689,4.3100
1623724264068000,1,19.20150776,4.3100
1623724265235000,1,19.20192199,4.3100
1623724266326000,1,19.20159511,4.3100
1623724267430000,1,19.20153123,4.3100
1623724273061000,1,42.81627376,4.3100
1623724277050000,1,92.70366362,4.3100
1623724277333000,1,7.72590244,4.3100
1623724277563000,1,208.31242613,4.3100
1623724277804000,1,447.74177689,4.3100
1623724277987000,1,199.90000000,4.3100
1623724369401000,0,144.83925000,4.3200
1623724369401000,0,43.11959955,4.3200
1623724369401000,0,882.00000000,4.3200
1623724369401000,0,162.65830000,4.3200
1623724369401000,0,199.38521574,4.3200
1623724369401000,0,498.30585715,4.3200
1623724369401000,0,1295.53761721,4.3200
1623724369523000,1,198.99552179,4.3200
1623724369622000,1,6575.15863856,4.3200
1623724404660000,0,973.47551581,4.3200
1623724404660000,0,149.81637516,4.3200
1623724404660000,0,374.54022833,4.3200
1623724409087000,0,116.21316788,4.3300
1623724409087000,0,755.03905320,4.3300
1623724409087000,0,290.53289892,4.3300
1623724414000000,0,89.81504476,4.3300
1623724414000000,0,224.53091524,4.3300
1623724416732000,0,582.93932174,4.3400
1623724416732000,0,206.50234826,4.3400
1623724417010000,0,82.61414000,4.3400
1623724418315000,0,300.00000180,4.3500
1623724462694000,0,50.48848212,4.3600
1623724462694000,0,161.80625000,4.3600
1623724462694000,0,21.37568885,4.3600
1623724462694000,0,61.21692879,4.3600
1623724462694000,0,153.04232198,4.3600
1623724462694000,0,397.52468550,4.3600
1623724462775000,1,152.61490494,4.3600
1623724462943000,1,60.88871922,4.3600
1623724471208000,0,103.49202555,4.3600
1623724471208000,0,13.08932867,4.3600
1623724471597000,0,165.41029949,4.3600
1623724476978000,0,87.40423645,4.3600
1623724476978000,0,34.96974754,4.3600
1623724476978000,0,227.12998083,4.3600
1623724486058000,1,5838.00000000,4.3600
1623724486162000,1,3812.49603000,4.3600
1623724494658000,1,0.00000518,4.3600
1623724496058000,0,28.53949260,4.3500
1623724496058000,0,185.50670190,4.3500
1623724496058000,0,71.34872550,4.3500
1623724497996000,0,22.02674500,4.3500
1623724497996000,0,44.32706613,4.3500
1623724499815000,0,10.73979000,4.3500
1623724502728000,0,0.00000638,4.3500
1623724502728000,0,131.79132362,4.3500
1623724502757000,0,0.00001267,4.3500
1623724525763000,0,43.35835586,4.3500
1623724525763000,0,112.73172524,4.3500
1623724525763000,0,17.33247338,4.3500
1623724525763000,0,17.81307404,4.3600
1623724525763000,0,307.00000000,4.3600
1623724525763000,0,3713.19694900,4.3600
1623724525826000,1,17.31628975,4.3600
1623724525829000,1,300.00000000,4.3600
1623724526018000,1,75.00000000,4.3600
1623724526027000,1,28.49930628,4.3600
1623724526178000,1,43.28492274,4.3600
1623724526388000,1,17.33433620,4.3600
1623724526590000,1,3350.00000000,4.3600
1623724526608000,1,17.33433620,4.3600
1623724526728000,1,200.00000000,4.3600
1623724526805000,1,60.60088952,4.3600
1623724526848000,1,17.03528568,4.3600
1623724527030000,1,288.14207300,4.3600
1623724527034000,1,74.99999432,4.3600
1623724527252000,1,280.33715897,4.3600
1623724527434000,1,85.58090969,4.3600
1623724527655000,1,129.85538501,4.3600
1623724527845000,1,29.36988197,4.3600
1623724528083000,1,78.36179224,4.3600
1623724528519000,1,110.17073782,4.3600
1623724528769000,1,289.98854631,4.3600
1623724528957000,1,74.40718832,4.3600
1623724529060000,1,170.19574861,4.3600
1623724529133000,1,9.95274718,4.3600
1623724529321000,1,9.92056183,4.3600
1623724529470000,1,30.86385227,4.3600
1623724553473000,0,1324.00000000,4.3700
1623724553473000,0,505.93732437,4.3700
1623724553473000,0,159.72805000,4.3700
1623724553473000,0,92.03528568,4.3700
1623724553473000,0,92.03528568,4.3700
1623724553473000,0,6.00710447,4.3700
1623724553473000,0,39.04617905,4.3700
1623724553473000,0,15.01776117,4.3700
1623724553668000,1,368.61461588,4.3700
1623724553707000,1,5838.00000000,4.3700
1623724554013000,1,550.00878319,4.3700
1623724554083000,1,336.68606400,4.3700
1623724554221000,1,124.13106864,4.3700
1623724554257000,1,381.00000000,4.3700
1623724554318000,1,167.75247787,4.3700
1623724554381000,1,0.01547857,4.3600
1623724554381000,1,167.03186925,4.3400
1623724554392000,1,91.90143144,4.3400
1623724565647000,0,7.45149000,4.3500
1623724569299000,0,19.32945671,4.3600
1623724569299000,0,7.43440643,4.3600
1623724569299000,0,91.90143144,4.3600
1623724569299000,0,536.01037983,4.3700
1623724569299000,0,261.19748251,4.3700
1623724569299000,0,159.72805000,4.3700
1623724569299000,0,86.28165762,4.3700
1623724569395000,1,9.81667325,4.3700
1623724569544000,1,283.27036385,4.3700
1623724569548000,1,213.26197784,4.3700
1623724569784000,1,71.44712769,4.3700
1623724569903000,1,504.06929782,4.3700
1623724570007000,1,69.00118825,4.3700
1623724570204000,1,28.49858949,4.3700
1623724570412000,1,47.45906977,4.3700
1623724570618000,1,231.90776497,4.3700
1623724570852000,1,95.03018725,4.3700
1623724571037000,1,281.89601287,4.3700
1623724571295000,1,280.20164367,4.3700
1623724571584000,1,68.96550000,4.3700
1623724571932000,1,2901.02417000,4.3700
1623724572306000,1,9.49256268,4.3700
1623724572586000,1,9.48606243,4.3700
1623724572795000,1,28.46879575,4.3700
1623724573093000,1,333.10015522,4.3700
1623724573283000,1,95.08083630,4.3700
1623724573491000,1,280.80558000,4.3700
1623724574459000,1,28.46407142,4.3700
1623724575504000,1,91.90143144,4.3700
1623724576836000,1,91.90143144,4.3700
1623724577858000,1,279.45107902,4.3700
1623724578056000,1,28.56747466,4.3700
1623724581662000,1,280.93213276,4.3700
1623724582118000,1,91.90143144,4.3700
1623724582758000,1,72.30479870,4.3700
1623724583099000,1,69.12021169,4.3700
1623724589371000,1,279.37215877,4.3700
1623724593965000,1,19.59663274,4.3700
1623724594102000,1,72.30479870,4.3700
1623724597479000,1,82.36748355,4.3700
1623724597653000,1,9.53394789,4.3700
1623724598651000,1,91.57897032,4.3700
1623724598734000,1,170.35575972,4.3700
1623724598890000,1,22.07095177,4.3700
1623724600104000,0,11.03286385,4.3800
1623724600104000,0,159.72805000,4.3800
1623724600104000,0,91.90143144,4.3800
1623724600104000,0,27.78103680,4.3800
1623724600104000,0,623.00000000,4.3800
1623724600217000,1,109.72988000,4.3800
1623724600263000,1,286.09196616,4.3800
1623724600519000,1,282.48209360,4.3800
1623724600737000,1,189.78597488,4.3800
1623724600928000,1,24.21533789,4.3800
1623724601164000,1,561.00895887,4.3800
1623724601186000,1,380.64839300,4.3800
1623724601204000,1,70.95652200,4.3800
1623724601231000,1,562.48391000,4.3800
1623724601305000,1,50.35915700,4.3800
1623724601307000,1,50.91872600,4.3800
1623724601385000,1,561.00895887,4.3800
1623724601407000,1,198.70699400,4.3800
1623724601407000,1,435.26843100,4.3800
1623724601431000,1,224.66540600,4.3800
1623724601432000,1,91.09266277,4.3800
1623724601507000,1,40.33961700,4.3800
1623724601523000,1,79.99376300,4.3800
1623724601545000,1,69.81531100,4.3800
1623724601622000,1,224.60869600,4.3800
1623724601623000,1,24.26654000,4.3800
1623724601682000,1,179.92059400,4.3800
1623724601730000,1,388.46504000,4.3800
1623724601732000,1,442.93947500,4.3800
1623724601794000,1,119.54443400,4.3800
1623724601820000,1,91.09266277,4.3800
1623724602479000,1,263.34782600,4.3800
1623724603399000,1,282.44831276,4.3800
1623724603827000,1,51.51028117,4.3800
1623724604012000,1,43.17052100,4.3800
1623724604013000,1,43.21044800,4.3800
1623724604085000,1,17.99773738,4.3800
1623724604264000,1,22.07095177,4.3800
1623724604278000,1,70.32949600,4.3800
1623724604324000,1,300.84942408,4.3800
1623724604419000,1,260.38839725,4.3800
1623724604968000,1,91.57897032,4.3800
1623724605212000,1,194.18662513,4.3800
1623724605686000,1,98.75020000,4.3800
1623724606389000,1,282.44831276,4.3800
1623724608325000,1,282.58953881,4.3800
1623724610334000,1,282.58960958,4.3800
1623724612489000,1,282.43317123,4.3800
1623724614372000,1,282.57438810,4.3800
1623724616385000,1,221.32375231,4.3800
1623724617310000,1,61.36136986,4.3800
1623724618105000,1,91.09266277,4.3800
1623724618374000,1,132.12143906,4.3800
1623724621350000,1,150.40847715,4.3800
1623724622403000,1,135.12925869,4.3800
1623724625222000,1,12.55733384,4.3800
1623724625508000,1,147.44668493,4.3800
1623724625726000,1,132.34576789,4.3800
1623724629017000,1,91.57897032,4.3800
1623724629412000,1,190.89999086,4.3800
1623724629628000,1,90.78868838,4.3800
1623724634852000,1,282.43317123,4.3800
1623724635138000,1,282.43317123,4.3800
1623724635276000,1,282.57472300,4.3800
1623724635402000,1,415.19927900,4.3800
1623724635403000,1,47.25261200,4.3800
1623724637323000,1,282.43317123,4.3800
1623724639663000,0,11.44859813,4.3900
1623724639663000,0,10.00000000,4.3900
1623724639663000,0,3713.12818652,4.3900
1623724639663000,0,91.57897032,4.3900
1623724639663000,0,158.84410000,4.3900
1623724639663000,0,686.00000000,4.3900
1623724639663000,0,91.57897032,4.3900
1623724639744000,1,272.16069927,4.3900
1623724639943000,1,280.32230004,4.3900
1623724640154000,1,91.41162624,4.3900
1623724640155000,1,69.10571680,4.3900
1623724640372000,1,216.34774589,4.3900
1623724640512000,1,91.41162624,4.3900
1623724640678000,1,99.03161047,4.3900
1623724640883000,1,261.10355353,4.3900
1623724642337000,1,281.78981548,4.3900
1623724643111000,1,563.20670900,4.3900
1623724644576000,1,279.74576270,4.3900
1623724644830000,1,75.00024145,4.3900
1623724644970000,1,279.74487244,4.3900
1623724645120000,1,65.18362500,4.3900
1623724645121000,1,1294.53023800,4.3900
1623724645828000,1,282.65536722,4.3900
1623724646598000,1,64.83000000,4.3900
1623724660453000,1,26.58162624,4.3900
1623724660577000,1,64.83000000,4.3900
1623724663732000,1,91.41162624,4.3900
1623724663912000,1,91.41162624,4.3900
1623724671396000,1,91.18945008,4.3900
1623724675000000,1,85.12096055,4.3900
1623724676937000,1,6.06848953,4.3900
1623724677109000,1,85.12096055,4.3900
1623724681864000,1,91.18945008,4.3900
1623724682888000,1,52.52080277,4.3900
1623724683159000,1,32.59612240,4.3900
1623724689023000,0,840.00000000,4.3900
1623724689023000,0,91.18945000,4.3900
1623724689446000,0,0.00000008,4.3900
1623724689446000,0,91.18944992,4.3900
1623724689733000,0,0.00000016,4.3900
1623724689733000,0,91.18943984,4.3900
1623724690390000,1,91.18945000,4.3900
1623724690390000,1,1800.00000000,4.3900
1623724698298000,0,500.00000000,4.4000
1623724698298000,0,236.48850652,4.4000
1623724698298000,0,300.00000000,4.4000
1623724698298000,0,368.03873239,4.4000
1623724698298000,0,498.27207637,4.4000
1623724698298000,0,3712.36193205,4.4000
1623724698366000,1,8.33926589,4.4000
1623724698535000,1,281.15355454,4.4000
1623724698871000,1,284.97310645,4.4000
1623724699048000,1,281.38006660,4.4000
1623724699412000,1,91.21023336,4.4000
1623724704136000,1,285.46530916,4.4000
1623724728582000,0,113.02872000,4.3900
1623724729704000,0,0.00000924,4.3900
1623724729704000,0,113.02871076,4.3900
1623724730812000,0,0.00001848,4.3900
1623724730812000,0,113.02871152,4.3900
1623724731942000,0,0.00001772,4.3900
1623724731942000,0,113.02871228,4.3900
1623724733171000,0,0.00001696,4.3900
1623724733171000,0,113.02871304,4.3900
1623724734227000,0,0.00001620,4.3900
1623724734227000,0,113.02871380,4.3900
1623724735344000,0,0.00001544,4.3900
1623724735344000,0,113.02871456,4.3900
1623724736434000,0,0.00001468,4.3900
1623724736434000,0,113.02871532,4.3900
1623724737338000,0,0.00001392,4.3900
1623724737338000,0,1659.98327932,4.4000
1623724737338000,0,282.57182308,4.4000
1623724737338000,0,4.90200000,4.4100
1623724737338000,0,99.64051000,4.4100
1623724737338000,0,395.60055231,4.4100
1623724737338000,0,470.36120793,4.4100
1623724737408000,1,18.82897764,4.4100
1623724737409000,1,3909.89427000,4.4100
1623724737455000,1,113.02872924,4.4100
1623724737456000,1,282.60268517,4.4100
1623724737565000,1,91.09949928,4.4100
1623724737611000,1,283.90524192,4.4100
1623724737844000,1,188.28702109,4.4100
1623724737859000,1,25.80031582,4.4100
1623724738002000,1,189.45790702,4.4100
1623724738078000,1,428.55620462,4.4100
1623724738218000,1,254.81917233,4.4100
1623724738403000,1,10.37989294,4.4100
1623724738448000,1,65.29918346,4.4100
1623724738481000,1,524.98151291,4.4100
1623724738614000,1,25.80031582,4.3800
1623724738634000,0,75.35496000,4.3900
1623724738717000,0,402.29342000,4.3900
1623724738785000,0,0.00000780,4.3900
1623724738785000,0,75.35495220,4.3900
1623724738897000,0,0.00001274,4.3900
1623724738899000,1,11.56127209,4.3800
1623724739077000,1,79.53822719,4.3900
1623724739165000,1,2120.46177281,4.3900
1623724739682000,1,75.34003582,4.3900
1623724740776000,1,75.39072531,4.3900
1623724741895000,1,75.39168356,4.3900
1623724743597000,1,66.77976000,4.3900
1623724743737000,1,61.06761800,4.3900
1623724744347000,1,196.03017731,4.3900
1623724744347000,1,409.55828272,4.3900
1623724749405000,1,365.77542986,4.3900
1623724750171000,1,37.67238469,4.3900
1623724751281000,1,37.67232702,4.3900
1623724752369000,1,37.66745838,4.3900
1623724753443000,1,37.67510209,4.3900
1623724754472000,1,220.92835963,4.3900
1623724754518000,1,37.67088684,4.3900
1623724755666000,1,37.68151019,4.3900
1623724756749000,1,37.67758259,4.3900
1623724757844000,1,37.68513101,4.3900
1623724757924000,1,37.68513101,4.3900
1623724759051000,1,37.68547891,4.3900
1623724760148000,1,37.68152126,4.3900
1623724761292000,1,37.68033487,4.3900
1623724762044000,1,133.44072922,4.3900
1623724762374000,1,37.69047110,4.3900
1623724763488000,1,37.68196100,4.3900
1623724764601000,1,37.68592279,4.3900
1623724765756000,1,37.68248330,4.3900
1623724766855000,1,37.68348418,4.3900
1623724768064000,1,37.68353431,4.3900
1623724768958000,1,80.59820045,4.3900
1623724769145000,1,37.68399845,4.3900
1623724770222000,1,37.68828989,4.3900
1623724771366000,1,37.68637044,4.3900
1623724772438000,1,37.68617190,4.3900
1623724773646000,1,37.68665898,4.3900
1623724774758000,1,37.68664342,4.3900
1623724775571000,1,48.68131307,4.3900
1623724775899000,1,37.68347168,4.3900
1623724776989000,1,37.68111229,4.3900
1623724778081000,1,37.68252113,4.3900
1623724779242000,1,18.84035381,4.3900
1623724780352000,1,18.84248184,4.3900
1623724780435000,1,91.04423304,4.3900
1623724781466000,1,29.40351309,4.3900
1623724781483000,1,18.84339893,4.3900
1623724782627000,1,18.84846360,4.3900
1623724783718000,1,18.84061421,4.3900
1623724784791000,1,18.84356868,4.3900
1623724785924000,1,18.84274149,4.3900
1623724786530000,1,17.75972191,4.3900
1623724787010000,1,18.84787768,4.3900
1623724788146000,1,18.84864522,4.3900
1623724789232000,1,18.84297799,4.3900
1623724790310000,1,18.84164032,4.3900
1623724791460000,1,18.84094632,4.3900
1623724792108000,1,10.72687203,4.3900
1623724792534000,1,18.84047179,4.3900
1623724793713000,1,18.83801965,4.3900
1623724794784000,1,18.83823715,4.3900
1623724795875000,1,18.83805815,4.3900
1623724796944000,1,18.84340292,4.3900
1623724798126000,1,18.84068750,4.3900
1623724798745000,1,6.47903071,4.3900
1623724799326000,1,18.84040264,4.3900
1623724800495000,1,18.84669908,4.3900
1623724801577000,1,18.83670342,4.3900
1623724802666000,1,18.83712743,4.3900
1623724803774000,1,18.83993965,4.3900
1623724804884000,1,18.84447546,4.3900
1623724805964000,1,18.84024214,4.3900
1623724807049000,1,18.84276684,4.3900
1623724808137000,1,18.84254653,4.3900
1623724809245000,1,18.83852459,4.3900
1623724810346000,1,18.84022787,4.3900
1623724811481000,1,18.83870297,4.3900
1623724812578000,1,18.84128135,4.3900
1623724813668000,1,18.83869854,4.3900
1623724814774000,1,18.83845978,4.3900
1623724815878000,1,18.83976925,4.3900
1623724817102000,1,18.83997851,4.3900
1623724818194000,1,18.84084143,4.3900
1623724819278000,1,18.83900721,4.3900
1623724820411000,1,18.83841805,4.3900
1623724821523000,1,18.83730499,4.3900
1623724822675000,1,18.84318450,4.3900
1623724823772000,1,18.84201528,4.3900
1623724824895000,1,18.84226919,4.3900
1623724826000000,1,18.84431050,4.3900
1623724827077000,1,4.51923537,4.3900
1623724827077000,1,14.32592922,4.3900
1623724828191000,1,18.84463882,4.3900
1623724829310000,1,18.84605425,4.3900
1623724830380000,1,18.84153924,4.3900
1623724831575000,1,18.84315219,4.3900
1623724832670000,1,18.84393247,4.3900
1623724833755000,1,18.84262038,4.3900
1623724833861000,1,91.04423304,4.3800
1623724841236000,0,18.84802072,4.3900
1623724852196000,0,0.00000001,4.3900
1623724852196000,0,18.84801999,4.3900
1623724856269000,0,0.00000074,4.3900
1623724856269000,0,18.84801926,4.3900
1623724857761000,0,0.00000147,4.3900
1623724857761000,0,18.84801853,4.3900
1623724858918000,0,0.00000220,4.3900
1623724858918000,0,18.84801780,4.3900
1623724859638000,0,0.00000293,4.3900
1623724859638000,0,18.84801707,4.3900
1623724864146000,0,0.00000366,4.3900
1623724864146000,0,18.84801634,4.3900
1623724865254000,0,0.00000439,4.3900
1623724865254000,0,18.84801561,4.3900
1623724872774000,0,0.00000512,4.3900
1623724872774000,0,18.84801488,4.3900
1623724877901000,0,0.00000585,4.3900
1623724877901000,0,18.84801415,4.3900
1623724899524000,1,52.99827767,4.3800
1623724899594000,1,37.35010000,4.3600
1623724899666000,1,139.30110000,4.3600
1623724899750000,1,12.36941463,4.3600
1623724899750000,1,164.97610770,4.3600
1623724917971000,1,18.91100153,4.3700
1623724920275000,1,12.95899878,4.3700
1623724922568000,1,18.90964226,4.3700
1623724923650000,1,18.90964226,4.3700
1623724924756000,1,18.93319143,4.3700
1623724925840000,1,18.92637119,4.3700
1623724926939000,1,18.92787688,4.3700
1623724928016000,1,18.92787688,4.3700
1623724929147000,1,18.92787688,4.3700
1623724930220000,1,18.92787688,4.3700
1623724931348000,1,18.92463275,4.3700
1623724932444000,1,18.92615836,4.3700
1623724933561000,1,18.92615398,4.3700
1623724934650000,1,18.92696857,4.3700
1623724935745000,1,18.93017173,4.3700
1623724936901000,1,18.93047281,4.3700
1623724937982000,1,18.93293754,4.3700
1623724952216000,1,681.06706246,4.3700
1623725004325000,1,5.06137381,4.3600
1623725034902000,0,32.23605823,4.3700
1623725034902000,0,4.95938177,4.3700
1623725035030000,0,0.00001180,4.3700
1623725035030000,0,12.39848393,4.3700
1623725035495000,1,4.94821124,4.3700
1623725200280000,1,24.41900000,4.3700
1623725201772000,1,720.63278876,4.3700
1623725257944000,1,50.00000000,4.3600
1623725287836000,0,9.32014136,4.3500
1623725287836000,0,24.17620617,4.3500
1623725320057000,0,7.42012498,4.3500
1623725320057000,0,19.29232494,4.3500
1623726303667000,0,8.78002016,4.3400
1623726318908000,0,18.02709159,4.3500
1623726318919000,0,3.45626842,4.3500
1623726318919000,0,8.28176471,4.3500
1623726321568000,0,17.14421845,4.3600
1623726321568000,0,6.59804041,4.3600
1623726321568000,0,0.00000001,4.3600
1623726321568000,0,630.00000000,4.3700
1623726321568000,0,135.73235883,4.3700
1623726321954000,0,6.59804000,4.3700
1623726322230000,0,3772.02555525,4.3700
1623726352491000,0,500.00000000,4.4200
1623726367423000,0,4.69718310,4.4400
1623726367423000,0,50.00000000,4.4400
1623726372663000,0,30.00000000,4.4500
1623726380492000,0,89.35405405,4.4700
1623726380492000,0,5.82710279,4.4700
1623726380498000,0,0.00000001,4.4700
1623726388366000,0,6.40000000,4.4800
1623726388366000,0,13.53211009,4.4800
1623726388366000,0,100.00000000,4.4800
1623726390331000,0,8.51000000,4.4900
1623726390331000,0,291.49000000,4.4900
1623726390332000,0,3669.56183686,4.4900
1623726390601000,0,193.11900000,4.4900
1623726390663000,0,154.34568000,4.4900
1623726390775000,0,9541.48348314,4.4900
1623726390775000,0,42.59965679,4.4900
1623726390846000,0,12.38532110,4.5000
1623726390846000,0,77.58097890,4.5000
1623726390852000,0,19.99009341,4.5000
1623726390852000,0,60.05609756,4.5000
1623726390852000,0,300.00000000,4.5000
1623726395404000,0,4.58944954,4.5400
1623726395808000,0,50.00000000,4.5500
1623726395808000,0,500.00000000,4.5500
1623726396145000,0,4.52900000,4.5600
1623726396145000,0,198.88617600,4.5600
1623726396318000,0,61.11382400,4.5600
1623726400570000,0,4.53741497,4.5900
1623726402958000,1,150.98303000,4.5900
1623726403491000,1,304.00000000,4.5700
1623726403491000,1,151.64379000,4.5700
1623726403791000,1,179.50212000,4.5700
1623726403976000,1,120.49788000,4.5700
1623726404044000,1,59.11583870,4.5500
1623726404047000,1,262.88416130,4.5500
1623726404047000,1,59.11583870,4.5500
1623726404183000,1,700.88416000,4.5500
1623726404412000,1,262.88416000,4.5500
1623726404631000,1,322.00000000,4.5400
1623726412481000,0,159.65799000,4.5200
1623726413703000,0,689.65135183,4.5500
1623726472549000,0,183.49790240,4.5100
1623726472549000,0,516.50209760,4.5100
1623726513247000,0,184.01743578,4.5000
1623726535781000,0,159.65799000,4.5100
1623726535781000,0,183.47155000,4.5100
1623726613142000,0,299.00000000,4.4800
1623726613142000,0,16.84882000,4.4800
1623726659066000,0,300.00000000,4.4900
1623726859032000,0,50.00000000,4.4400
1623727088770000,1,292.00000000,4.4200
1623727502901000,1,3725.88122066,4.4300
1623727503328000,1,186.39238109,4.4300
1623727503505000,1,85.01787807,4.4300
1623727518595000,0,138.00000000,4.4400
1623727708742000,0,27.06997742,4.4300
1623727924930000,1,100.00000000,4.4300
1623728118893000,1,5.00000000,4.4300
1623728470960000,0,45.15540540,4.4400
1623729429748000,1,8.51000000,4.4100
1623729429748000,1,4.21410327,4.4100
1623729545311000,0,186.88809367,4.4200
1623729545570000,1,13.11190633,4.4200
1623729644789000,1,0.45589673,4.4100
1623729868167000,1,226.98915005,4.4100
1623729878771000,1,226.98718877,4.4100
1623730206564000,0,15.65873000,4.4000
1623730232985000,1,8.43567685,4.4000
1623730277697000,0,7.71328725,4.4100
1623730378570000,1,227.50080282,4.4000
1623730382168000,1,201.75658411,4.4000
1623730590899000,1,227.56763456,4.3900
1623730593765000,1,227.99185495,4.3900
1623731601302000,0,100.00000000,4.4000
1623731811695000,0,100.00000000,4.4100
1623732079593000,0,48.75344911,4.4200
1623732682533000,1,100.00000000,4.4600
1623733506229000,1,10.00000000,4.4600
1623733575380000,1,224.38897886,4.4600
1623733575380000,1,560.97244714,4.4600
1623733649012000,0,185.07353729,4.4700
1623733649012000,0,72.04452879,4.4700
1623733649012000,0,179.99518742,4.4700
1623733649012000,0,462.59923906,4.4800
1623733649012000,0,322.00000000,4.4800
1623733649012000,0,497.83047477,4.4800
1623733649012000,0,735.00000000,4.4800
1623733649012000,0,1701.69120000,4.4800
1623733649012000,0,468.59928411,4.4800
1623733649012000,0,927.35726864,4.4900
1623733649012000,0,296.00000000,4.4900
1623733649012000,0,1082.00000000,4.4900
1623733649012000,0,23.48063170,4.5000
1623733649012000,0,4393.00000000,4.5000
1623733649012000,0,925.21214810,4.5000
1623733649012000,0,292.00000000,4.5000
1623733649012000,0,0.00000603,4.5100
1623733649012000,0,1850.73537281,4.5100
1623733649012000,0,5464.00000000,4.5200
1623733649012000,0,4.74000000,4.5300
1623733649012000,0,4.60500000,4.5600
1623733649012000,0,2209.00000000,4.5600
1623733649012000,0,66.15241620,4.5800
1623733649769000,1,223.92592655,4.4700
1623733650090000,1,560.74073886,4.4600
1623733650090000,1,184.82467479,4.4600
1623733650090000,1,504.33967894,4.4600
1623733689490000,0,85.07079090,4.4700
1623733689490000,0,34.75972425,4.4800
1623733726498000,1,322.00000000,4.4700
1623733726498000,1,1082.00000000,4.4700
1623733727483000,1,1082.00000000,4.4700
1623733800821000,0,83.16099804,4.4700
1623733800821000,0,207.66195781,4.4700
1623733800821000,0,539.74657895,4.4700
1623733816059000,0,184.66837498,4.4800
1623733816059000,0,93.10336502,4.4800
1623733827711000,0,300.00000000,4.4900
1623733827711000,0,62.24737073,4.4900
1623733827711000,0,155.96501574,4.4900
1623733827711000,0,405.50904092,4.4900
1623733827711000,0,184.08723766,4.5000
1623733827711000,0,282.00000000,4.5100
1623733827711000,0,466.15700388,4.5100
1623733827711000,0,460.21809415,4.5100
1623733827711000,0,1082.00000000,4.5200
1623733827711000,0,326.00000000,4.5200
1623733827711000,0,322.00000000,4.5200
1623733827711000,0,643.98430820,4.5200
1623733827711000,0,2077.65506763,4.5300
1623733832297000,0,48.32811000,4.4900
1623733832364000,0,0.00000788,4.4900
1623733832462000,0,184.01735633,4.5000
1623733832462000,0,17.65453367,4.5000
1623733847010000,0,46.80893841,4.5000
1623733847010000,0,117.07977389,4.5000
1623733913385000,1,322.00000000,4.5100
1623733926208000,1,322.00000000,4.5000
1623733940191000,1,556.23970302,4.4900
1623733940191000,1,222.44994626,4.4900
1623733940191000,1,1082.00000000,4.4900
1623733940191000,1,467.85380784,4.4900
1623733940191000,1,321.99998288,4.4900
1623733940441000,1,0.00001712,4.4900
1623733954697000,0,70.24818000,4.4800
1623733955814000,1,453.32245465,4.4800
1623733955974000,1,557.31028841,4.4700
1623733955974000,1,1082.00000000,4.4700
1623733955974000,1,322.00000000,4.4700
1623733955974000,1,223.42854553,4.4700
1623733975150000,0,98.92797000,4.4600
1623733983848000,1,224.42616000,4.4600
1623734028418000,0,96.68091913,4.4600
1623734028418000,0,185.19341879,4.4600
1623734028418000,0,251.04724208,4.4600
1623734029211000,0,97.85604115,4.4700
1623734029211000,0,244.64009885,4.4700
1623734045840000,0,206.28259473,4.4800
1623734045840000,0,535.97965128,4.4800
1623734045840000,0,82.56531399,4.4800
1623734133544000,0,63.99976000,4.4900
1623734141231000,0,183.93059410,4.5000
1623734141231000,0,415.10402900,4.5000
1623734141231000,0,159.63716292,4.5000
1623734141231000,0,63.80671398,4.5000
1623734141488000,0,0.00001903,4.5000
1623734160901000,0,48.15933604,4.5000
1623734160901000,0,120.48752600,4.5000
1623734160901000,0,313.26754796,4.5000
1623734168044000,0,37.31605976,4.5000
1623734186003000,0,36.47620190,4.5000
1623734186003000,0,7.90602032,4.5000
1623734194940000,0,83.28448443,4.5000
1623734194940000,0,230.16824557,4.5000
1623734246411000,0,25.60578574,4.5100
1623734293061000,0,24.97043000,4.5200
1623734300091000,0,182.62695442,4.5300
1623734300091000,0,67.89432450,4.5300
1623734300091000,0,176.55891620,4.5300
1623734300091000,0,798.59750907,4.5300
1623734323875000,0,182.55191791,4.5300
1623734323875000,0,52.97416372,4.5300
1623734323875000,0,137.71423414,4.5300
1623734323875000,0,21.15767423,4.5300
1623734344528000,0,16.34538000,4.5400
1623734344746000,0,0.00000084,4.5400
1623734404572000,0,40.07371233,4.5200
1623734404572000,0,16.01793767,4.5200
1623734404878000,0,0.00000623,4.5200
1623734485107000,0,36.90965007,4.5100
1623734485107000,0,14.76385993,4.5100
1623734485541000,0,0.00000010,4.5100
1623734486304000,1,650.00000000,4.5100
1623734607800000,0,15.30712129,4.5000
1623734607804000,0,0.00000001,4.5000
1623734638828000,0,183.43868409,4.5100
1623734638828000,0,38.16416218,4.5100
1623734638828000,0,14.94260414,4.5100
1623734638908000,1,207.84701000,4.5100
1623734638911000,1,0.00000078,4.5100
1623734676255000,1,477.88746000,4.5000
1623734676295000,1,0.00000069,4.5000
1623734676722000,1,322.00000000,4.4900
1623734676722000,1,222.45487886,4.4900
1623734679709000,0,89.29639000,4.4800
1623734680153000,0,35.72027000,4.4800
1623734696896000,0,231.49297761,4.4900
1623734696896000,0,35.62152001,4.4900
1623734696896000,0,89.21403238,4.4900
1623734704590000,0,24.64184394,4.5000
1623734704590000,0,61.60646187,4.5000
1623734704590000,0,160.17679419,4.5000
1623734739212000,0,10.46324593,4.4900
1623734739212000,0,26.15810407,4.4900
1623734760169000,0,13.13164000,4.4900
1623734760670000,0,0.00000521,4.4900
1623734760670000,0,99.90443924,4.5000
1623734870618000,0,183.93702620,4.5000
1623734870618000,0,32.74138878,4.5000
1623734870618000,0,85.12134387,4.5000
1623734870618000,0,12.83055115,4.5000
1623734884872000,0,9.86861375,4.5000
1623734892782000,0,64.12845359,4.5100
1623734892782000,0,24.66069047,4.5100
1623734892782000,0,183.42856026,4.5100
1623734892782000,0,9.88246568,4.5100
1623735170338000,0,500.00000000,4.5100
1623735170338000,0,7.88005435,4.5100
1623735170338000,0,19.70108116,4.5100
1623735170338000,0,466.25721226,4.5200
1623735170338000,0,100.32886713,4.5200
1623735591602000,1,23.34123223,4.4600
1623735594015000,0,25.82179178,4.4700
1623735599888000,0,48.73309708,4.4700
1623735599888000,0,1.26690292,4.4700
1623736211033000,1,1250.00000000,4.4500
1623736211098000,1,54.33194388,4.4400
1623736211098000,1,34.63710373,4.4400
1623736211783000,1,100.00000000,4.4400
1623736261648000,1,134.94772727,4.4600
1623736349617000,1,23.56459330,4.4600
1623736751810000,1,223.98433375,4.4600
1623736751810000,1,560.76323094,4.4600
1623736751810000,1,184.73806956,4.4600
1623736751810000,1,155.51436575,4.4600
1623737463427000,1,386.23700000,4.4800
1623737507807000,1,49.84015984,4.4700
1623737643924000,0,221.68888888,4.5000
1623738018869000,0,1000.00000000,4.5100
1623738048840000,1,7.71328725,4.5100
1623738053181000,1,214.20507000,4.5100
1623738126924000,0,7.54683298,4.5100
1623738226056000,1,99.90444445,4.4900
1623738284679000,1,222.48100000,4.4900
1623738770570000,1,559.71577033,4.4700
1623738770570000,1,223.88630813,4.4700
1623738779898000,1,400.00000000,4.4700
1623739243331000,1,7.93288590,4.4700
1623739754445000,1,224.48478007,4.4500
1623739973965000,1,225.39671850,4.4400
1623740280307000,0,44.58080868,4.4400
1623740508769000,0,104.65248361,4.4300
1623740508769000,0,261.14162893,4.4300
1623740508769000,0,167.67730304,4.4300
1623740508769000,0,217.71594333,4.4300
1623740514824000,0,79.07717000,4.4300
1623740772572000,0,91.53558892,4.4200
1623740772575000,0,0.00000001,4.4200
1623740896469000,1,157.44124700,4.4200
1623741480107000,1,4.73922902,4.4100
1623741518918000,0,106.92986425,4.4200
1623741588208000,1,53.47557910,4.4000
1623741588368000,1,28.15616624,4.4000
1623741764816000,0,135.36830520,4.4300
1623741975361000,0,186.51773916,4.4300
1623741975361000,0,113.48226084,4.4300
1623742609788000,0,11.23024830,4.4300
1623742775553000,1,226.98680124,4.4100
1623742934455000,1,30.00000000,4.4200
1623743797227000,1,224.91203865,4.4500
1623744239001000,1,225.39503274,4.4400
1623744239001000,1,563.51134497,4.4400
1623744443885000,0,91.80720017,4.4300
1623744600363000,0,8.84939916,4.4500
1623744720295000,0,44.52381777,4.4600
1623744913501000,1,224.37319635,4.4600
1623744913501000,1,560.97692965,4.4600
1623745266841000,1,30.31346578,4.4600
1623745330288000,1,224.26217048,4.4600
1623745330288000,1,184.62450001,4.4600
1623745330288000,1,342.30068842,4.4600
1623745935984000,1,225.40855543,4.4400
1623746740722000,0,142.71031190,4.4000
1623746740722000,0,157.28968810,4.4000
1623746911791000,1,198.88617600,4.3800
1623746911791000,1,61.11382400,4.3800
1623746951856000,0,50.00000000,4.3700
1623746952585000,1,6.40000000,4.3600
1623746952585000,1,1.20000000,4.3600
1623746953305000,1,188.87457561,4.3600
1623746953305000,1,573.75499674,4.3600
1623746953305000,1,272.80101588,4.3600
1623747747960000,0,7.98758501,4.3700
1623747816958000,0,118.00000000,4.3600
1623747899449000,1,230.62645988,4.3400
1623747899449000,1,576.52311293,4.3400
1623747899449000,1,190.02683795,4.3300
1623747899449000,1,310.00000000,4.3300
1623747899449000,1,819.00000000,4.3300
1623747899449000,1,1498.66986100,4.3300
1623747899449000,1,386.23700000,4.3300
1623747899449000,1,481.06471370,4.3300
1623747899449000,1,160.02258000,4.3300
1623747899449000,1,160.37499999,4.3200
1623747899449000,1,1082.00000000,4.3200
1623747899449000,1,289.00000000,4.3200
1623747899449000,1,474.87546447,4.3200
1623747899449000,1,109.40210899,4.3200
1623748275495000,1,229.89234397,4.3500
1623748275622000,0,100.40946689,4.3500
1623748322303000,0,89.69954128,4.3600
1623748440302000,0,100.00000000,4.3500
1623748625179000,0,300.00000000,4.3600
1623748822754000,0,185.95508900,4.3600
1623748822754000,0,114.04491100,4.3600
1623749705042000,1,229.02195050,4.3700
1623749804659000,1,228.45898377,4.3800
1623749820808000,1,228.54335028,4.3800
1623749847054000,0,515.58505825,4.3800
1623749847054000,0,206.23402330,4.3800
1623749847054000,0,574.00000000,4.3800
1623749847054000,0,1336.88396597,4.3800
1623749847054000,0,158.12939000,4.3800
1623749847054000,0,90.74146320,4.3800
1623749847054000,0,237.77363155,4.3800
1623749847054000,0,987.19830000,4.3800
1623749847054000,0,475.41350787,4.3900
1623749847054000,0,322.00000000,4.4000
1623749847054000,0,290.00000000,4.4000
1623749847054000,0,308.00000000,4.4100
1623749847054000,0,1082.00000000,4.4100
1623749847054000,0,69.39366932,4.4300
1623750387544000,1,228.92863348,4.3700
1623750387544000,1,572.23483203,4.3700
1623750397239000,0,11.27002288,4.3800
1623750398383000,1,4.60000000,4.3700
1623750492786000,1,229.55392316,4.3600
1623750496194000,1,573.82910647,4.3600
1623750768183000,1,229.59119558,4.3600
1623750774965000,1,229.59537186,4.3600
1623750809987000,0,20.00000000,4.3700
1623750840296000,1,50.67325842,4.3600
1623751059146000,1,229.02083628,4.3700
1623751082783000,1,229.03744684,4.3700
1623751438687000,1,228.00968525,4.3900
1623751499502000,1,322.00000000,4.3800
1623752079515000,1,0.45107585,4.3800
1623752183675000,1,229.05525220,4.3600
1623752482384000,1,230.47436518,4.3400
1623752781919000,0,6.00000000,4.3600
1623753621608000,1,229.00639838,4.3700
1623753691284000,1,228.50185651,4.3700
1623753723571000,1,229.58423544,4.3600
1623753728370000,1,229.54526648,4.3600
1623753892381000,0,114.28832951,4.3700
1623753911245000,1,229.44099185,4.3600
1623753911245000,1,450.00000000,4.3600
1623753911245000,1,414.72622305,4.3600
1623754096377000,1,229.58215851,4.3600
1623755055580000,1,227.47591698,4.4000
1623755065451000,1,227.47867000,4.4000
1623755153907000,1,227.43820905,4.4000
1623755349212000,1,226.97114274,4.4000
1623755439608000,1,227.45939561,4.4000
1623755478685000,1,244.84937591,4.4000
1623755585236000,1,227.41788348,4.4000
1623755585236000,1,568.48161697,4.4000
1623755951469000,1,200.00000000,4.3900
1623756462577000,1,229.01483821,4.3700
1623756857668000,0,74.73531000,4.3400
1623756925554000,1,231.08479407,4.3300
1623756925554000,1,577.71198518,4.3300
1623756934387000,1,231.08479407,4.3200
1623756934387000,1,322.00000000,4.3200
1623756936420000,1,10.00000000,4.3100
1623756936420000,1,579.37205856,4.3100
1623756936420000,1,231.92771144,4.3100
1623756936468000,1,0.00001632,4.3100
1623756936645000,1,80.00000000,4.3000
1623756937364000,1,10.78061224,4.3000
1623756937518000,0,14.81481481,4.3200
1623756938536000,0,4.63194444,4.3200
1623756938732000,0,16.89814815,4.3200
1623756941588000,1,232.25044017,4.3100
1623756941588000,1,600.00000000,4.3100
1623757001815000,1,231.13215809,4.3300
1623757001815000,1,297.56807191,4.3300
1623757001889000,1,279.64831000,4.3300
1623757176584000,1,231.67528295,4.3200
1623757185777000,1,231.72018016,4.3200
1623757261989000,1,231.71954000,4.3200
1623757290297000,1,191.41439000,4.3200
1623757466451000,1,91.27263960,4.3300
1623757660925000,1,577.82630980,4.3300
1623757694889000,1,450.00000000,4.3200
1623757700468000,1,231.62960905,4.3200
1623757827055000,0,95.68441000,4.3200
1623758857354000,0,5.67936573,4.3800
1623758923625000,0,228.76177134,4.3700
1623758923625000,0,189.13905866,4.3700
1623759234266000,1,228.02712841,4.3900
1623759330794000,1,227.98070311,4.3900
1623759365775000,0,56.36822000,4.3900
1623759510965000,1,227.41168047,4.4000
1623759612156000,1,227.57700772,4.3900
1623759632410000,1,227.94720783,4.3900
1623759632410000,1,569.89898936,4.3900
1623759799524000,0,18.30000000,4.4000
1623760043761000,1,112.26015416,4.4000
1623760089369000,1,0.39690057,4.4000
1623760097889000,0,187.83851208,4.4000
1623760097958000,1,39.66714896,4.4000
1623760102466000,0,187.83108894,4.4000
1623760114869000,1,227.54967505,4.3900
1623760489369000,1,227.93257993,4.3800
1623760489369000,1,569.83143007,4.3800
1623760489482000,1,0.00001975,4.3800
1623760492189000,1,441.25087397,4.3800
1623760559607000,1,226.95347000,4.4100
1623760559729000,1,0.00000892,4.4100
1623760559729000,1,567.35226065,4.4100
1623760639320000,0,227.06363690,4.4000
1623760639320000,0,187.91092394,4.4000
1623760639320000,0,637.00000000,4.4000
1623760639320000,0,158.16473000,4.4000
1623760639320000,0,160.55263498,4.4100
1623760726767000,1,568.69399323,4.3900
1623760726767000,1,227.47897317,4.3900
1623760737607000,1,569.71804702,4.3900
1623760739612000,1,306.01779720,4.3900
1623760742189000,1,569.83190231,4.3900
1623760918196000,1,228.51209604,4.3800
1623760918196000,1,570.93965605,4.3800
1623760919504000,1,228.78730973,4.3700
1623760930691000,0,228.89203082,4.3700
1623760930691000,0,170.37821288,4.3700
1623760930691000,0,572.24741335,4.3700
1623760930691000,0,178.48234295,4.3700
1623761449759000,1,227.44691000,4.4000
1623762316205000,1,0.91038056,4.4100
1623762480794000,1,568.63581801,4.3900
1623762480794000,1,131.36418199,4.3900
1623762480885000,1,96.16828565,4.3900
1623762606550000,1,0.36103820,4.3900
1623762661573000,1,228.35957438,4.3800
1623762706461000,1,350.00000000,4.3800
1623762706461000,1,228.49836930,4.3800
1623762786258000,1,228.44610400,4.3800
1623763072982000,0,11.30681818,4.4000
1623763138823000,0,191.46590909,4.4000
1623764897471000,1,188.54469350,4.3700
1623764897471000,1,111.45530650,4.3700
1623765139767000,0,1860.00000000,4.3700
1623765737234000,1,550.00000000,4.3600
1623765950154000,1,20.00000000,4.3300
1623766560347000,0,20.82610248,4.3500
1623766940020000,1,124.90000000,4.3000
1623767149210000,1,3838.40057536,4.3000
1623767149767000,1,3805.91881240,4.3000
1623767279342000,1,69.43298368,4.2900
1623768600311000,0,23.03568059,4.3100
1623768919953000,1,1250.00000000,4.2900
1623769432845000,1,39.87212473,4.2700
1623769432899000,1,12.44696192,4.2700
1623769433436000,1,5.03755868,4.2600
1623769433436000,1,10.00000000,4.2600
1623769433436000,1,159.65023474,4.2600
1623769620120000,1,100.00000000,4.2600
1623769620120000,1,193.41282575,4.2600
1623769620120000,1,386.23700000,4.2600
1623769620120000,1,295.00000000,4.2600
1623769620120000,1,399.71800000,4.2600
1623769620120000,1,533.48643795,4.2600
1623769620120000,1,162.65206000,4.2600
1623769620120000,1,770.00000000,4.2600
1623769620272000,0,193.41282575,4.2600
1623769620287000,0,300.00000000,4.2600
1623769620372000,0,90.99800000,4.2600
1623769620376000,0,599.44430779,4.2600
1623769964480000,1,90.52631578,4.2800
1623770523779000,0,533.77856542,4.2700
1623771233449000,1,203.88641686,4.2700
1623772079001000,1,17.58624908,4.2600
1623772129026000,0,11.62412238,4.2800
1623772862812000,1,218.33023000,4.2900
1623772862812000,1,191.91584278,4.2900
1623772862812000,1,489.75392722,4.2900
1623773053719000,1,218.33023000,4.2900
1623773154164000,0,15.10492945,4.2800
1623773154164000,0,583.60568644,4.2800
1623773585714000,0,23.14011339,4.3000
1623774091490000,0,191.58654115,4.3100
1623774719385000,1,400.00000000,4.2900
1623775057090000,1,89.63963963,4.3000
1623775285208000,1,17.97173021,4.2900
1623775388176000,0,6.01642948,4.3000
1623775971707000,1,200.00000000,4.3000
1623775990955000,1,232.79766958,4.3000
1623777531660000,0,50.00000000,4.3000
1623778914619000,0,46.28022677,4.3100
1623778933758000,1,0.46193682,4.3000
1623778969771000,1,232.80446500,4.3000
1623779203582000,1,232.77325012,4.3000
1623779218547000,1,0.39007753,4.3000
1623780078027000,0,300.15316455,4.3300
1623780091503000,0,10.00000000,4.3400
1623780091503000,0,139.71264367,4.3500
1623780095594000,0,57.32643678,4.3500
1623780142934000,0,230.22882145,4.3400
1623780142934000,0,537.92170846,4.3500
1623780142934000,0,575.43007115,4.3500
1623780142934000,0,160.30248000,4.3500
1623780142934000,0,222.37209135,4.3500
1623780321302000,0,17.09114976,4.3700
1623780500953000,1,189.39472682,4.3500
1623780500953000,1,230.07799055,4.3500
1623780500953000,1,383.02471852,4.3500
1623780673452000,0,229.16340913,4.3600
1623781133415000,0,229.64833726,4.3500
1623781133415000,0,574.24381532,4.3500
1623781169993000,1,1057.10784742,4.3500
1623781169993000,1,1101.53563218,4.3500
1623781331756000,1,200.30977011,4.3500
1623781468756000,0,137.27064220,4.3600
1623781555446000,1,113.02011494,4.3400
1623781609301000,1,150.23275862,4.3100
1623781668910000,0,193.11900000,4.3100
1623781669887000,0,38.65440144,4.3100
1623781740944000,0,115.38568129,4.3300
1623782533708000,1,231.07890123,4.3300
1623782533708000,1,190.33353458,4.3300
1623782533708000,1,577.50705419,4.3300
1623782777951000,1,324.00000000,4.3100
1623782880308000,1,13.92376841,4.2800
1623783564675000,0,58.21162790,4.3000
1623784920742000,1,233.88328650,4.2800
1623785042356000,1,83.34192037,4.2700
1623785044788000,1,586.00945912,4.2600
1623785044788000,1,234.52959638,4.2600
1623785044788000,1,521.75240491,4.2600
1623785044788000,1,28.40046541,4.2600
1623785272797000,0,235.59919452,4.2400
1623785273428000,1,119.83051515,4.2400
1623785273460000,1,116.13200505,4.2400
1623785273460000,1,194.52356848,4.2400
1623785273460000,1,194.62975941,4.2300
1623785273460000,1,386.23700000,4.2300
1623785273460000,1,834.73283947,4.2300
1623785387346000,0,235.23713517,4.2500
1623786263144000,0,4.71933962,4.2400
1623786267096000,0,10.84905660,4.2400
1623786720312000,1,6.75611828,4.2200
1623786738928000,1,115.38568129,4.2200
1623787223685000,0,11.84834123,4.2200
1623787287965000,1,10.00000000,4.2100
1623787287965000,1,10.00000000,4.2100
1623787390348000,1,149.71264367,4.2000
1623787390794000,1,9.85878490,4.2000
1623787390794000,1,70.14121510,4.2000
1623787600432000,0,237.78755779,4.2100
1623787708331000,0,237.30652306,4.2100
1623787767977000,0,236.78025155,4.2200
1623787816581000,1,8.63347859,4.2100
1623787825181000,0,237.32536175,4.2100
1623788485250000,1,15.16673425,4.2100
1623788609632000,0,497.90142988,4.2300
1623788609632000,0,742.75578052,4.2300
1623788619334000,0,236.64819000,4.2300
1623788798454000,0,100.00000000,4.2500
1623789388149000,0,8.21411764,4.2500
1623789563654000,0,9.73004694,4.2600
1623789641253000,1,235.93349349,4.2400
1623790123469000,1,194.78798418,4.2300
1623790123469000,1,324.00000000,4.2300
1623790123469000,1,81.63691700,4.2300
1623790157818000,1,590.12789128,4.2300
1623790157818000,1,236.23433872,4.2300
1623790243399000,1,591.79266249,4.2200
1623790243399000,1,236.71706500,4.2200
1623790604224000,1,0.44726622,4.2400
1623790657847000,1,236.65143689,4.2300
1623790746440000,0,236.16771000,4.2300
1623790975930000,0,0.17864793,4.2300
1623790975930000,0,9.82135207,4.2300
1623791060075000,0,0.03210112,4.2400
1623791070199000,1,236.08491499,4.2400
1623791070199000,1,3.35952945,4.2300
1623791202337000,0,5.85308750,4.2500
1623791237516000,0,21.12941176,4.2500
1623792540435000,1,235.95392379,4.2400
1623792540435000,1,590.02411702,4.2400
1623793770147000,1,45.37708830,4.2500
1623794477933000,0,194.23932127,4.2600
1623794478012000,1,40.71108786,4.2600
1623794893613000,0,233.42627788,4.2800
1623794893613000,0,10.00000000,4.2900
1623794893613000,0,1105.31364351,4.2900
1623794897184000,1,233.86969892,4.2800
1623794897184000,1,400.00000000,4.2800
1623794901853000,0,233.48860000,4.2800
1623796243814000,1,0.39912923,4.2900
1623796243814000,1,400.00000000,4.2900
1623796546044000,0,233.42491000,4.2800
1623796760728000,0,233.45672266,4.2900
1623796760728000,0,192.57176993,4.2900
1623796760728000,0,582.27279305,4.2900
1623796760728000,0,161.67618436,4.2900
1623797686991000,0,232.31949359,4.3000
1623797746627000,0,232.31500378,4.3000
1623798087139000,1,400.00000000,4.3100
1623799662717000,1,190.80872370,4.3200
1623799662717000,1,43.75890520,4.3200
1623799749172000,0,231.24212899,4.3200
1623800086248000,1,232.21608604,4.3100
1623800743187000,0,231.78573373,4.3100
1623800743784000,0,579.56186963,4.3100
1623801119309000,1,69.18779069,4.3000
1623801138230000,1,232.78120532,4.3000
1623801164217000,1,0.48702194,4.3000
