timestamp ms,type,amount,price
1626739233976000,1,950.00000000,2.8300
1626739496931000,0,73.65000097,2.8200
1626739496994000,0,37.32181430,2.8200
1626739497040000,0,0.00000001,2.8200
1626739527631000,0,148.84810645,2.8200
1626739657631000,0,142.56584383,2.8300
1626739661416000,0,139.34412883,2.8300
1626739666411000,0,136.18708657,2.8300
1626739687106000,1,353.37173000,2.8300
1626739974318000,0,16.99047449,2.8400
1626740060497000,0,3582.92184353,2.8600
1626740182397000,0,100.00000000,2.8900
1626740220629000,0,174.56954517,2.9000
1626740294158000,1,347.67293606,2.8800
1626740302598000,1,347.59484823,2.8800
1626740302598000,1,563.98538177,2.8800
1626740317516000,0,144.15009688,2.9000
1626740390797000,0,181.22859045,2.9000
1626740682882000,0,170.13741111,2.8800
1626740682882000,0,427.04050398,2.8800
1626740682882000,0,1106.43981300,2.8800
1626740698197000,1,346.99877815,2.8800
1626740884414000,0,100.00000000,2.9100
1626740884414000,0,127.50161844,2.9100
1626740929066000,1,344.07335267,2.9100
1626740951711000,1,344.03938300,2.9100
1626741025059000,0,153.73444000,2.9100
1626741284704000,0,1390.00000000,2.9100
1626741284704000,0,380.07121852,2.9100
1626741284704000,0,152.51192953,2.9100
1626741360229000,0,133.65564239,2.9000
1626741792001000,1,345.35080979,2.8900
1626741797918000,1,166.68180405,2.8900
1626741798937000,1,250.01952595,2.8900
1626741822890000,1,346.43903480,2.8900
1626742943000000,0,182.18643000,2.8200
1626743023647000,1,1000.00000000,2.8100
1626743023647000,1,9.99999999,2.8100
1626743023647000,1,0.00000001,2.8100
1626743105679000,1,147.11850011,2.8000
1626743106052000,1,2.88149989,2.8000
1626743106052000,1,61.90714285,2.8000
1626743106052000,1,49.27374491,2.8000
1626743106256000,1,253.37804080,2.8000
1626743106256000,1,50.00000000,2.8000
1626743106256000,1,706.62195920,2.8000
1626743106274000,1,129.92528873,2.8000
1626743106329000,1,163.45275207,2.8000
1626743106329000,1,68.68282671,2.8000
1626743106405000,1,55.84147153,2.8000
1626743106465000,1,127.18128013,2.8000
1626743106489000,1,758.29442163,2.8000
1626743106614000,1,69.94761213,2.7900
1626743186428000,0,7.17204301,2.7900
1626743623454000,1,7.25000000,2.7600
1626743623454000,1,623.14855072,2.7600
1626743742019000,0,172.14683000,2.7600
1626744050743000,0,22.94964995,2.7700
1626744382192000,1,900.00000000,2.7500
1626744382192000,1,185.45272727,2.7500
1626744382192000,1,1250.00000000,2.7500
1626744382192000,1,1413.26181818,2.7500
1626744382192000,1,49.64539006,2.7500
1626744382192000,1,550.00000000,2.7500
1626744594698000,1,18.26184049,2.7500
1626744784191000,0,297.72926262,2.7600
1626744784191000,0,771.13415088,2.7600
1626745091614000,1,900.00000000,2.7500
1626745091614000,1,362.80847270,2.7500
1626745091614000,1,487.55513499,2.7500
1626745091614000,1,469.41047240,2.7500
1626745830783000,1,326.62099550,2.7300
1626745830783000,1,366.43628330,2.7300
1626746498151000,0,446.33892353,2.7600
1626746498151000,0,178.52294647,2.7600
1626747799282000,1,700.00000000,2.7100
1626747801488000,0,7.38376384,2.7100
1626747929012000,0,136.58326867,2.7200
1626747936553000,1,173.00000000,2.7100
1626748108073000,0,270.91729108,2.7200
1626749067303000,1,50.00000000,2.7000
1626749079880000,0,108.45051000,2.7000
1626749304594000,0,244.63524760,2.7100
1626749559961000,1,450.91497032,2.7100
1626749716623000,1,209.40167939,2.7000
1626750015887000,0,429.11506339,2.6900
1626750016995000,0,171.62840941,2.6900
1626750173815000,0,136.57865086,2.7100
1626750173815000,0,427.89351895,2.7100
1626750179218000,0,323.26278079,2.7100
1626750179883000,0,129.30359686,2.7100
1626750223448000,0,119.04619300,2.7100
1626750223448000,0,297.66657488,2.7100
1626750228224000,0,274.14727841,2.7100
1626750232279000,0,103.48675704,2.7100
1626750427829000,0,103.60037931,2.6900
1626750432567000,0,101.26368753,2.6900
1626750438406000,0,98.98512498,2.6900
1626750647131000,0,83.07164291,2.7000
1626751038233000,0,207.17477384,2.6700
1626751042909000,0,263.26181000,2.6800
1626751135640000,1,677.46037735,2.6500
1626751135640000,1,500.00000000,2.6500
1626751268607000,0,75.65374007,2.6600
1626751288513000,0,73.88737000,2.6500
1626751300373000,0,72.16559000,2.6500
1626751302067000,0,71.90919816,2.6500
1626751334259000,0,10.37300000,2.6600
1626751337515000,0,22.95800000,2.6600
1626751357231000,0,68.94424000,2.6500
1626751357480000,0,0.00000256,2.6500
1626751397955000,1,377.91638707,2.6500
1626751466885000,0,75.92742845,2.6600
1626751619045000,1,376.47345530,2.6600
1626751865406000,1,118.73960612,2.6400
1626751865596000,1,201.13565191,2.6400
1626751865596000,1,386.23700000,2.6400
1626751865596000,1,114.09296784,2.6400
1626751865596000,1,155.03387291,2.6400
1626751865596000,1,944.37025959,2.6400
1626751865596000,1,377.87897008,2.6400
1626751865596000,1,269.82854000,2.6400
1626751865596000,1,1021.26915405,2.6400
1626751961672000,0,7.57954545,2.6400
1626752055170000,1,379.37473793,2.6300
1626752087787000,0,36.11100000,2.6300
1626752104085000,0,169.00876000,2.6300
1626752104454000,0,0.00000873,2.6300
1626752339351000,1,92.01134441,2.6600
1626752339351000,1,940.57442559,2.6600
1626752339673000,1,406.99500000,2.6500
1626752461902000,0,26.61797752,2.6700
1626752544759000,1,376.43873789,2.6600
1626752602814000,1,26.61797752,2.6500
1626752630904000,1,185.11722210,2.6500
1626752630904000,1,944.16915833,2.6500
1626752683300000,1,17.92754587,2.6400
1626752683388000,1,165.37082296,2.6400
1626752871175000,0,229.24640391,2.6500
1626752879977000,0,224.08833429,2.6500
1626753164607000,0,224.07405338,2.6400
1626753240232000,0,18.74825370,2.6400
1626753680413000,0,218.61309985,2.6600
1626753778711000,0,522.70789918,2.6700
1626753778711000,0,208.23783062,2.6700
1626754237204000,0,94.10188679,2.6500
1626754264012000,0,13.61986499,2.6500
1626754264867000,0,79.93368138,2.6500
1626754271846000,0,183.34004433,2.6500
1626754275397000,0,179.20036067,2.6500
1626754281855000,0,149.02443116,2.6600
1626754281855000,0,27.24248613,2.6600
1626754758611000,0,436.55375145,2.6400
1626754758611000,0,174.62150058,2.6400
1626754758611000,0,1135.10175017,2.6400
1626754808514000,1,23.08735974,2.6400
1626754840703000,0,30.00000000,2.6600
1626755007490000,1,1000.00000000,2.6400
1626755007490000,1,1177.47169811,2.6400
1626755205334000,1,36.13307984,2.6300
1626755205334000,1,700.00000000,2.6300
1626755499947000,0,48.75267018,2.6300
1626755499947000,0,437.30531482,2.6300
1626755549540000,0,358.58422725,2.6400
1626755549540000,0,144.03974075,2.6400
1626755620972000,0,77.72347099,2.6500
1626755621034000,0,254.01297859,2.6500
1626755621034000,0,438.01348438,2.6500
1626755656557000,1,313.11842531,2.6500
1626755659617000,0,118.20512915,2.6500
1626755661071000,0,288.82589288,2.6500
1626755674377000,1,3.75937169,2.6500
1626755914693000,1,3434.45112781,2.6500
1626755958954000,0,12.96226415,2.6500
1626756118000000,0,386.23700000,2.6900
1626756118000000,0,316.78359691,2.6900
1626756118000000,0,175.48497929,2.6900
1626756200621000,0,0.77134033,2.6700
1626756217515000,0,267.36701794,2.6700
1626756217515000,0,236.59939997,2.6700
1626756297042000,0,238.33758390,2.6700
1626756297042000,0,95.33503356,2.6700
1626756457249000,0,91.01556290,2.6700
1626756457249000,0,108.98443710,2.6700
1626756583002000,1,20.91353781,2.6500
1626756840501000,0,26.17052280,2.6500
1626756893611000,0,130.87826751,2.6500
1626756984555000,1,102.16222562,2.6400
1626757035123000,0,321.58806122,2.6400
1626757213532000,0,37.68939393,2.6400
1626757275331000,0,11.19318182,2.6400
1626757301212000,0,141.26984534,2.6400
1626758021064000,0,37.54716981,2.6500
1626758418883000,0,37.00000000,2.6600
1626758482915000,1,204.01246635,2.6400
1626759091452000,1,1250.00000000,2.6400
1626759091452000,1,379.35015700,2.6400
1626759403234000,1,481.58340480,2.6300
1626759478190000,0,34.01028388,2.6300
1626759605538000,1,2000.00000000,2.6300
1626759733511000,0,228.95273281,2.6300
1626759733511000,0,570.32839198,2.6300
1626760001186000,0,332.49108178,2.6300
1626760039857000,1,1593.26937449,2.6300
1626760190750000,0,18.89015151,2.6400
1626760217768000,0,12.29938339,2.6400
1626760600632000,1,219.32505948,2.6400
1626760686910000,0,214.37133700,2.6500
1626760937852000,0,52.01503759,2.6600
1626761226259000,0,18.84848484,2.6400
1626761579520000,1,20.59303482,2.6400
1626761806355000,1,150.00000000,2.6400
1626761873133000,0,238.00500703,2.6400
1626762208624000,0,200.00000000,2.6400
1626762400742000,0,227.20236869,2.6400
1626762401299000,0,524.75443044,2.6400
1626762408211000,0,193.72019157,2.6400
1626762415580000,0,189.34332076,2.6400
1626762910922000,0,9.40754716,2.6500
1626762913470000,1,320.76778090,2.6400
1626762913470000,1,371.87023000,2.6400
1626762913470000,1,386.23700000,2.6400
1626762913470000,1,270.01172000,2.6400
1626762913470000,1,114.49554648,2.6400
1626762913470000,1,1330.00000000,2.6400
1626762913470000,1,148.67718015,2.6400
1626762913470000,1,114.49554648,2.6400
1626762913470000,1,1680.39613605,2.6400
1626763149862000,0,51.04090909,2.6600
1626763504683000,0,216.31826826,2.6300
1626763504683000,0,540.79567064,2.6300
1626763504683000,0,455.72522694,2.6300
1626763609409000,0,151.54696595,2.6400
1626763641220000,0,35.34185332,2.6500
1626763641318000,0,343.52556154,2.6500
1626763641318000,0,151.42940157,2.6500
1626763661752000,1,377.49131000,2.6500
1626763665554000,1,128.81722175,2.6500
1626763675518000,0,141.86298843,2.6500
1626763677014000,0,354.55711469,2.6500
1626763867726000,1,574.89801699,2.6600
1626764752662000,1,196.33168117,2.6700
1626764752662000,1,850.00000000,2.6700
1626764759497000,1,1050.00000000,2.6700
1626764760228000,0,12.43873991,2.6800
1626764816238000,0,1157.19588172,2.6800
1626764816238000,0,456.08002939,2.6800
1626764816238000,0,183.07880889,2.6800
1626764938017000,0,142.53502081,2.6900
1626764938017000,0,356.29992919,2.6900
1626764981912000,0,102.04720162,2.6900
1626764981912000,0,247.95279838,2.7000
1626765615375000,1,250.00000000,2.6900
1626765963627000,1,20.42413793,2.6700
1626766116195000,1,10.76141034,2.6700
1626766135339000,0,9.27985074,2.6800
1626766498866000,1,20.00000000,2.6800
1626766650881000,0,492.02321272,2.6900
1626766650881000,0,197.48863404,2.6900
1626767231411000,0,219.79055406,2.6800
1626767235928000,0,219.83962255,2.6800
1626767235928000,0,535.21838088,2.6800
1626767358647000,0,33.58298888,2.6700
1626767380602000,1,374.97825947,2.6700
1626767419821000,0,700.00000000,2.6700
1626767919550000,0,212.53479303,2.6900
1626768050077000,0,100.00000000,2.6900
1626768145859000,0,190.24926997,2.6800
1626768145974000,1,157.15429771,2.6800
1626768145974000,1,33.09497226,2.6800
1626768332406000,0,31.25537313,2.6900
1626768349466000,1,100.00000000,2.6800
1626768526514000,0,183.76865672,2.6700
1626768543061000,0,159.09688269,2.6700
1626768543175000,1,159.09688269,2.6700
1626768543224000,1,14.85050835,2.6700
1626768632076000,0,159.05890276,2.6700
1626768632160000,1,37.06794837,2.6700
1626768762771000,0,583.51091202,2.6800
1626768762771000,0,233.40931741,2.6800
1626768762771000,0,1513.05755976,2.6800
1626768870702000,0,80.00000000,2.6900
1626768894129000,1,50.00000000,2.6800
1626768928931000,0,41.38289963,2.6900
1626768937937000,1,338.83012919,2.6900
1626768937937000,1,372.20996684,2.6900
1626769052508000,0,330.78066914,2.6900
1626769443350000,0,5.89890632,2.6800
1626769471725000,0,101.00264160,2.6800
1626769471728000,0,57.39286520,2.6800
1626769982465000,1,250.00000000,2.6500
1626770351383000,0,565.81748675,2.6600
1626770652542000,1,378.97453378,2.6400
1626770831284000,1,250.19006613,2.6400
1626770831619000,0,521.28612507,2.6400
1626770930409000,0,236.25689136,2.6400
1626770963976000,0,126.64408526,2.6400
1626770972209000,0,123.70873383,2.6400
1626770976415000,0,225.27982515,2.6400
1626770987592000,0,115.77134804,2.6400
1626771220558000,0,94.79598207,2.6300
1626771332202000,0,206.71977971,2.6300
1626771458596000,1,322.49574645,2.6200
1626771458596000,1,84.49925355,2.6200
1626771615694000,0,58.32124218,2.6300
1626771618948000,0,161.86942966,2.6300
1626772074452000,0,192.85854661,2.6400
1626772074452000,0,184.04296854,2.6400
1626772275255000,1,100.00000000,2.6300
1626772455994000,1,380.77744096,2.6300
1626772565925000,0,300.09469696,2.6400
1626773262590000,1,41.33111809,2.6300
1626773335488000,0,200.00000000,2.6300
1626773360252000,0,63.50570342,2.6300
1626773699694000,0,18.86405099,2.6200
1626773699694000,0,409.72530262,2.6200
1626774003049000,0,156.57740000,2.6100
1626774051020000,0,152.98948102,2.6100
1626774056206000,0,149.53505591,2.6100
1626774346740000,1,293.28461538,2.6000
1626774346740000,1,55.97014926,2.6000
1626774360088000,1,136.41111000,2.6000
1626774415561000,0,479.13332059,2.6100
1626774415561000,0,333.06519019,2.6100
1626774415561000,0,133.24527909,2.6100
1626774423250000,0,702.85528449,2.6100
1626774844827000,1,700.00000000,2.6100
1626774976506000,0,120.73077000,2.6000
1626774976790000,0,0.00000034,2.6000
1626775102667000,1,1177.47169811,2.5800
1626775255593000,1,166.62024763,2.5900
1626775292793000,0,687.06788542,2.6000
1626775292793000,0,109.76579239,2.6000
1626775292793000,0,1340.00000000,2.6000
1626775293388000,0,56.79693486,2.6100
1626775363532000,0,93.92100344,2.6300
1626775493004000,1,382.26464290,2.6100
1626775533907000,0,95.59689709,2.6100
1626775570895000,0,228.91825821,2.6200
1626775570895000,0,91.54822309,2.6200
1626775575700000,0,82.88307000,2.6200
1626775582419000,0,81.03863657,2.6200
1626775588936000,0,197.98132755,2.6200
1626775588936000,0,512.76959952,2.6200
1626775717863000,0,40.81966052,2.6100
1626775780756000,0,160.38165684,2.6100
1626775780756000,0,415.56043833,2.6100
1626775834730000,0,35.29847587,2.6100
1626775834730000,0,161.05465720,2.6100
1626775837077000,0,55.49860122,2.6100
1626775837077000,0,950.00000000,2.6100
1626775947710000,0,59.93509463,2.6000
1626775951478000,0,58.71479000,2.6000
1626776047514000,0,700.00000000,2.6100
1626776047514000,0,117.27203065,2.6100
1626776213870000,0,53.82069128,2.6300
1626776236870000,0,58.09825677,2.6200
1626776298579000,0,136.16641554,2.6200
1626776298579000,0,352.77697446,2.6200
1626776380902000,0,51.41828375,2.6300
1626776380902000,0,70.47145009,2.6300
1626776418089000,0,58.07425000,2.6300
1626776505874000,0,21.48756000,2.6400
1626776634727000,0,116.13145218,2.6300
1626776634727000,0,300.80045484,2.6300
1626777415006000,1,9.53225806,2.6100
1626777727126000,0,350.18038628,2.6300
1626777727126000,0,134.66121392,2.6300
1626777727126000,0,53.86277319,2.6300
1626777862963000,0,35.13673487,2.6300
1626777862963000,0,228.38877663,2.6300
1626777862963000,0,87.84181850,2.6300
1626778054855000,0,37.83269961,2.6300
1626778272231000,0,52.55422581,2.6300
1626778272231000,0,131.38555419,2.6300
1626778349124000,1,590.84486365,2.6300
1626778482394000,0,169.86060729,2.6400
1626778482394000,0,67.90323271,2.6400
1626778482513000,0,0.00001685,2.6400
1626778640831000,1,550.00000000,2.6400
1626778640831000,1,650.00000000,2.6400
1626778659909000,0,10.00000000,2.6400
1626778708977000,0,489.40603000,2.6400
1626779466011000,0,95.76340234,2.6400
1626779466011000,0,239.45424506,2.6400
1626779495023000,0,619.31774312,2.6500
1626779495023000,0,220.19872469,2.6500
1626779495023000,0,88.06126219,2.6500
1626779513844000,0,10.23308270,2.6600
1626779667774000,0,154.33478720,2.6400
1626779667774000,0,399.73484280,2.6400
1626780200972000,0,49.66689349,2.6400
1626780203034000,1,379.09792484,2.6400
1626780203034000,1,620.90207516,2.6400
1626780619558000,0,114.95201586,2.6300
1626780619726000,1,528.45414015,2.6200
1626780645292000,0,124.33427609,2.6300
1626780645292000,0,805.32295867,2.6300
1626780663621000,0,102.76421288,2.6300
1626780766654000,1,125.31805929,2.6300
1626780907749000,0,120.29277838,2.6400
1626781256876000,0,342.12470145,2.6600
1626781256876000,0,136.83519977,2.6600
1626781293867000,0,128.83037820,2.6600
1626781293867000,0,33.35007292,2.6600
1626781571005000,1,218.30691254,2.6500
1626781582443000,0,128.15313132,2.6500
1626781610717000,0,68.99290391,2.6500
1626781669249000,0,213.21804511,2.6600
1626782031166000,0,100.00000000,2.6700
1626782040993000,1,135.84713000,2.6700
1626782319534000,1,152.17702062,2.6600
1626782419440000,0,372.06072304,2.6600
1626782780369000,0,108.89321236,2.6700
1626782780388000,0,0.00000001,2.6700
1626782952847000,0,427.84647218,2.6800
1626782952847000,0,171.13857782,2.6800
1626783352939000,1,375.00884510,2.6700
1626783420839000,0,63.67685902,2.6700
1626783600079000,0,63.69134335,2.6700
1626783600079000,0,311.36580970,2.6700
1626783615143000,0,503.08803990,2.6800
1626783615143000,0,201.20702010,2.6800
1626783674397000,1,188.49710490,2.6700
1626783822937000,0,215.06347000,2.6700
1626783884039000,0,547.20462263,2.6700
1626783884039000,0,402.79537737,2.6700
1626783884109000,0,982.49321341,2.6700
1626783900110000,0,452.60671556,2.6700
1626783943933000,0,957.65463698,2.6700
1626784013754000,0,149.20653066,2.6700
1626784013754000,0,372.77584773,2.6700
1626784013754000,0,896.94169161,2.6700
1626784037844000,0,45.63809432,2.6700
1626784037844000,0,300.22018688,2.6700
1626784044778000,0,112.32480000,2.6700
1626784045065000,0,0.00000836,2.6700
1626784205847000,0,121.06663000,2.6600
1626784278145000,0,146.55392000,2.6600
1626784278281000,0,0.00000262,2.6600
1626784278281000,0,365.11410738,2.6600
1626784336817000,0,135.03039729,2.6600
1626784336817000,0,336.50810563,2.6600
1626784409129000,1,311.03013288,2.6600
1626785148308000,0,27.80523965,2.6800
1626785148308000,0,161.78965772,2.6800
1626785600257000,1,30.00000000,2.6800
1626785721317000,0,72.37845744,2.7000
1626785721433000,0,163.16484321,2.7000
1626785736429000,0,178.20830658,2.7000
1626785829347000,0,151.73952921,2.7100
1626785829347000,0,31.84439618,2.7100
1626786198363000,1,54.99976501,2.6900
1626786216536000,1,159.77617365,2.6900
1626786585227000,0,539.98026188,2.6900
1626787069406000,0,166.97085814,2.6900
1626787231885000,0,174.00093751,2.6900
1626787461872000,1,519.97735849,2.6500
1626787461872000,1,376.49347391,2.6500
1626787919494000,0,40.00000000,2.6500
1626787977142000,1,386.23700000,2.6400
1626787977142000,1,117.56864263,2.6400
1626789151676000,0,10.00000000,2.6500
1626789833077000,0,7.50943396,2.6500
1626789840795000,1,12.03216123,2.6300
1626789938816000,1,9.66112179,2.6400
1626790464168000,0,218.56214000,2.6800
1626790838876000,0,207.85083126,2.6700
1626792439386000,0,9.65799256,2.6900
1626792451323000,1,12.65799256,2.6800
1626792498605000,0,169.16698712,2.6900
1626792680175000,0,276.02314094,2.7000
1626793601842000,0,49.85349347,2.7000
1626793624789000,0,183.61243477,2.7000
1626794029086000,0,486.64705882,2.7200
1626794311104000,1,343.57023000,2.7100
1626794316899000,1,343.57023000,2.7100
1626794316899000,1,550.00000000,2.7100
1626794390645000,1,114.91081754,2.7100
1626794644224000,1,343.57023000,2.7100
1626794735873000,0,191.45227529,2.7200
1626794735873000,0,478.59208672,2.7200
1626794735873000,0,1243.74691849,2.7200
1626794746272000,0,148.11384355,2.7200
1626794746272000,0,370.28460887,2.7200
1626794746272000,0,962.40537016,2.7200
1626794747615000,0,114.73800425,2.7200
1626794747615000,0,745.56920387,2.7200
1626794747615000,0,286.84501063,2.7200
1626794749533000,0,528.21323072,2.7200
1626794749533000,0,81.28017968,2.7200
1626794749533000,0,203.20044919,2.7200
1626794750606000,0,138.45996256,2.7200
1626794750606000,0,55.39187966,2.7200
1626794750606000,0,359.79936697,2.7200
1626794751606000,0,92.54800189,2.7200
1626794751606000,0,37.01920076,2.7200
1626794751606000,0,240.59197005,2.7200
1626794811876000,0,7.57954545,2.7300
1626794811876000,0,55.97014927,2.7300
1626794875482000,0,17.24817518,2.7400
1626794949973000,0,348.11039516,2.7400
1626794949973000,0,133.79496309,2.7400
1626794949973000,0,53.74695319,2.7400
1626795113663000,1,799.74038310,2.7400
1626795113663000,1,70.00000000,2.7400
1626795119092000,0,71.17721049,2.7400
1626795119092000,0,177.30992951,2.7400
1626795208032000,1,288.12017553,2.7500
1626795238681000,0,152.59057971,2.7600
1626795268890000,1,97.31407282,2.7500
1626795268890000,1,909.68591961,2.7500
1626795546634000,0,18.09136137,2.7500
1626796320319000,0,86.44116376,2.7400
1626797031635000,0,13.00000000,2.7500
1626797061104000,0,190.13589498,2.7500
1626798442013000,0,193.26623030,2.7400
1626798606123000,0,192.56192190,2.7500
1626798609224000,0,184.58937242,2.7500
1626798671015000,0,180.40555944,2.7500
1626799665185000,0,500.00000000,2.7300
1626800235867000,1,70.00000000,2.7200
1626800349215000,0,176.38650098,2.7200
1626800638270000,1,151.86733261,2.7100
1626800638270000,1,7.78651354,2.7100
1626801801674000,0,153.26007326,2.7300
1626802966324000,0,9.11194941,2.7300
1626804945287000,0,164.52560805,2.7300
1626805051174000,0,550.00000000,2.7400
1626805542313000,0,161.40888797,2.7300
1626808844100000,0,46.46739130,2.7600
1626810235280000,0,150.00000000,2.7500
1626811178091000,1,146.58478784,2.7300
1626811178091000,1,72.73693347,2.7300
1626811465246000,0,265.23188405,2.7600
1626812287011000,0,154.22523907,2.7600
1626812287011000,0,17.46316672,2.7600
1626812658721000,1,204.01023000,2.7800
1626812902307000,1,204.01023000,2.7800
1626812941076000,1,28.22398028,2.7800
1626812994680000,1,26.91899765,2.7800
1626813535383000,1,204.01023000,2.7700
1626813535383000,1,282.63682882,2.7600
1626813770649000,1,24.56012589,2.7600
1626813770649000,1,5.43987411,2.7600
1626813773546000,0,35.79136690,2.7800
1626813862234000,1,204.01023000,2.7700
1626813869465000,1,3.30389452,2.7700
1626814325917000,1,3.16550157,2.7600
1626815309225000,0,6.93364113,2.7600
1626816197201000,0,35.68840580,2.7500
1626816736608000,1,1057.61690647,2.7300
1626816736608000,1,204.01023000,2.7300
1626817443697000,0,1000.00000000,2.7300
1626817446091000,1,204.01023000,2.7300
1626817764085000,0,136.76307109,2.7300
1626817994734000,1,51.91995283,2.7200
1626818244934000,1,64.54610643,2.7200
1626818293052000,1,8.51195418,2.7300
1626818606841000,1,8.21703436,2.7300
1626818826670000,1,12.55753388,2.7300
1626818849681000,1,94.25274725,2.7300
1626819318717000,0,204.01023000,2.7200
1626819897195000,1,9.42514664,2.7200
1626820538341000,1,10.94437518,2.7100
1626820794191000,1,14.82465353,2.7100
1626821096217000,1,100.00000000,2.7000
1626821324055000,0,169.95395429,2.6900
1626821344636000,0,166.12924925,2.6900
1626821355806000,0,406.06034964,2.6900
1626821466813000,0,578.88598200,2.6800
1626821466813000,0,343.01540400,2.6800
1626821488292000,1,116.12744000,2.6800
1626821488690000,1,290.40003432,2.6800
1626821488695000,1,443.47252568,2.6800
1626821490175000,1,32.24021377,2.6800
1626821514063000,1,450.00000000,2.6800
1626821956368000,1,500.00000000,2.6800
1626821956368000,1,550.00000000,2.6800
1626822090564000,0,51.66521110,2.6900
1626822090564000,0,20.05226102,2.6900
1626823350425000,1,500.00000000,2.6900
1626823350425000,1,372.27105869,2.6900
1626823350425000,1,930.53012283,2.6900
1626824444427000,1,95.68646592,2.6900
1626824444427000,1,450.00000000,2.6900
1626824469980000,1,280.64066478,2.6900
1626825029180000,1,550.00000000,2.6900
1626825029180000,1,371.96749076,2.6900
1626825067965000,1,372.34972032,2.6800
1626825116663000,1,229.43801051,2.6800
1626825662865000,0,154.17565821,2.6900
1626825833676000,1,206.80378658,2.6800
1626825839193000,1,373.68209631,2.6800
1626825898462000,1,373.47098663,2.6800
1626826030301000,0,194.86032298,2.6900
1626826144391000,1,264.13483222,2.7000
1626826210737000,0,251.00667905,2.7000
1626826957106000,1,372.12758707,2.6900
1626827468857000,0,500.00000000,2.6600
1626827474857000,0,7.52255639,2.6600
1626827771310000,1,376.54131692,2.6500
1626827827239000,1,450.00000000,2.6500
1626828135490000,1,153.31461923,2.6500
1626828231610000,0,223.39428222,2.6500
1626828328946000,0,208.93796616,2.6500
1626828338218000,0,271.77023000,2.6500
1626828535786000,0,253.42654931,2.6400
1626828745132000,0,589.36605643,2.6400
1626828821675000,0,223.32411338,2.6400
1626828917505000,0,217.41824964,2.6500
1626830138501000,1,34.99999999,2.6300
1626830138511000,1,0.00000001,2.6300
1626830138936000,1,154.19669404,2.6200
1626830138936000,1,139.08792134,2.6200
1626830246135000,0,166.94462552,2.6300
1626830246135000,0,441.32857490,2.6300
1626830864326000,1,291.14271614,2.6500
1626831192473000,1,179.81774649,2.6600
1626831192473000,1,260.22522749,2.6600
1626832978589000,0,166.73571122,2.6800
1626832983920000,1,159.18206673,2.6800
1626832992166000,1,214.06322044,2.6800
1626833126010000,1,410.53202685,2.6800
1626833129776000,1,39.46797315,2.6800
1626833195787000,0,163.20539169,2.6900
1626833195787000,0,157.92100236,2.6900
1626833354435000,0,99.11060000,2.6900
1626833834401000,1,237.98616198,2.6900
1626833842406000,1,238.96348059,2.6900
1626833844796000,1,570.26478552,2.6900
1626833880878000,0,315.87341037,2.6900
1626833880981000,1,315.87341037,2.6900
1626833880995000,1,298.74615729,2.6900
1626833993935000,0,315.82814220,2.6900
1626833994002000,1,56.43249718,2.6900
1626834181793000,1,372.20308470,2.6900
1626834184797000,1,62.70598658,2.6900
1626834187200000,1,930.35303102,2.6900
1626834517273000,1,53.98062565,2.6900
1626835245600000,1,130.42997894,2.7000
1626835407211000,0,236.82484623,2.7100
1626835557212000,0,231.49161732,2.7100
1626835895591000,0,206.30754702,2.7100
1626835906959000,0,201.59540072,2.7100
1626835915880000,0,197.10558855,2.7100
1626835932427000,0,192.59923524,2.7100
1626835961802000,0,179.76775889,2.7100
1626836842957000,0,163.88131371,2.7200
1626837088741000,1,312.85412977,2.7100
1626837088741000,1,8.27226428,2.7100
1626838380679000,0,193.14882389,2.7300
1626838385699000,0,118.01536000,2.7300
1626838385966000,0,0.00000773,2.7300
1626838465484000,1,900.00000000,2.7300
1626838465484000,1,366.80536077,2.7300
1626838525831000,1,950.00000000,2.7300
1626838680292000,1,18.29652492,2.7300
1626839241109000,1,190.26005025,2.7300
1626840396189000,1,370.94030229,2.7400
1626840397010000,1,370.94030229,2.7400
1626840548123000,0,7.52255639,2.7500
1626840591614000,1,190.59403125,2.7500
1626840712747000,0,5.01890025,2.7500
1626840889680000,0,87.48142930,2.7600
1626841010715000,0,7.38376384,2.8000
1626841076971000,0,173.02860148,2.7900
1626841259021000,1,169.02246145,2.7900
1626841271900000,1,215.83447912,2.7900
1626841785046000,0,151.01570971,2.8200
1626841838671000,1,353.67892436,2.8200
1626842072761000,1,125.99142162,2.8200
1626842114952000,1,122.98653541,2.8200
1626842215934000,1,65.13726164,2.8100
1626842219431000,1,35.58475431,2.8100
1626842370555000,1,355.05319037,2.8200
1626844200269000,0,231.23982196,2.8400
1626844200269000,0,299.20669274,2.8400
1626844200269000,0,567.59030693,2.8400
1626844200269000,0,497.74198896,2.8500
1626845951734000,0,18.67028838,2.8400
1626845977886000,0,519.97735849,2.8400
1626845995967000,0,1203.24920345,2.8500
1626846725022000,0,70.17543859,2.8500
1626846975038000,1,550.00000000,2.8400
1626846975038000,1,450.00000000,2.8400
1626847887472000,0,650.00000000,2.8500
1626847887472000,0,450.00000000,2.8500
1626847887472000,0,88.75438596,2.8500
1626848208299000,0,183.14385964,2.8500
1626848371806000,0,700.00000000,2.8500
1626848927479000,0,165.50422117,2.8600
1626848965819000,1,90.74905621,2.8600
1626849310787000,1,80.58869629,2.8500
1626849399355000,0,17.58493592,2.8500
1626849573658000,0,26.41754385,2.8500
1626850021511000,0,650.00000000,2.8600
1626850095830000,0,173.18772639,2.8700
1626850095830000,0,7.17204301,2.8800
1626850095830000,0,80.43968072,2.8800
1626850095830000,0,3.96856281,2.8800
1626850217965000,1,252.25023000,2.8600
1626850635413000,0,267.38811188,2.8600
1626850802083000,0,93.44190406,2.8600
1626850802083000,0,600.00000000,2.8600
1626850802083000,0,437.67303188,2.8600
1626850802083000,0,297.47105254,2.8600
1626850802083000,0,550.00000000,2.8600
1626850802083000,0,386.23700000,2.8600
1626850802083000,0,251.15329000,2.8600
1626850802083000,0,75.03877665,2.8600
1626850802083000,0,437.17557872,2.8600
1626850802083000,0,1139.56588261,2.8600
1626850802083000,0,3433.40000000,2.8600
1626850802083000,0,23.72176935,2.8600
1626850802083000,0,1520.00000000,2.8600
1626850802083000,0,315.00000000,2.8600
1626850802083000,0,73.09501206,2.8700
1626850802083000,0,1062.00000000,2.8700
1626850802083000,0,3803.33636942,2.8700
1626850802083000,0,1582.75260000,2.8700
1626850802083000,0,743.60734213,2.8700
1626850802083000,0,605.51284854,2.8800
1626850850364000,1,351.19181373,2.8500
1626850850364000,1,698.44841627,2.8500
1626850897764000,1,500.00000000,2.8500
1626850897764000,1,351.10055960,2.8500
1626850897764000,1,698.49955776,2.8500
1626851000243000,1,165.77558738,2.8500
1626851000243000,1,800.00000000,2.8500
1626851000243000,1,442.15556971,2.8500
1626851286709000,1,162.80186792,2.8500
1626851286709000,1,450.00000000,2.8500
1626851358753000,0,600.00000000,2.8500
1626851677885000,0,1400.00000000,2.8600
1626851714145000,0,115.67832167,2.8600
1626851989546000,1,349.91047737,2.8600
1626851989546000,1,57.08452263,2.8600
1626851989628000,1,221.42345579,2.8600
1626852256603000,1,94.25274725,2.8400
1626852938503000,1,16.11833871,2.8400
1626852946851000,0,184.89642199,2.8500
1626853484906000,0,6.98245614,2.8500
1626854707051000,1,650.00000000,2.8500
1626855045826000,1,1050.00000000,2.8400
1626855209460000,0,20.51760563,2.8400
1626855489484000,1,550.00000000,2.8300
1626855489484000,1,232.51023000,2.8300
1626855874170000,1,22.00000000,2.8200
1626855874170000,1,600.00000000,2.8200
1626855874170000,1,550.00000000,2.8200
1626856244106000,0,23.00000000,2.8300
1626856357775000,0,185.98531014,2.8300
1626856357775000,0,1208.85162949,2.8300
1626856357775000,0,464.96327535,2.8300
1626856368154000,0,144.41765813,2.8300
1626856368154000,0,938.71477785,2.8300
1626856368154000,0,361.04414533,2.8300
1626856602783000,0,111.82740656,2.8300
1626856602783000,0,279.56851640,2.8300
1626856602783000,0,726.87814263,2.8300
1626856619090000,0,70.90344150,2.8300
1626856619090000,0,86.50946989,2.8300
1626856999915000,1,139.75942641,2.8300
1626857970007000,1,183.76865672,2.8200
1626858005266000,0,500.00000000,2.8300
1626858011988000,0,77.82378465,2.8400
1626858011988000,0,96.20448390,2.8400
1626859184013000,1,232.29420929,2.8200
1626859194890000,1,316.26091256,2.8200
1626859196208000,1,119.37395553,2.8200
1626859278764000,1,580.62604447,2.8200
1626860270997000,0,138.02462109,2.8300
1626860398523000,0,95.39108587,2.8300
1626861193332000,1,500.00000000,2.8300
1626861193332000,1,600.00000000,2.8300
1626861212519000,0,10.00000000,2.8300
1626861337366000,0,1528.07777375,2.8400
1626861403985000,1,391.76544000,2.8600
1626861403985000,1,550.00000000,2.8600
1626861416583000,0,112.08974674,2.8600
1626861497380000,1,1000.00000000,2.8600
1626861561793000,0,66.40489179,2.8700
1626861561896000,0,224.87093875,2.8700
1626861561896000,0,107.71639125,2.8700
1626862029899000,1,144.63929385,2.8800
1626862041731000,1,77.60370232,2.8800
1626862125060000,0,49.64539006,2.8900
1626862221266000,1,494.29908864,2.8900
1626862229853000,1,346.41619152,2.8900
1626862260487000,1,346.29362945,2.8900
1626862397177000,1,134.65257432,2.8800
1626863126904000,1,121.88973384,2.8800
1626863646517000,1,22.00000000,2.8800
1626863756188000,1,500.21643588,2.8800
1626863759939000,1,530.94150425,2.8800
1626863779301000,1,319.05849575,2.8800
1626863779301000,1,650.00000000,2.8800
1626863816057000,1,1100.00000000,2.8800
1626863816057000,1,347.68343913,2.8800
1626864072949000,1,34.89670575,2.8800
1626864240037000,1,278.71549199,2.8800
1626864240527000,1,116.71104259,2.8800
1626864248570000,1,154.57346542,2.8800
1626864248570000,1,700.00000000,2.8800
1626864248570000,1,650.00000000,2.8800
1626864410965000,0,115.15430378,2.8800
1626864416982000,0,347.68049730,2.8800
1626864421894000,0,137.16519892,2.8800
1626864421894000,0,210.49443937,2.8800
1626864861880000,0,550.00000000,2.8800
1626864861880000,0,600.00000000,2.8800
1626864861880000,0,239.82496420,2.8800
1626866304171000,0,234.34256394,2.8800
1626866304171000,0,550.00000000,2.8800
1626866304171000,0,586.21572901,2.8800
1626866312003000,1,360.44170705,2.8800
1626867293430000,0,650.00000000,2.8900
1626867485149000,0,17.00000000,2.8900
1626867744605000,0,30.00000000,2.8900
1626867961923000,0,600.00000000,2.8900
1626868004767000,0,7.25000000,2.8900
1626868042629000,1,294.65354244,2.8800
1626868042629000,1,237.99902553,2.8800
1626868421888000,0,215.85865417,2.8900
1626868421888000,0,600.00000000,2.8900
1626868450489000,0,210.99733777,2.8900
1626868493126000,0,206.21611111,2.8900
1626869640296000,0,39.39935156,2.9100
1626869671230000,0,37.66323024,2.9100
1626872979115000,0,166.34332308,2.8700
1626873132134000,0,550.00000000,2.8700
1626873323092000,0,700.00000000,2.8700
1626873365041000,0,162.58142375,2.8700
1626873365041000,0,700.00000000,2.8700
1626873484973000,0,63.16623331,2.8700
1626873485498000,0,397.36956863,2.8700
1626873858056000,0,34.54861111,2.8800
1626874032990000,0,650.00000000,2.8800
1626874348445000,0,679.86194992,2.8800
1626874469215000,1,10.59027778,2.8800
1626874470111000,0,118.90144900,2.8800
1626874584054000,0,83.79538548,2.8900
1626874868446000,1,10.38062284,2.8800
1626874903107000,1,25.00000000,2.8800
1626876004862000,0,10.35378117,2.8800
1626876516234000,0,293.04838342,2.9000
1626877092513000,0,7.48000000,2.9200
1626877092513000,0,141.97739714,2.9200
1626877594873000,1,342.91671352,2.9100
1626877933230000,0,94.52666299,2.9000
1626878467863000,0,291.72474188,2.9100
1626878467958000,1,44.49776079,2.9100
1626879480292000,0,11.57345704,2.9300
1626879493081000,0,331.27317576,2.9300
1626879493087000,0,168.72682424,2.9300
1626879500506000,1,341.66015251,2.9300
1626879500506000,1,854.02550245,2.9300
1626879827314000,1,375.48630136,2.9200
1626880579804000,0,204.49240664,2.9400
1626880912414000,0,288.73596207,2.9400
1626880912505000,1,26.27320533,2.9400
1626881407310000,1,32.26109215,2.9300
1626881476237000,0,210.20351860,2.9300
1626882171466000,0,16.97952218,2.9300
1626883241665000,0,639.59180623,2.9400
1626883243110000,0,1662.06738443,2.9400
1626883248112000,0,203.85520632,2.9400
1626883248112000,0,509.63801579,2.9400
1626883248112000,0,1324.64038655,2.9400
1626883350201000,1,501.59044368,2.9300
1626884360526000,0,6.97212544,2.9600
1626884656955000,1,174.02826855,2.9500
1626884782080000,0,76.91085263,2.9600
1626884782080000,0,90.03829991,2.9600
1626885171309000,1,187.50000000,2.9700
1626885171315000,1,654.86186634,2.9700
1626885171315000,1,336.62615130,2.9700
1626885171387000,0,386.23700000,2.9700
1626885177804000,1,191.20110489,2.9600
1626885180910000,1,170.70168320,2.9600
1626885230765000,0,177.40082000,2.9600
1626885436416000,1,725.54758471,2.9600
1626885436417000,1,224.45241529,2.9600
1626885436417000,1,65.24612894,2.9600
1626885436420000,1,634.75387106,2.9600
1626885436420000,1,241.06675000,2.9600
1626885436420000,1,139.94599753,2.9600
1626885436439000,1,246.29100247,2.9600
1626885436439000,1,1204.80416694,2.9600
1626885447619000,0,750.00000000,2.9700
1626885461969000,0,451.09902589,2.9700
1626885577623000,0,170.25203391,2.9800
1626885577623000,0,650.00000000,2.9800
1626885580318000,0,416.06477578,2.9800
1626885643094000,0,500.00000000,2.9800
1626885643094000,0,150.72599466,2.9800
1626886046858000,1,500.00000000,2.9700
1626886046858000,1,337.00401208,2.9700
1626886079856000,1,4.51002224,2.9600
1626886079856000,1,388.73643032,2.9600
1626886080319000,1,161.26356968,2.9600
1626886234119000,0,20.00000000,2.9500
1626886507408000,0,20.00000000,2.9400
1626886841645000,1,131.39862000,2.9100
1626886843872000,1,0.00000542,2.9100
1626886901175000,0,8.00000000,2.9100
1626887095531000,0,11.00000000,2.9000
1626887096185000,1,40.00000000,2.8800
1626887591913000,0,197.95927513,2.8900
1626887604108000,0,193.46208430,2.8900
1626887608517000,0,189.09564802,2.8900
1626888314843000,0,550.00000000,2.8800
1626888510515000,0,163.23990379,2.8800
1626888539488000,0,159.56056265,2.8800
1626888793188000,0,159.32143201,2.8800
1626889835762000,1,320.30573770,2.8900
1626889920271000,1,16.68256153,2.8900
1626889967752000,1,363.01170077,2.8900
1626889967752000,1,365.98615917,2.8900
1626889980514000,0,162.96898585,2.8900
1626890024994000,0,15.89297908,2.9000
1626890038069000,0,158.79159014,2.9000
1626891431739000,0,245.92587000,2.9300
1626891458430000,0,338.44217687,2.9400
1626891672973000,0,184.54338000,2.9400
1626891673262000,0,0.00000754,2.9400
1626891800410000,1,152.92532648,2.9400
1626891841415000,1,341.75845430,2.9200
1626891841415000,1,11.79335194,2.9200
1626891851039000,0,934.21586059,2.9200
1626891924011000,0,183.63043994,2.9600
1626891924011000,0,135.71753303,2.9600
1626892091336000,0,3416.30000000,2.9500
1626892212435000,1,120.27294204,2.9400
1626892300496000,1,50.52341410,2.9300
1626892300568000,1,223.54715111,2.9300
1626892300595000,1,66.84304391,2.9300
1626892354670000,0,30.51203000,2.9100
1626892354755000,0,0.00000300,2.9100
1626892591858000,1,182.49140240,2.9200
1626892592180000,1,3110.50859760,2.9200
1626892954637000,1,72.30434800,2.9200
1626894824895000,0,49.83794599,2.8500
1626894824999000,1,297.04608464,2.8400
1626894824999000,1,386.23700000,2.8400
1626894824999000,1,879.70505889,2.8400
1626894824999000,1,1884.42524843,2.8400
1626894825025000,1,501.59044368,2.8400
1626894838769000,0,500.16205401,2.8500
1626894853444000,1,123.39448251,2.8500
1626894866085000,1,600.00000000,2.8500
1626894866085000,1,351.16558727,2.8500
1626894950548000,0,30.00000000,2.8700
1626895711663000,0,700.00000000,2.8400
1626895711663000,0,400.00000000,2.8400
1626895797357000,0,31.62902579,2.8500
1626895797357000,0,3.37097421,2.8500
1626896605235000,1,16.41914191,2.8400
1626896995651000,1,900.00000000,2.8400
1626897207309000,1,550.00000000,2.8500
1626897368901000,0,238.56007358,2.8600
1626897368901000,0,750.00000000,2.8600
1626897368901000,0,562.44342292,2.8600
1626897681307000,1,152.92532649,2.8300
1626897747918000,0,220.54740522,2.8500
1626897807365000,0,6.95804195,2.8600
1626898021837000,0,193.11900000,2.8500
1626898341415000,0,114.30069930,2.8600
1626898817039000,1,600.00000000,2.8400
1626898818990000,1,427.76477421,2.8400
1626898849571000,1,1222.23522579,2.8400
1626898986170000,1,24.03696498,2.8300
1626899034777000,1,138.70857533,2.8300
1626899085185000,0,213.38847399,2.8400
1626899616562000,0,213.98208734,2.8500
1626901705396000,1,650.00000000,2.8500
1626901705396000,1,550.00000000,2.8500
1626901705396000,1,3413.73426573,2.8500
1626902073593000,1,550.00000000,2.8500
1626902073593000,1,600.00000000,2.8500
1626902752858000,0,91.79962818,2.8500
1626904966819000,0,1209.31418918,2.8700
1626905998173000,0,261.75961859,2.8900
1626906004308000,0,249.86561599,2.8900
1626906435626000,0,155.35738831,2.9100
1626906486737000,0,73.43298969,2.9100
1626906593563000,0,244.99501433,2.9000
1626907108582000,0,234.12637088,2.9000
1626907830286000,1,650.00000000,2.9000
1626907830286000,1,700.00000000,2.9000
1626907830286000,1,600.00000000,2.9000
1626907854181000,0,44.92657594,2.9000
1626907969691000,0,1285.00765306,2.9100
1626908754682000,0,193.11900000,2.9200
1626909407110000,0,220.88362478,2.9300
1626909407110000,0,550.27427655,2.9300
1626911115311000,0,208.94919086,2.9100
