timestamp ms,type,amount,price
1622160084602000,1,618.88627432,5.8900
1622160084602000,1,450.00000000,5.8900
1622160092810000,1,109.15816326,5.8800
1622160136931000,1,85.61643839,5.8400
1622160136934000,1,0.00000001,5.8400
1622160144218000,0,12.32876712,5.8400
1622160152665000,1,85.76329339,5.8300
1622160152790000,1,0.00000001,5.8300
1622160157058000,1,537.11110101,5.8200
1622160157171000,1,462.88889899,5.8200
1622160157171000,1,50.00000000,5.8200
1622160157171000,1,1243.95017182,5.8200
1622160157304000,0,6.34648370,5.8300
1622160157577000,1,7.89546522,5.8000
1622160158171000,1,2.10453478,5.8000
1622160158171000,1,400.00000000,5.8000
1622160158171000,1,120.00000000,5.8000
1622160158171000,1,150.00000000,5.8000
1622160158171000,1,130.00000000,5.8000
1622160158171000,1,20.00000000,5.8000
1622160158171000,1,61.76643296,5.8000
1622160158234000,1,2000.00000000,5.8000
1622160158280000,1,829.31034482,5.8000
1622160199167000,0,172.27111545,5.8100
1622160199167000,0,116.02523000,5.8100
1622160258468000,0,18.93287435,5.8100
1622160261030000,0,172.30342112,5.8000
1622160264547000,0,172.30342112,5.8000
1622160268523000,0,172.28597469,5.8000
1622160298763000,0,172.01597328,5.8100
1622160323094000,0,171.70136048,5.8200
1622160403215000,0,372.95749883,5.8300
1622160403926000,0,2048.51940594,5.8300
1622160461032000,0,170.65916000,5.8600
1622160565590000,0,500.00000000,5.9000
1622160584728000,0,169.11635356,5.9100
1622160599698000,1,138.77767980,5.9100
1622160599882000,0,169.33067020,5.9100
1622160663076000,0,170.24148000,5.8700
1622160703874000,1,600.00000000,5.9100
1622160703885000,1,400.00000000,5.9100
1622160806009000,0,422.09179135,5.9200
1622160806009000,0,168.83857497,5.9200
1622160841024000,0,169.50282202,5.9000
1622160841024000,0,290.74236798,5.9000
1622160844713000,0,169.34598000,5.9100
1622160897788000,0,80.65402000,5.9200
1622160979747000,0,18.93287435,5.9500
1622161103123000,0,107.69295302,5.9600
1622161106572000,0,100.00000000,5.9600
1622161153763000,0,12.32876712,5.9900
1622161161969000,0,6.34648370,6.0000
1622161680663000,0,137.65403299,5.9700
1622161680663000,0,95.75635226,5.9700
1622161706519000,1,1457.58903962,5.9600
1622161753123000,0,100.00000000,5.9500
1622161753141000,0,67.97455361,5.9500
1622161800498000,0,8.31578986,5.9500
1622161848310000,1,100.00000000,5.9000
1622161859857000,0,7.11864407,5.9000
1622161900267000,1,139.58522135,5.8600
1622161900267000,1,93.82516390,5.8600
1622161917991000,1,100.00000000,5.8500
1622161917991000,1,250.00000000,5.8500
1622161920426000,0,21.88034188,5.8500
1622161960478000,1,139.67538000,5.8700
1622161967451000,1,0.00000438,5.8700
1622161967451000,1,139.67537562,5.8700
1622161973808000,0,13.45826235,5.8700
1622162035035000,1,5.62180579,5.8300
1622162224712000,0,172.34594000,5.8000
1622162250590000,0,6.55172414,5.8000
1622162270892000,1,25.00000000,5.7900
1622162270892000,1,75.00000000,5.7900
1622162307988000,1,25.00000000,5.7900
1622162378645000,0,430.10107620,5.8100
1622162378645000,0,369.89892380,5.8100
1622162431625000,0,171.82335782,5.8200
1622162611732000,1,121.68099117,5.8200
1622162713422000,0,171.46376000,5.8300
1622162854732000,1,463.67702936,5.7900
1622163086783000,0,70.93287435,5.8100
1622163137243000,1,3.46700000,5.7700
1622163137624000,1,173.52681953,5.7600
1622163137624000,1,433.82112277,5.7600
1622163137624000,1,365.04109626,5.7600
1622163137624000,1,11.79293717,5.7600
1622163227429000,1,541.29565217,5.7500
1622163227429000,1,2150.97217391,5.7500
1622163227429000,1,71.24521739,5.7500
1622163227429000,1,14.99999999,5.7500
1622163228108000,0,11.63194444,5.7600
1622163237333000,0,19.09722222,5.7600
1622163239536000,1,16.34709300,5.7400
1622163249636000,1,143.17090106,5.7300
1622163249636000,1,159.96941956,5.7300
1622163249640000,1,131.03058044,5.7300
1622163249651000,1,319.00000000,5.7200
1622163249651000,1,143.22237367,5.7200
1622163249840000,1,9.99999999,5.7100
1622163249840000,1,0.00000001,5.7100
1622163249840000,1,55.00000000,5.7100
1622163249899000,1,132.94069192,5.7100
1622163250585000,1,174.65941049,5.7200
1622163250585000,1,9.66240769,5.7200
1622163319211000,1,368.51164986,5.7500
1622163483649000,0,112.57638888,5.7600
1622163571199000,0,174.42659736,5.7300
1622163571199000,0,436.26906264,5.7300
1622163607193000,1,50.00000000,5.7000
1622163607193000,1,50.00000000,5.7000
1622163611998000,1,10.00000000,5.7000
1622163611998000,1,30.00000000,5.7000
1622163611998000,1,100.00000000,5.7000
1622163638412000,0,5.78947368,5.7000
1622163745500000,0,176.30270000,5.6700
1622163753893000,0,18.16578483,5.6700
1622163817068000,0,176.89038000,5.6500
1622164080309000,0,6.09890204,5.7100
1622164304416000,0,176.71508000,5.6600
1622164305434000,0,0.00000366,5.6600
1622164420684000,1,175.84646000,5.6900
1622164553972000,0,2048.51940594,5.7000
1622164560304000,1,176.11722799,5.6900
1622164870876000,1,1600.00000000,5.7500
1622165054336000,1,272.40217795,5.7400
1622165111554000,0,174.34267000,5.7400
1622165576120000,0,5.00000000,5.7900
1622166222833000,1,353.86387425,5.7800
1622166720239000,0,169.72307414,5.7700
1622166979625000,0,143.13478877,5.7500
1622166979625000,0,93.86544523,5.7600
1622167051917000,0,50.48611111,5.7600
1622167462751000,0,172.57573791,5.8000
1622167486457000,0,18.16578000,5.8100
1622167486463000,0,0.00000483,5.8100
1622167654953000,1,626.75330774,5.7900
1622167735002000,0,172.23374926,5.8100
1622167735002000,0,180.89533851,5.8100
1622167838682000,0,171.70151381,5.8200
1622167840853000,0,171.76715841,5.8200
1622167865788000,1,171.61508000,5.8300
1622167920290000,0,11.90063434,5.8300
1622168961502000,0,129.79623287,5.8400
1622168990128000,0,28.86301369,5.8400
1622169210566000,0,67.50086058,5.8100
1622169298284000,1,7.71256937,5.8000
1622169317007000,0,172.03224338,5.8100
1622169600284000,0,25.80279535,5.8400
1622169600284000,0,178.55837455,5.8400
1622169889844000,0,4.67171891,5.8500
1622169897320000,0,370.96484143,5.8600
1622169897320000,0,140.49455880,5.8600
1622169897320000,0,358.34776700,5.8600
1622170331993000,1,80.39723661,5.7900
1622170688198000,0,5.78947368,5.8700
1622170688198000,0,140.22504941,5.8700
1622170688198000,0,379.00000000,5.8700
1622170688198000,0,126.22908849,5.8700
1622170868457000,1,348.07410840,5.8100
1622170889396000,1,46.87269531,5.8000
1622170960741000,1,94.58689488,5.8000
1622170960741000,1,258.54219289,5.8000
1622171045569000,1,5.95539527,5.8000
1622171280262000,0,56.22664967,5.8200
1622171351674000,0,141.59208391,5.8100
1622171351674000,0,172.00030522,5.8100
1622171351674000,0,430.10700555,5.8100
1622171351674000,0,343.48788034,5.8100
1622171351674000,0,353.96028296,5.8200
1622171351674000,0,294.00000000,5.8200
1622171351674000,0,367.16376036,5.8200
1622171738077000,0,140.17820069,5.7800
1622171742230000,0,6.40138408,5.7800
1622171779658000,1,365.88634516,5.7500
1622171779658000,1,142.58436038,5.7500
1622171779658000,1,252.05468387,5.7500
1622171853177000,1,358.57281830,5.7600
1622171853177000,1,50.21656223,5.7600
1622171902510000,0,353.32580644,5.7900
1622172269578000,1,677.92974972,5.7600
1622172295612000,1,81.09668989,5.7400
1622172295612000,1,142.76850973,5.7400
1622172295612000,1,366.68930936,5.7400
1622172295612000,1,435.67978333,5.7400
1622172295612000,1,174.18629863,5.7400
1622172295612000,1,290.00000000,5.7300
1622172295612000,1,356.96377260,5.7300
1622172295612000,1,254.92695480,5.7300
1622172685719000,0,173.74460586,5.7600
1622173036425000,0,430.03582923,5.8200
1622173036425000,0,171.96391050,5.8200
1622173036425000,0,353.59882804,5.8200
1622173060130000,0,171.73153848,5.8200
1622173060130000,0,429.40223501,5.8200
1622173145144000,0,8.00000000,5.8400
1622173154680000,1,138.24871000,5.8300
1622173155023000,1,0.00000355,5.8300
1622173312970000,0,170.90922868,5.8500
1622173312970000,0,140.66298146,5.8500
1622173312970000,0,363.08424120,5.8500
1622173312970000,0,1.83784294,5.8600
1622173468097000,0,170.84858522,5.8500
1622173468097000,0,140.70007169,5.8600
1622173468097000,0,195.25142599,5.8600
1622173606075000,1,1116.70280705,5.8200
1622173668011000,1,700.00000000,5.8100
1622173728580000,0,172.41332000,5.8000
1622174074279000,0,3.42783505,5.8200
1622174252952000,0,170.83466000,5.8500
1622174270022000,0,426.23805865,5.8700
1622174270022000,0,128.12224799,5.8700
1622174289273000,1,355.88268000,5.8500
1622174293496000,0,140.33744969,5.8600
1622174293496000,0,359.33086930,5.8600
1622174293496000,0,559.87434312,5.8600
1622174411404000,0,140.31892956,5.8600
1622174411404000,0,137.33380082,5.8600
1622174430330000,1,355.42747000,5.8300
1622174434040000,0,139.30222602,5.8400
1622174464969000,0,1.55807203,5.8400
1622174464969000,0,137.74501016,5.8400
1622174724789000,0,8.56872852,5.8200
1622174965874000,1,173.13836745,5.7800
1622175100140000,0,20.00000000,5.7800
1622175404634000,0,143.26840443,5.7400
1622175578740000,1,50.00000000,5.7000
1622175605900000,0,437.76886524,5.7100
1622175605900000,0,62.23113476,5.7100
1622175636592000,1,16.00000000,5.7200
1622175731834000,0,17.83216783,5.7100
1622175771932000,0,41.22942206,5.7100
1622175823214000,1,175.53814053,5.7000
1622175823214000,1,438.84535132,5.7000
1622175825320000,1,374.74934153,5.6900
1622175841276000,1,450.00000000,5.6900
1622175848345000,1,150.00000000,5.6900
1622175848345000,1,175.83548596,5.6900
1622175875863000,0,5.44815466,5.6900
1622175930643000,1,114.46520811,5.6700
1622175930756000,1,61.95673079,5.6700
1622176028569000,0,38.40070298,5.6900
1622176094315000,0,352.10101266,5.7000
1622176375878000,1,25.00000000,5.6500
1622176385755000,0,46.69434628,5.6600
1622176494827000,1,177.06034478,5.6500
1622176494827000,1,145.26466504,5.6500
1622176494827000,1,50.00000000,5.6500
1622176494827000,1,362.31943071,5.6500
1622176494827000,1,145.50367877,5.6400
1622176494827000,1,386.23700000,5.6400
1622176494827000,1,1152.60809090,5.6400
1622176494827000,1,122.18899000,5.6400
1622176494827000,1,296.00000000,5.6400
1622176494827000,1,166.18022849,5.6400
1622176648078000,0,10.99290780,5.6400
1622176671711000,1,10.00000000,5.6100
1622176671711000,1,50.00000000,5.6100
1622176671711000,1,146.17992525,5.6100
1622176672164000,1,8.00000000,5.6100
1622176672672000,1,50.77007475,5.6100
1622176701214000,0,16.75579323,5.6100
1622176732079000,1,165.42500000,5.6000
1622176732079000,1,500.00000000,5.6000
1622176734936000,0,5.00000000,5.6000
1622176796460000,1,3.58500000,5.5800
1622176796460000,1,381.54390973,5.5800
1622176796460000,1,178.88911341,5.5800
1622176796460000,1,448.25071833,5.5800
1622176797542000,1,89.76660690,5.5700
1622176797542000,1,448.31762987,5.5700
1622176797542000,1,89.61928323,5.5700
1622176827177000,1,9.57999241,5.5700
1622176905978000,1,10.00000000,5.5600
1622176941339000,1,34.86379928,5.5800
1622177014454000,1,179.64698204,5.5600
1622177014454000,1,449.89411693,5.5600
1622177034358000,0,8.94537815,5.5600
1622177039525000,1,900.00000000,5.5500
1622177040268000,0,8.89866966,5.5600
1622177137674000,1,50.00000000,5.5200
1622177137674000,1,169.61594201,5.5200
1622177137677000,1,0.00000001,5.5200
1622177138253000,1,544.00000000,5.5000
1622177138253000,1,4.00000000,5.5000
1622177138253000,1,152.00000000,5.5000
1622177166609000,1,58.00000000,5.5000
1622177166609000,1,10.00000000,5.5000
1622177166609000,1,4.00000000,5.5000
1622177166609000,1,109.87785016,5.5000
1622177174483000,1,90.12214984,5.5000
1622177174483000,1,50.00000000,5.5000
1622177174483000,1,3.64000000,5.5000
1622177174483000,1,142.80363636,5.5000
1622177174483000,1,50.00000000,5.5000
1622177174483000,1,17.57469244,5.5000
1622177174483000,1,4.59000000,5.5000
1622177174511000,0,163.43421136,5.5000
1622177174826000,1,181.89300172,5.5000
1622177175595000,0,10.36363636,5.5000
1622177180427000,0,4.54545455,5.5000
1622177182832000,0,16.18181818,5.4900
1622177182953000,1,4.00000000,5.4800
1622177182953000,1,57.77495095,5.4700
1622177189062000,1,182.56671000,5.4800
1622177231689000,1,4.01000000,5.4600
1622177239217000,0,182.67580997,5.4700
1622177240526000,1,402.68982074,5.4700
1622177253392000,1,300.00000000,5.4600
1622177253392000,1,183.24668579,5.4600
1622177253857000,1,66.75331421,5.4600
1622177255250000,1,183.14768998,5.4600
1622177256537000,1,183.14768998,5.4500
1622177257239000,1,1193.56946367,5.4400
1622177257239000,1,458.85397261,5.4400
1622177257239000,1,183.14768998,5.4400
1622177257945000,1,106.79280000,5.4300
1622177258042000,1,47.38668282,5.4200
1622177258042000,1,160.43750835,5.4200
1622177258782000,1,279.00000000,5.4200
1622177258782000,1,386.23700000,5.4200
1622177258782000,1,19.00000000,5.4100
1622177258782000,1,215.76300000,5.4100
1622177310621000,1,234.76300000,5.4200
1622177310724000,0,115.83963000,5.4200
1622177311047000,0,234.76300000,5.4200
1622177313137000,0,0.00000071,5.4200
1622177377507000,0,64.06605504,5.4500
1622177396108000,0,50.00000000,5.4400
1622177433173000,0,60.32848357,5.4700
1622177433173000,0,387.54577620,5.4700
1622177433173000,0,124.84128000,5.4700
1622177433173000,0,181.83290629,5.4700
1622177531191000,0,10.00000000,5.4900
1622177531507000,0,272.67759562,5.4900
1622177604536000,1,264.60715901,5.4700
1622177613515000,0,100.00000000,5.4900
1622177637862000,1,576.18430656,5.4800
1622177643321000,0,59.96284965,5.4900
1622177643321000,0,182.28218762,5.4900
1622177643321000,0,18.77409294,5.4900
1622177683822000,1,128.60159209,5.4500
1622177732215000,0,58.77513711,5.4700
1622177876455000,0,14.55407464,5.4700
1622177876517000,0,168.42276915,5.4700
1622177911430000,1,32.67741935,5.4800
1622177912462000,1,149.88325000,5.4800
1622177950008000,0,181.78506375,5.4900
1622178009478000,1,38.40070298,5.4500
1622178124244000,0,37.88545454,5.5000
1622178138679000,1,182.25178568,5.4900
1622178138679000,1,377.31936171,5.4900
1622178138682000,1,75.41720612,5.4900
1622178315707000,1,383.85995229,5.4800
1622178397134000,1,126.23294509,5.4900
1622178419502000,0,181.65826899,5.5100
1622178420022000,0,1301.00000000,5.5200
1622178420022000,0,181.25547621,5.5200
1622178423876000,0,250.00000000,5.5200
1622178426645000,0,367.06401226,5.5200
1622178457807000,0,1176.73116215,5.5300
1622178457807000,0,220.45690294,5.5300
1622178512801000,0,452.60173936,5.5300
1622178512801000,0,181.04614897,5.5300
1622178547711000,0,180.71881756,5.5300
1622178547711000,0,451.82145898,5.5300
1622178597004000,0,180.38170387,5.5400
1622178621512000,0,372.30648186,5.5500
1622178621512000,0,148.44286561,5.5500
1622178621512000,0,360.10290478,5.5500
1622178691592000,0,180.07297074,5.5500
1622178691592000,0,179.56666889,5.5500
1622178753474000,0,24.40647482,5.5600
1622178802571000,0,179.80004000,5.5600
1622178876293000,0,179.75086430,5.5600
1622178876293000,0,17.58726519,5.5600
1622178928620000,0,147.62214878,5.5700
1622178928620000,0,352.37785122,5.5700
1622178930744000,0,814.31066043,5.5700
1622178930744000,0,185.68933957,5.5700
1622178978783000,1,2963.08905580,5.5500
1622178979071000,1,602.04643000,5.5500
1622178979183000,1,500.00000000,5.5500
1622178979280000,1,600.00000000,5.5500
1622178979287000,1,2965.13767150,5.5500
1622178979363000,1,600.00000000,5.5500
1622178979428000,1,300.00000000,5.5500
1622178979520000,1,100.00000000,5.5500
1622178979621000,1,50.00000000,5.5500
1622178979731000,1,100.00000000,5.5500
1622178979780000,1,2964.82377503,5.5500
1622178980004000,1,750.00000000,5.5500
1622178993462000,1,2964.90477538,5.5500
1622178993982000,1,1666.72622021,5.5500
1622179002057000,0,180.11349000,5.5500
1622179002139000,0,0.00000327,5.5500
1622179032267000,0,180.38093377,5.5500
1622179040074000,0,70.07951887,5.5600
1622179091027000,1,382.54267431,5.5400
1622179094397000,0,180.47192349,5.5400
1622179094397000,0,451.23549651,5.5400
1622179105795000,0,180.37910252,5.5400
1622179105795000,0,451.08279283,5.5400
1622179141446000,0,181.06625957,5.5200
1622179240392000,0,102.35315315,5.5500
1622179332384000,0,181.06720044,5.5200
1622179390589000,1,30.00000000,5.5100
1622179390589000,1,35.00000000,5.5100
1622179596956000,1,21.34375256,5.5400
1622179908835000,0,179.41028000,5.5700
1622179908856000,0,448.40927746,5.5800
1622179908856000,0,104.29997946,5.5900
1622179908857000,0,264.85432767,5.5900
1622179908857000,0,287.85492925,5.5900
1622179908866000,0,552.70925692,5.5900
1622179908874000,0,58.73294832,5.5900
1622179911012000,1,22.27179485,5.5800
1622179911029000,1,253.09077364,5.5800
1622179911033000,1,227.90947721,5.5800
1622179911035000,1,240.50543546,5.5800
1622179911067000,1,178.90844861,5.5800
1622179920871000,0,17.70506896,5.6000
1622180035520000,0,48.93333333,5.5500
1622180040273000,0,7.43706828,5.5500
1622180094498000,0,179.80984327,5.5600
1622180235251000,0,179.46082492,5.5700
1622180303766000,0,95.46499102,5.5700
1622180338077000,1,901.40613718,5.5400
1622180403004000,0,181.35694000,5.5100
1622180498400000,0,18.12386156,5.4900
1622180534340000,1,800.00000000,5.4600
1622180534340000,1,99.79913243,5.4600
1622180555328000,1,376.57743519,5.4400
1622180555328000,1,196.23171307,5.4400
1622180555552000,1,194.36697707,5.4400
1622180555552000,1,126.77484000,5.4400
1622180555552000,1,38.49782256,5.4400
1622180555600000,1,28.17000000,5.4400
1622180640352000,1,3.70400000,5.4000
1622180640352000,1,5.55000000,5.4000
1622180640352000,1,220.00000000,5.4000
1622180640352000,1,4.20000000,5.4000
1622180640352000,1,10.00000000,5.4000
1622180640352000,1,4.67000000,5.4000
1622180647265000,0,463.17468672,5.4000
1622180647265000,0,305.00000000,5.4100
1622180647265000,0,138.80160660,5.4100
1622180655536000,0,14.41774492,5.4100
1622180658641000,0,4.06654344,5.4100
1622180699120000,0,363.86821315,5.4000
1622180731207000,0,17.10128225,5.3900
1622180731525000,0,9.44444444,5.3900
1622180731776000,1,85.83226078,5.3600
1622180738493000,1,139.42520189,5.3600
1622180738584000,1,0.00000001,5.3600
1622180741183000,1,1000.00000000,5.3500
1622180741183000,1,11.63738318,5.3500
1622180741183000,1,90.42105263,5.3500
1622180768493000,1,175.35526128,5.3200
1622180788222000,0,381.81120642,5.3500
1622180881717000,0,299.99999999,5.3600
1622180881734000,0,0.00000001,5.3600
1622180966457000,1,29.25793213,5.3500
1622180975563000,1,16.32016037,5.3400
1622181011397000,1,449.92801251,5.3100
1622181015021000,1,50.00000000,5.3000
1622181015021000,1,230.00000000,5.3000
1622181015021000,1,100.00000000,5.3000
1622181037651000,1,4.75803402,5.2900
1622181041107000,0,20.00000000,5.3100
1622181046675000,0,13.37099812,5.3100
1622181058913000,0,3.76836158,5.3100
1622181059348000,1,188.82148007,5.3000
1622181059348000,1,8.51664942,5.3000
1622181061078000,1,192.97570797,5.3000
1622181120338000,0,40.86219412,5.3200
1622181124303000,0,371.40070023,5.3200
1622181380023000,1,24.42857142,5.3500
1622181493807000,0,187.41034127,5.3400
1622181535959000,0,5.61797752,5.3500
1622181600591000,0,148.03110629,5.3600
1622181699128000,0,367.23997864,5.3900
1622181761867000,1,25.00000000,5.4000
1622181779550000,1,157.00000000,5.3800
1622181809736000,0,4.61851851,5.4000
1622181960281000,0,20.89114528,5.3600
1622182080247000,1,154.54460391,5.3100
1622182080247000,1,6.63808645,5.3100
1622182098985000,1,66.05685757,5.3200
1622182355405000,0,188.57150000,5.3000
1622182369054000,1,24.40647482,5.2900
1622182402974000,1,70.11148368,5.2900
1622182414146000,0,8.12854442,5.2900
1622182424586000,1,100.00000000,5.2800
1622182439790000,1,50.28503788,5.2800
1622182448530000,1,400.00000000,5.2800
1622182453479000,0,176.18430000,5.2800
1622182478470000,0,0.00000656,5.2800
1622182577892000,1,188.09196922,5.3200
1622182577892000,1,206.81130691,5.3200
1622182587520000,1,32.42880258,5.3200
1622182596064000,0,187.94316188,5.3200
1622182596064000,0,187.43277796,5.3200
1622182661167000,1,190.15301772,5.2600
1622182675730000,1,546.92000000,5.2500
1622182675730000,1,30.00000000,5.2500
1622182684353000,0,3.80725190,5.2400
1622182689487000,1,603.27533460,5.2300
1622182692931000,1,3.83200000,5.2200
1622182693618000,0,3.82600382,5.2300
1622182694910000,0,11.85468451,5.2300
1622182697667000,1,10.00000000,5.2100
1622182697667000,1,2000.00000000,5.2100
1622182704077000,0,57.34482758,5.2200
1622182712647000,1,240.00000000,5.2000
1622182712647000,1,150.00000000,5.2000
1622182712647000,1,70.00000000,5.2000
1622182712741000,1,12.49603973,5.1900
1622182712804000,1,11.18888889,5.1900
1622182739217000,1,30.72046433,5.1900
1622182756434000,1,157.48771902,5.2100
1622182756692000,0,479.74227098,5.2100
1622182773132000,1,141.44826558,5.1900
1622182773132000,1,608.55173442,5.1900
1622182773690000,1,93.23387766,5.1900
1622182801970000,1,400.00000000,5.1900
1622182801970000,1,350.00000000,5.1900
1622182801970000,1,158.15442445,5.1900
1622182801970000,1,158.21745920,5.1800
1622182801970000,1,330.81618144,5.1800
1622182805740000,1,158.15442000,5.1900
1622182809428000,0,57.56538461,5.2000
1622182813563000,0,7.51445087,5.1900
1622182828265000,0,873.33780138,5.1900
1622182831596000,0,480.95357401,5.2000
1622182831596000,0,192.41330599,5.2000
1622182841167000,1,157.65565844,5.2000
1622182841167000,1,450.00000000,5.1900
1622182841167000,1,209.12938828,5.1900
1622182859418000,1,157.65565000,5.2000
1622182872159000,0,300.00000000,5.2100
1622182872159000,0,388.23271615,5.2100
1622182872159000,0,192.16173045,5.2100
1622182875595000,0,810.19830508,5.2200
1622182892417000,1,100.00000000,5.2200
1622182914385000,0,600.00000000,5.2300
1622182944596000,1,6.66861598,5.2300
1622182988571000,0,927.92613636,5.2800
1622182995131000,0,2048.51940594,5.2800
1622183004906000,0,92.16676542,5.2900
1622183027052000,0,6.63059546,5.2800
1622183027785000,1,2048.51940594,5.2600
1622183040327000,0,9.09532966,5.2600
1622183052287000,1,0.00000844,5.2000
1622183052287000,1,37.88544610,5.2000
1622183164834000,0,190.23216000,5.2600
1622183164857000,0,0.00000493,5.2600
1622183176965000,0,155.91334078,5.2800
1622183176965000,0,386.23700000,5.2800
1622183176965000,0,374.56628487,5.2800
1622183176965000,0,496.03526828,5.2800
1622183191586000,0,190.09641000,5.2600
1622183200333000,0,232.22871652,5.2800
1622183200333000,0,168.30916226,5.2800
1622183205041000,0,156.21425476,5.2700
1622183205041000,0,217.92783774,5.2700
1622183205041000,0,189.79526648,5.2700
1622183205041000,0,133.32829566,5.2700
1622183206037000,0,10.36484245,5.2700
1622183239741000,0,157.05350191,5.2400
1622183257157000,1,269.97443356,5.2100
1622183280443000,1,157.31357433,5.2100
1622183280443000,1,22.46222695,5.2100
1622183287583000,1,191.70082479,5.2200
1622183287583000,1,300.00000000,5.2200
1622183287583000,1,148.29917521,5.2200
1622183309664000,1,350.00000000,5.2400
1622183309782000,1,17.99883281,5.2400
1622183319379000,0,15.13345818,5.2700
1622183351282000,0,155.78193000,5.2600
1622183376721000,0,2048.51940594,5.2600
1622183400440000,0,22.08915530,5.2500
1622183445881000,1,2048.51940594,5.2300
1622183478469000,1,38.17624521,5.2100
1622183529372000,0,76.83397683,5.1800
1622183532240000,1,25.00000000,5.1700
1622183602424000,0,192.27815474,5.2000
1622183616486000,0,482.49332000,5.1800
1622183627918000,1,158.32874695,5.1700
1622183628050000,0,158.44304941,5.1700
1622183640450000,1,238.46385896,5.1500
1622183654444000,0,3.88543000,5.1500
1622183654444000,0,6.98835641,5.1500
1622183654777000,1,4.90466926,5.1400
1622183656088000,0,3.88543689,5.1500
1622183666674000,0,2035.34466019,5.1400
1622183678978000,1,374.37632385,5.1400
1622183678978000,1,304.00000000,5.1400
1622183678978000,1,386.23700000,5.1400
1622183678978000,1,65.00000000,5.1300
1622183678978000,1,5.00000000,5.1300
1622183678978000,1,134.43570000,5.1300
1622183678978000,1,293.00000000,5.1300
1622183678978000,1,63.14276715,5.1300
1622183690187000,1,194.23327652,5.1500
1622183690187000,1,123.10703451,5.1500
1622183708532000,0,261.52514506,5.1900
1622183722443000,0,500.00000000,5.1900
1622183722443000,0,376.88516087,5.1900
1622183738705000,0,192.15730809,5.2000
1622183738705000,0,250.00000000,5.2000
1622183749481000,0,1786.99426088,5.2100
1622183829451000,0,191.31238121,5.2300
1622183857429000,0,190.79702281,5.2400
1622183857429000,0,476.83368402,5.2400
1622183894217000,0,50.00000000,5.2600
1622183894217000,0,190.02583572,5.2600
1622183915318000,0,3.88543000,5.2800
1622183915318000,0,6.98835641,5.2800
1622183926774000,0,3.88543689,5.3000
1622183926774000,0,108.84504415,5.3100
1622183938634000,0,147.15495585,5.3100
1622183938634000,0,102.84504415,5.3100
1622184005937000,1,200.00000000,5.3100
1622184005937000,1,359.41774102,5.3100
1622184018610000,1,470.75923777,5.3100
1622184018624000,1,188.30369511,5.3100
1622184019595000,1,707.50155000,5.3100
1622184019675000,1,681.95492000,5.3100
1622184019698000,1,0.00000306,5.3100
1622184034375000,0,188.22501092,5.3100
1622184034375000,0,0.74297401,5.3100
1622184034995000,0,153.93663000,5.3100
1622184069861000,1,100.00000000,5.3000
1622184120302000,0,407.52357571,5.3000
1622184211123000,0,7.51445087,5.3200
1622184211123000,0,188.04259223,5.3200
1622184231323000,1,38.17624521,5.3200
1622184295823000,1,50.00000000,5.3500
1622184365919000,0,11.85468451,5.3600
1622184404087000,0,3.82600382,5.3800
1622184404087000,0,101.37845714,5.3800
1622184447938000,1,845.79591836,5.3900
1622184497312000,0,3.77600000,5.4000
1622184497502000,0,192.93900184,5.4100
1622184508374000,0,98.90790364,5.4100
1622184533018000,0,5.53049907,5.4100
1622184606050000,0,18.35839254,5.4200
1622184654601000,1,783.90706319,5.3800
1622184660110000,0,80.23100762,5.3800
1622184705970000,1,15.00000000,5.3400
1622184727706000,0,127.81360000,5.3400
1622184755060000,0,138.10727812,5.3800
1622184761996000,0,356.88468162,5.3800
1622184761996000,0,460.50528387,5.3800
1622184761996000,0,184.30255098,5.3800
1622184761996000,0,34.06876362,5.3900
1622184761996000,0,310.00000000,5.3900
1622184761996000,0,249.88300072,5.3900
1622184761996000,0,1196.71260226,5.3900
1622184761996000,0,88.69710903,5.3900
1622184761996000,0,152.87315389,5.3900
1622184761996000,0,153.20454184,5.4000
1622184761996000,0,282.00000000,5.4000
1622184761996000,0,121.67131154,5.4000
1622184769518000,0,153.01131259,5.3800
1622184769518000,0,22.68943090,5.3800
1622184822073000,0,140.51797562,5.3500
1622184822079000,0,0.00000001,5.3500
1622184837120000,1,153.86386887,5.3300
1622184837120000,1,388.28413287,5.3300
1622184837120000,1,129.45498000,5.3300
1622184837120000,1,550.00000000,5.3300
1622184837120000,1,187.73100972,5.3300
1622184837120000,1,323.00000000,5.3200
1622184837120000,1,1301.00000000,5.3200
1622184837120000,1,384.65967216,5.3200
1622184837120000,1,172.80933575,5.3200
1622184848717000,0,138.38231254,5.3400
1622184858032000,0,5.55726043,5.3600
1622184905057000,0,100.00000000,5.3600
1622184932212000,0,132.06936666,5.3600
1622184942217000,0,783.90706319,5.3800
1622184995724000,1,45.50649000,5.3800
1622185007337000,1,0.00000350,5.3800
1622185010034000,0,130.48635352,5.3900
1622185010034000,0,54.11937480,5.3900
1622185011816000,0,129.08631090,5.3900
1622185151973000,0,4.63233182,5.3700
1622185268697000,1,25.75540765,5.3300
1622185336842000,1,5.61797752,5.3300
1622185371943000,1,90.89681000,5.3300
1622185372381000,1,0.00000050,5.3300
1622185372523000,0,8.17624471,5.3300
1622185461806000,1,30.00000000,5.3100
1622185487323000,0,3.07037716,5.3000
1622185501968000,0,3.77547170,5.3000
1622185550159000,0,5.66037735,5.3000
1622185561944000,0,110.97181601,5.2800
1622185569269000,0,11.17424242,5.2800
1622185601663000,0,29.99999999,5.3000
1622185601877000,0,0.00000001,5.3000
1622185625603000,0,4.00000000,5.3100
1622185654724000,0,702.34729894,5.3200
1622185676204000,0,92.39311701,5.3200
1622185698498000,0,90.37677476,5.3300
1622185728327000,0,88.32287000,5.3200
1622185734691000,0,220.26691991,5.3300
1622185734691000,0,88.02269343,5.3300
1622185737453000,0,79.38212083,5.3300
1622185748097000,0,63.80579701,5.3400
1622185819166000,0,94.52334241,5.3600
1622185908163000,1,186.65302000,5.3600
1622185914093000,1,500.00000000,5.3500
1622185914093000,1,387.26237811,5.3500
1622185914093000,1,153.30042053,5.3500
1622185914093000,1,186.85862247,5.3500
1622185914093000,1,128.88634000,5.3500
1622185914093000,1,467.21983545,5.3500
1622185914093000,1,2000.49300000,5.3500
1622185914232000,0,153.17742651,5.3500
1622185914283000,0,2025.31009381,5.3500
1622185989925000,0,172.76887361,5.3800
1622185989925000,0,431.84236105,5.3800
1622186004088000,0,141.43081215,5.4000
1622186011749000,0,380.09253558,5.4000
1622186015634000,0,143.44291056,5.4000
1622186031665000,0,11.17424242,5.4100
1622186031665000,0,349.86010985,5.4100
1622186031665000,0,65.46472351,5.4100
1622186040304000,1,151.92358697,5.3900
1622186044085000,0,132.30407877,5.4000
1622186082586000,0,7.62407407,5.4000
1622186094171000,0,129.37933000,5.3900
1622186157425000,0,8.12854442,5.4300
1622186157425000,0,71.87145558,5.4300
1622186182973000,0,13.37099812,5.4400
1622186182973000,0,9.99999188,5.4400
1622186184827000,0,0.00000812,5.4400
1622186213100000,0,273.91559633,5.4500
1622186246684000,0,372.33731617,5.4500
1622186271795000,0,3.77547170,5.4600
1622186280303000,1,16.72849690,5.4500
1622186296078000,0,2500.00000000,5.4500
1622186331978000,0,3.76836158,5.4700
1622186331978000,0,70.99397845,5.4700
1622186347330000,0,35.79197080,5.4800
1622186400321000,0,26.46450614,5.4700
1622186429942000,0,31.94862385,5.4500
1622186473438000,0,2500.00000000,5.4500
1622186516205000,1,2000.00000000,5.4500
1622186529825000,1,773.09375000,5.4400
1622186630410000,0,11.00183823,5.4400
1622186702086000,0,5.00000000,5.4400
1622186767078000,1,84.47802197,5.4000
1622186805059000,0,89.37500000,5.4200
1622186879274000,0,93.39829185,5.4100
1622186884140000,1,370.89114000,5.4000
1622186901087000,1,2031.12754158,5.4100
1622186914380000,1,185.62196065,5.3900
1622186915195000,0,92.39809274,5.3900
1622186915195000,0,231.03976866,5.3900
1622186915195000,0,126.35001000,5.4000
1622186915195000,0,125.56108760,5.4000
1622186915942000,0,3.71243043,5.3900
1622186965789000,1,184.93106561,5.4100
1622186965789000,1,462.32765439,5.4100
1622187014090000,0,10.00000000,5.4200
1622187021255000,0,89.77851044,5.4200
1622187021255000,0,249.02326252,5.4200
1622187034882000,0,103.12500000,5.4300
1622187042174000,0,137.50000000,5.4400
1622187047322000,0,5.41391941,5.4600
1622187070996000,0,150.97672177,5.4500
1622187070996000,0,91.74956933,5.4500
1622187070996000,0,126.75994743,5.4500
1622187104631000,0,56.07923684,5.4300
1622187130050000,1,184.54500281,5.4200
1622187132215000,0,4.57272461,5.4200
1622187171182000,0,89.56102000,5.4300
1622187229628000,0,48.69287020,5.4700
1622187296176000,1,183.27925000,5.4600
1622187303833000,0,92.75627482,5.4600
1622187303833000,0,61.44152737,5.4600
1622187389274000,1,54.47216472,5.4200
1622187434045000,1,250.00000000,5.4300
1622187544215000,0,78.61059460,5.3900
1622187544215000,0,196.52648650,5.3900
1622187580856000,0,72.37594000,5.3800
1622187581055000,0,0.00000782,5.3800
1622187603897000,0,70.72102403,5.3900
1622187662060000,0,66.02722565,5.3900
1622187684524000,1,185.97005000,5.3800
1622187685038000,1,0.00000466,5.3800
1622187803035000,0,4.64432029,5.3700
1622187844593000,0,67.29595863,5.3800
1622187867909000,0,65.80119568,5.3900
1622187895013000,0,64.66036903,5.4000
1622187949330000,0,63.39597667,5.4000
1622187966610000,0,61.94741474,5.4000
1622187966610000,0,154.63122158,5.4000
1622187966610000,0,152.32339343,5.4000
1622187966610000,0,402.18445509,5.4000
1622187966610000,0,258.67533334,5.4000
1622188025307000,0,46.93079799,5.3500
1622188038495000,0,117.13495051,5.3600
1622188038495000,0,305.30144966,5.3600
1622188038495000,0,46.83361678,5.3600
1622188080299000,1,19.36744364,5.3600
1622188082331000,0,30.74548556,5.3700
1622188082331000,0,262.49291233,5.3700
1622188082331000,0,76.85457169,5.3700
1622188082331000,0,199.34916477,5.3700
1622188138405000,1,43.60934579,5.3500
1622188140598000,0,11.58878505,5.3500
1622188142244000,0,11.78198000,5.3500
1622188155688000,1,112.95407000,5.3500
1622188163073000,1,386.02080349,5.3400
1622188264230000,0,21.03240000,5.3600
1622188296266000,1,121.03240000,5.3900
1622188507539000,0,55.21226609,5.4200
1622188507539000,0,143.33301290,5.4200
1622188507539000,0,22.05627313,5.4200
1622188507821000,1,8.53313422,5.4200
1622188553790000,0,17.08537232,5.4300
1622188636097000,0,16.73630612,5.4300
1622188636097000,0,16.69717710,5.4300
1622188642424000,0,16.72996055,5.4300
1622188642424000,0,39.95727489,5.4300
1622188642424000,0,103.69471965,5.4300
1622188650391000,0,29.63235294,5.4400
1622188659743000,0,12.36378807,5.4300
1622188734839000,0,12.22823200,5.4500
1622188757388000,0,29.94396204,5.4500
1622188757388000,0,77.69430984,5.4500
1622188758221000,0,11.93820797,5.4600
1622188778926000,0,8.74137609,5.4600
1622188782731000,0,25.75723729,5.4700
1622188782731000,0,8.71875249,5.4700
1622188783730000,1,182.94809000,5.4700
1622188808414000,1,73.68336314,5.4500
1622188828347000,0,12.18369000,5.4400
1622188967323000,0,55.42222222,5.4000
1622189076218000,1,170.00000000,5.4500
1622189112772000,0,11.58878505,5.4800
1622189112772000,0,1926.84809440,5.4800
1622189153931000,0,149.67446274,5.5100
1622189153931000,0,181.63830892,5.5100
1622189153931000,0,453.88935194,5.5100
1622189153931000,0,523.86061956,5.5200
1622189153931000,0,293.00000000,5.5200
1622189153931000,0,579.02457952,5.5200
1622189154595000,0,149.41200734,5.5100
1622189154595000,0,599.90626684,5.5200
1622189154595000,0,51.60559071,5.5200
1622189154595000,0,95.79608439,5.5200
1622189154664000,0,18.65579710,5.5200
1622189154733000,0,252.33031634,5.5200
1622189154733000,0,379.00000000,5.5200
1622189154733000,0,255.51569815,5.5200
1622189164547000,0,27.18511796,5.5100
1622189172291000,0,181.72567000,5.5000
1622189182477000,0,15.03448275,5.5100
1622189256617000,1,2048.51940594,5.4800
1622189280297000,1,22.24010447,5.4700
1622189335334000,1,5.66037735,5.4500
1622189378686000,1,5.53049907,5.4400
1622189408485000,1,641.43899000,5.4600
1622189475827000,1,443.41545286,5.4400
1622189479651000,1,75.00000000,5.4300
1622189482631000,1,15.03448275,5.4100
1622189490553000,1,184.64241613,5.4100
1622189490553000,1,151.40393026,5.4000
1622189490553000,1,462.03316596,5.4000
1622189490553000,1,306.00000000,5.3900
1622189490553000,1,529.63185784,5.3900
1622189490553000,1,378.79482716,5.3800
1622189490553000,1,168.58112533,5.3800
1622189520357000,0,15.78089877,5.4200
1622189527154000,1,27.18511796,5.3900
1622189537950000,0,5.56586270,5.4300
1622189921812000,0,27.38391224,5.4700
1622190003727000,1,183.11044000,5.4600
1622190052769000,0,184.02386084,5.4300
1622190149881000,0,40.00000000,5.4200
1622190191950000,0,461.92631076,5.4100
1622190191950000,0,353.80314531,5.4100
1622190213247000,1,185.23349000,5.4000
1622190413923000,1,185.05376908,5.4000
1622190429792000,0,11.48148148,5.4000
1622190467819000,0,51.60559071,5.4000
1622190469382000,0,100.51548134,5.4000
1622190514624000,0,25.00000000,5.3900
1622190554099000,0,72.61168273,5.3900
1622190568743000,0,773.18423563,5.3900
1622190829078000,0,461.75184432,5.4200
1622190829078000,0,319.16697486,5.4200
1622190886313000,1,385.27029000,5.4000
1622190915126000,1,384.12235000,5.3700
1622191036628000,1,184.92460000,5.4100
1622191146083000,1,463.24201172,5.4000
1622191534485000,0,44.22920517,5.4100
1622191590316000,1,846.57355679,5.3700
1622191636315000,0,465.22523423,5.3800
1622191636315000,0,186.01562490,5.3800
1622191643967000,1,500.00000000,5.3700
1622191694568000,1,186.91000000,5.3500
1622191702593000,1,4.10000000,5.3400
1622191704701000,0,467.05272575,5.3500
1622191704701000,0,187.14291161,5.3500
1622192012356000,0,633.86246123,5.3300
1622192015859000,0,13.13320826,5.3300
1622192050958000,0,225.25746268,5.3200
1622192055162000,0,11.09022556,5.3200
1622192058723000,1,4.10000000,5.3000
1622192058723000,1,10.00000000,5.3000
1622192058723000,1,4.77653631,5.3000
1622192059246000,1,5.41391941,5.2900
1622192096148000,0,3.78260870,5.2900
1622192109693000,1,4.10000000,5.2600
1622192109863000,1,20.29520295,5.2500
1622192109863000,1,35.12701927,5.2400
1622192115108000,1,550.00000000,5.2500
1622192128346000,1,3.88697318,5.2200
1622192128346000,1,4.10000000,5.2200
1622192128573000,0,900.00000000,5.2200
1622192154098000,1,400.53787878,5.2100
1622192171661000,1,60.20831596,5.2100
1622192171661000,1,400.00000000,5.2100
1622192181789000,1,50.00000000,5.2000
1622192200138000,0,10.57692308,5.2000
1622192200355000,0,1.73076692,5.2000
1622192200355000,0,2.11731000,5.2000
1622192200515000,1,4.10000000,5.1800
1622192202858000,1,585.62669245,5.1700
1622192202858000,1,350.00000000,5.1700
1622192210930000,1,4.96116504,5.1500
1622192215757000,1,1000.00000000,5.1400
1622192215757000,1,273.00000000,5.1300
1622192215757000,1,124.14893617,5.1300
1622192216948000,1,35.55727386,5.1300
1622192216948000,1,0.23469694,5.1300
1622192223973000,0,84.47802196,5.1600
1622192225338000,0,0.00000001,5.1600
1622192237379000,0,12.01550388,5.1600
1622192257763000,0,160.65133540,5.1300
1622192257763000,0,294.00000000,5.1300
1622192257763000,0,199.72850956,5.1300
1622192275042000,1,104.57023060,5.1200
1622192303754000,0,374.33889088,5.1900
1622192303754000,0,27.49347906,5.1900
1622192422351000,1,20.00000000,5.1400
1622192432310000,0,194.04925281,5.1500
1622192436536000,1,398.91727794,5.1300
1622192436536000,1,134.24833000,5.1300
1622192436536000,1,388.82818822,5.1300
1622192436536000,1,78.00620384,5.1300
1622192454220000,0,350.00000000,5.1400
1622192462393000,0,3.87378640,5.1500
1622192473801000,1,50.00000000,5.1000
1622192473801000,1,250.00000000,5.1000
1622192473801000,1,10.00000000,5.1000
1622192473801000,1,4.10000000,5.1000
1622192473801000,1,24.99999999,5.1000
1622192473867000,1,0.00000001,5.1000
1622192474140000,1,12.49837373,5.0800
1622192479096000,0,300.00000000,5.1000
1622192479183000,0,575.23641512,5.1000
1622192479293000,0,308.48410673,5.1000
1622192486918000,0,398.50292397,5.1200
1622192503808000,0,3.90820313,5.1200
1622192510908000,0,194.95065897,5.1300
1622192518910000,0,276.12336377,5.1200
1622192538535000,1,250.00000000,5.1200
1622192539624000,0,9.37500000,5.1200
1622192563760000,1,24.32762836,5.0800
1622192582928000,0,773.09375000,5.1000
1622192585069000,1,152.17799352,5.0900
1622192642769000,0,43.03482587,5.1100
1622192645208000,0,329.72276162,5.1100
1622192685952000,0,394.53940062,5.1200
1622192736350000,0,193.67565085,5.1600
1622192736350000,0,300.00000000,5.1600
1622192736350000,0,191.43481426,5.1600
1622192750081000,0,35.42635658,5.1600
1622192854654000,0,17.03438000,5.1000
1622192856101000,0,0.00000180,5.1000
1622192870966000,0,196.31226000,5.0900
1622192873384000,1,35.42635658,5.0800
1622192896181000,1,113.28009828,5.1000
1622192926997000,1,4.10000000,5.0600
1622192926997000,1,5.10000000,5.0600
1622192926997000,1,197.54147605,5.0600
1622192944440000,0,372.61786000,5.0900
1622192971841000,1,492.58745500,5.0700
1622192975458000,1,24.06779008,5.0600
1622192991145000,0,197.24834217,5.0700
1622193001460000,0,196.57963000,5.0900
1622193009488000,0,1150.00000000,5.1000
1622193012044000,0,465.28372352,5.1000
1622193042630000,0,97.80392156,5.1000
1622193050335000,1,200.00000000,5.0800
1622193051215000,0,196.76916000,5.0800
1622193084298000,1,54.98822606,5.0900
1622193146421000,1,160.99347357,5.0900
1622193146421000,1,668.37402639,5.0900
1622193146421000,1,501.33610828,5.0900
1622193191977000,1,3.96100000,5.0500
1622193191977000,1,373.27266000,5.0500
1622193192528000,1,626.72734000,5.0500
1622193192528000,1,60.00000000,5.0500
1622193192528000,1,77.23366336,5.0500
1622193192528000,1,100.00000000,5.0500
1622193192528000,1,200.00000000,5.0500
1622193214388000,0,112.70611523,5.0600
1622193268106000,1,138.06168189,5.0800
1622193310586000,0,664.69441714,5.1100
1622193314154000,0,23.52160765,5.1300
1622193319190000,1,5.56586270,5.1200
1622193337886000,1,363.62322237,5.1000
1622193337886000,1,1185.29803921,5.1000
1622193337886000,1,630.00000000,5.1000
1622193344279000,0,34.51542000,5.0900
1622193345154000,0,0.00000047,5.0900
1622193354880000,1,135.61414000,5.0800
1622193354880000,1,233.87209853,5.0800
1622193393001000,0,195.94092000,5.1000
1622193393105000,0,0.00000359,5.1000
1622193424854000,0,5.88235294,5.1100
1622193496210000,0,195.60342179,5.1100
1622193516626000,0,381.83306633,5.1200
1622193526002000,0,195.47695000,5.1200
1622193583615000,0,14.57555970,5.1100
1622193605724000,0,196.36427595,5.0900
1622193605724000,0,153.73552835,5.0900
1622193621160000,0,197.14991304,5.0700
1622193644908000,0,150.00000000,5.0800
1622193678655000,0,197.47435271,5.0600
1622193692541000,0,197.17736009,5.0700
1622193699745000,0,197.07555791,5.0700
1622193718052000,0,197.11788712,5.0700
1622193721610000,0,491.93371365,5.0800
1622193730739000,0,490.94292152,5.0900
1622193730739000,0,196.45408451,5.0900
1622193730739000,0,373.18504851,5.0900
1622193730739000,0,343.31971363,5.0900
1622193805633000,1,161.93866000,5.0600
1622193810202000,0,11.06719368,5.0600
1622193824846000,0,198.23620764,5.0400
1622193859047000,0,8.53174603,5.0400
1622193868390000,1,96.65239043,5.0200
1622193868390000,1,25.00000000,5.0200
1622193868390000,1,254.82565957,5.0200
1622193868674000,1,84.67821230,5.0200
1622193868879000,1,4.10000000,5.0200
1622193871850000,1,911.00768191,5.0200
1622193871850000,1,4.10000000,5.0200
1622193873277000,1,10.00000000,5.0100
1622193873277000,1,386.82350295,5.0100
1622193873277000,1,548.00000000,5.0000
1622193873277000,1,4.00000000,5.0000
1622193873277000,1,50.00000000,5.0000
1622193873277000,1,296.53000000,5.0000
1622193873277000,1,108.54826522,5.0000
1622193873618000,1,891.45173478,5.0000
1622193873618000,1,30.00000000,5.0000
1622193873618000,1,20.00000000,5.0000
1622193873618000,1,60.00000000,5.0000
1622193873618000,1,28.31008340,5.0000
1622193873663000,1,199.51769720,5.0100
1622193873663000,1,171.68991660,5.0000
1622193873663000,1,200.00000000,5.0000
1622193873663000,1,841.54428013,5.0000
1622193894782000,1,27.38391224,5.0100
1622193896609000,0,198.71098277,5.0300
1622193896620000,0,0.00000001,5.0300
1622193985812000,0,199.07758000,5.0200
1622193986062000,0,0.00000419,5.0200
1622193993303000,1,6.00000000,5.0100
1622194000671000,0,198.72365117,5.0300
1622194001035000,0,162.96042662,5.0300
1622194001178000,0,333.84870130,5.0300
1622194009607000,0,199.05191738,5.0200
1622194009607000,0,497.76708279,5.0200
1622194021951000,0,496.60193529,5.0400
1622194021951000,0,198.62657149,5.0400
1622194045758000,1,674.04285000,5.0100
1622194046671000,1,0.00000256,5.0100
1622194052321000,0,199.56488000,5.0100
1622194052729000,0,0.00000316,5.0100
1622194080295000,0,199.48966030,5.0100
1622194080295000,0,160.48621071,5.0100
1622194103006000,1,289.70187796,5.0000
1622194103079000,1,1725.97584191,5.0000
1622194103079000,1,40.00000000,5.0000
1622194103079000,1,13.00000000,5.0000
1622194103079000,1,4.00000000,5.0000
1622194103079000,1,25.00000000,5.0000
1622194103079000,1,700.00000000,5.0000
1622194103227000,1,6.00000000,4.9900
1622194103227000,1,11.28391167,4.9800
1622194103274000,1,152.85194338,4.9800
1622194103274000,1,254.14305662,4.9800
1622194104011000,1,1200.00000000,4.9800
1622194126256000,0,200.23854339,4.9900
1622194137136000,1,164.42174177,4.9800
1622194137136000,1,27.22159156,4.9800
1622194141867000,0,9.88955823,5.0000
1622194147317000,0,1240.11044177,5.0000
1622194157190000,0,199.76717517,5.0100
1622194175144000,0,200.44176000,4.9900
1622194179946000,0,136.53067931,4.9900
1622194191938000,0,200.72985336,4.9800
1622194204294000,0,163.46932069,4.9900
1622194260744000,0,197.98834677,5.0500
1622194260744000,0,550.00000000,5.0500
1622194260744000,0,495.14555401,5.0500
1622194267667000,0,197.45594448,5.0600
1622194270577000,0,197.39526817,5.0700
1622194270577000,0,350.58771027,5.0700
1622194271077000,0,2037.42918038,5.0700
1622194281486000,0,197.90758000,5.0500
1622194281633000,0,0.00000125,5.0500
1622194281633000,0,494.81841088,5.0500
1622194285773000,0,197.53458000,5.0600
1622194297602000,0,197.86341000,5.0500
1622194333336000,0,75.23015873,5.0400
1622194336571000,0,420.72828358,5.0400
1622194336571000,0,198.42493642,5.0400
1622194349876000,0,143.09288537,5.0600
1622194350747000,0,190.51392000,5.0500
1622194356193000,0,182.93330000,5.0500
1622194390596000,0,178.87071338,5.0600
1622194390596000,0,163.12567662,5.0600
1622194410575000,0,427.74369172,5.0500
1622194425999000,0,405.80093910,5.0800
1622194425999000,0,302.81913964,5.0800
1622194440789000,1,367.13080000,5.0600
1622194456970000,0,161.21242000,5.0400
1622194459093000,0,0.00000583,5.0400
1622194459185000,0,217.55578543,5.0500
1622194461040000,0,161.09886000,5.0500
1622194468359000,0,154.24519695,5.0600
1622194492321000,0,151.98587607,5.0600
1622194527901000,0,300.00000000,5.0600
1622194551432000,0,12.64072327,5.0800
1622194551432000,0,650.00000000,5.0800
1622194712087000,1,161.31829133,5.0800
1622194712087000,1,148.81931463,5.0800
1622194717107000,0,366.39089000,5.0900
1622194717593000,0,52.54901960,5.1000
1622194719385000,1,369.39051305,5.0900
1622194754044000,0,139.09429080,5.1100
1622194758077000,1,136.25279757,5.1100
1622194758288000,1,340.67595915,5.1100
1622194772367000,0,200.00000000,5.1100
1622194799688000,1,253.82035750,5.1200
1622194824764000,0,119.86740263,5.1300
1622194824764000,0,299.21136737,5.1300
1622194824851000,0,0.00000515,5.1300
1622194832469000,0,110.34449302,5.1300
1622194838266000,0,107.87040917,5.1300
1622194883078000,0,105.42587100,5.1400
1622194885940000,1,295.88541304,5.1400
1622194895745000,0,103.08843000,5.1300
1622194920309000,0,42.93681455,5.1400
1622194950173000,1,600.00000000,5.1300
1622194950173000,1,331.81438908,5.1300
1622195041407000,0,400.00000000,5.1400
1622195071923000,0,450.00000000,5.1500
1622195094539000,1,51.19660000,5.1500
1622195106029000,1,0.00000194,5.1500
1622195160766000,0,8.53174603,5.1600
1622195176870000,0,11.06719368,5.1900
1622195323959000,0,200.00000000,5.2100
1622195330493000,1,51.77914763,5.2000
1622195341601000,0,3.90500000,5.2200
1622195341601000,0,96.77409016,5.2200
1622195406974000,0,9.37500000,5.2500
1622195532883000,1,8.88020231,5.2300
1622195709110000,1,5.00000000,5.2200
1622195733851000,0,91.09946000,5.2300
1622195747712000,0,87.14860270,5.2300
1622195747712000,0,103.63533611,5.2300
1622195778667000,1,48.69287020,5.2100
1622195840387000,1,50.00000000,5.2000
1622195860670000,0,84.78667000,5.2000
1622195882745000,0,81.01101000,5.2000
1622195883210000,0,0.00000746,5.2000
1622195931145000,0,9.57197696,5.2100
1622195976344000,0,7.65834932,5.2100
1622196000508000,0,14.24201284,5.2300
1622196074874000,1,6.75545953,5.1900
1622196233721000,0,194.08376464,5.1500
1622196242944000,0,6.69417476,5.1600
1622196251329000,0,8.91472868,5.1600
1622196345037000,0,193.30543331,5.1700
1622196345037000,0,208.23172885,5.1700
1622196376287000,1,683.51185000,5.1300
1622196380739000,1,0.00000995,5.1300
1622196447276000,0,170.88667315,5.1200
1622196452430000,0,195.27886000,5.1200
1622196496210000,1,8.87140115,5.1100
1622196496210000,1,60.38517779,5.1100
1622196533885000,0,195.26626738,5.1200
1622196533885000,0,4.73373262,5.1200
1622196562708000,0,195.51477408,5.1200
1622196639886000,0,194.03724926,5.1500
1622196693457000,0,7.41745816,5.1600
1622196799602000,0,388.63147541,5.1600
1622196799602000,0,193.93119980,5.1600
1622196799602000,0,52.27453409,5.1600
1622196904116000,0,6.69615384,5.2000
1622196920982000,0,7.77649325,5.1900
1622197029671000,0,51.50168554,5.2100
1622197126750000,1,190.88130000,5.2400
1622197181539000,0,2048.51940594,5.2500
1622197181952000,1,5.88235294,5.2400
1622197182296000,0,4.00000000,5.2600
1622197296996000,1,391.17250919,5.2200
1622197296996000,1,408.82749081,5.2200
1622197379987000,0,5.74712643,5.2400
1622197394050000,0,191.44532000,5.2200
1622197405628000,0,34.19465648,5.2400
1622197420751000,0,94.17557251,5.2400
1622197445618000,1,1673.88657161,5.2300
1622197502845000,0,478.34016000,5.2300
1622197704088000,1,190.61887122,5.2500
1622197718680000,0,29.15839056,5.2600
1622197727808000,0,94.58411365,5.2600
1622197736895000,0,42.14068441,5.2600
1622197820708000,1,20.12585509,5.2600
1622198040276000,1,393.44021115,5.2300
1622198261954000,0,100.03435114,5.2400
1622198364928000,1,42.86398467,5.2200
1622198545849000,0,3.90820313,5.2700
1622198545849000,0,24.46851695,5.2800
1622198693963000,1,166.37213328,5.2500
1622198728053000,1,190.44379000,5.2500
1622198814450000,1,74.76234003,5.2300
1622198889159000,1,654.37984496,5.2000
1622198929095000,1,126.21438636,5.1900
1622199010896000,1,158.85608000,5.1800
1622199014112000,1,371.68145925,5.1800
1622199057975000,0,390.70914450,5.1800
1622199057975000,0,159.08752362,5.1800
1622199057975000,0,109.06240523,5.1800
1622199094769000,1,364.20572694,5.1700
1622199242714000,0,166.01340996,5.2200
1622199543428000,0,192.25118686,5.2000
1622199543428000,0,230.00145314,5.2000
1622199543541000,0,250.62651401,5.2000
1622199563157000,1,192.82039000,5.1900
1622199569235000,0,192.53112000,5.1900
1622199626912000,1,0.28971008,5.1500
1622199642366000,1,18.65579710,5.1300
1622199904668000,0,192.16034999,5.2000
1622199904687000,0,0.00000001,5.2000
1622200022400000,0,4.00000000,5.2000
1622200045659000,0,4.00000000,5.2000
1622200164809000,0,192.93006382,5.1800
1622200164809000,0,84.66531190,5.1800
1622200242527000,1,450.00000000,5.1500
1622200272273000,1,1481.34420290,5.1300
1622200293089000,0,3.90058480,5.1300
1622200316868000,0,25.27875243,5.1300
1622200332025000,0,31.05252918,5.1400
1622200359561000,0,50.00000000,5.1300
1622200457215000,0,195.92520000,5.1400
1622200457308000,0,0.00000064,5.1400
1622200481270000,0,30.99223300,5.1500
1622200500612000,0,362.16085271,5.1600
1622200578502000,0,2048.51940594,5.1900
1622200583019000,1,1146.26244000,5.1900
1622200583306000,1,202.25696000,5.1900
1622200583754000,1,700.00000594,5.1900
1622200647224000,0,157.84264560,5.2200
1622200647224000,0,86.19566857,5.2200
1622200655352000,0,15.99425287,5.2200
1622200816610000,1,191.91955000,5.2000
1622200860526000,1,44.11934900,5.1600
1622201031310000,0,10.00000000,5.1500
1622201133576000,0,60.00000000,5.1200
1622201168245000,1,5.74712643,5.1200
1622201200770000,0,110.00000000,5.1200
1622201226393000,1,15.00000000,5.1000
1622201233191000,1,33.73280943,5.0900
1622201277433000,0,11.00196464,5.0900
1622201284302000,1,350.00000000,5.0800
1622201284302000,1,56.99500000,5.0700
1622201327598000,1,96.78406000,5.0700
1622201330896000,1,0.00000976,5.0700
1622201332859000,0,8.67850099,5.0700
1622201361027000,1,197.29572235,5.0600
1622201361046000,1,4.01782178,5.0500
1622201361046000,1,3.25917822,5.0500
1622201361681000,1,198.41082127,5.0400
1622201361681000,1,494.43331876,5.0400
1622201362182000,1,198.41082127,5.0200
1622201369458000,1,90.99800000,5.0400
1622201370459000,1,404.59202000,5.0400
1622201373527000,0,198.55307367,5.0400
1622201378297000,0,5.95238095,5.0300
1622201380881000,0,199.02937000,5.0200
1622201388264000,0,199.55804000,5.0100
1622201388952000,0,497.67156128,5.0200
1622201388952000,0,199.26237872,5.0200
1622201389053000,0,0.00000754,5.0200
1622201389053000,0,135.73690246,5.0200
1622201419753000,1,1000.00000000,5.0300
1622201419753000,1,370.23409500,5.0300
1622201419753000,1,198.66880939,5.0300
1622201455610000,0,199.04489781,5.0200
1622201489169000,1,163.02518556,5.0300
1622201489169000,1,50.00000000,5.0300
1622201489169000,1,149.13566715,5.0300
1622201554608000,1,60.00000000,5.0600
1622201571731000,1,197.19053904,5.0700
1622201571731000,1,288.81737096,5.0700
1622201571832000,1,204.61390000,5.0700
1622201603474000,1,20.00000000,5.0700
1622201620019000,0,271.91295379,5.0800
1622201620128000,0,199.57024612,5.0800
1622201634883000,0,193.11900000,5.0700
1622201634884000,0,2664.10300000,5.0700
1622201638317000,1,197.30706882,5.0700
1622201638317000,1,300.00000000,5.0700
1622201668607000,0,161.55200000,5.0700
1622201668844000,0,0.00000453,5.0700
1622201715835000,0,464.97485000,5.1000
1622201715836000,0,703.41012140,5.1000
1622201750692000,0,393.74443131,5.1200
1622201750692000,0,195.39804094,5.1200
1622201750692000,0,108.70713712,5.1200
1622201778094000,0,90.99800000,5.1200
1622201778119000,0,189.73036508,5.1200
1622201778139000,0,119.27163492,5.1200
1622201778139000,0,3.13771376,5.1300
1622201780663000,0,400.00000000,5.1200
1622201832047000,0,350.00000000,5.1300
1622201832047000,0,3.54385964,5.1300
1622201866680000,0,2048.51940594,5.1300
1622201888131000,1,800.00000000,5.1100
1622201891318000,1,50.00000000,5.1000
1622201895644000,1,575.76739775,5.0900
1622201895803000,1,165.19197487,5.0900
1622201898556000,1,401.10643895,5.0700
1622201924093000,1,507.56003332,5.0600
1622201931775000,1,37.22970297,5.0500
1622201931775000,1,450.00000000,5.0500
1622201934809000,0,18.67984189,5.0600
1622201966742000,0,280.46047430,5.0500
1622201999904000,0,141.06547619,5.0400
1622202034160000,1,141.06349206,5.0400
1622202123171000,0,846.57355679,5.0200
1622202184442000,0,199.49618188,5.0100
1622202184442000,0,454.04766812,5.0100
1622202196244000,1,250.00000000,5.0000
1622202196244000,1,1155.48944337,5.0000
1622202196244000,1,22.98850574,5.0000
1622202196244000,1,10.00000000,5.0000
1622202196244000,1,14.65999089,5.0000
1622202197535000,1,0.00000911,5.0000
1622202216149000,0,164.79975384,5.0000
1622202216149000,0,389.69607047,5.0000
1622202216149000,0,107.74473235,5.0000
1622202393961000,0,5.61350000,5.0000
1622202459960000,1,15.87110924,4.9800
1622202472866000,1,14.12889000,4.9800
1622202474509000,1,0.00000076,4.9800
1622202475199000,0,10.24096386,4.9800
1622202476150000,0,4.01807229,4.9800
1622202481304000,0,8.23293173,4.9800
1622202510923000,0,201.58647609,4.9600
1622202510923000,0,165.77183822,4.9700
1622202510923000,0,241.85496536,4.9700
1622202536484000,1,1000.00000000,4.9500
1622202536484000,1,170.50505050,4.9500
1622202536484000,1,50.00000000,4.9500
1622202536772000,1,13.38515284,4.9400
1622202537415000,1,143.09288537,4.9400
1622202544830000,1,34.19465648,4.9400
1622202562272000,1,856.14343000,4.9500
1622202563865000,1,0.00000434,4.9500
1622202600632000,0,23.93002865,4.9200
1622202601088000,0,179.26904000,4.9200
1622202618972000,1,395.28458180,4.9200
1622202618972000,1,166.80530194,4.9200
1622202618972000,1,202.88752415,4.9200
1622202618972000,1,1233.89988257,4.9200
1622202646654000,1,10.00000000,4.9100
1622202646654000,1,100.00000000,4.9100
1622202646654000,1,291.83236994,4.9100
1622202720415000,0,856.14343434,4.9300
1622202785761000,1,1124.72870641,4.9100
1622202798688000,1,50.00000000,4.9000
1622202798688000,1,18.92857142,4.9000
1622202798688000,1,10.00000000,4.9000
1622202798688000,1,122.13673469,4.9000
1622202824398000,0,203.95722846,4.9000
1622202824398000,0,509.89306154,4.9000
1622202828951000,0,203.92904000,4.9000
1622202833066000,1,203.96991132,4.9000
1622202840323000,1,76.12408448,4.8900
1622202861534000,0,621.03608119,4.9200
1622202862837000,1,588.40979296,4.9200
1622202863017000,1,32.62628703,4.9200
1622202863090000,1,0.00000001,4.9200
1622202914755000,0,201.49774406,4.9600
1622202914755000,0,583.42498992,4.9700
1622202914755000,0,9.81066188,4.9700
1622202931349000,0,201.85945738,4.9500
1622202952355000,1,202.11235000,4.9500
1622202970971000,0,50.00000000,4.9600
1622202991819000,1,16.50000000,4.9300
1622203080282000,0,9.03731221,4.9700
1622203200422000,1,15.95267528,4.9600
1622203247481000,1,600.00000000,4.9200
1622203247481000,1,62.24055666,4.9200
1622203292554000,0,2048.51940594,4.9900
1622203296873000,0,200.14701270,4.9900
1622203303261000,0,497.90142172,5.0000
1622203321582000,0,199.60514000,5.0100
1622203327001000,0,300.00000000,5.0200
1622203327143000,0,198.65391837,5.0200
1622203327143000,0,151.34608163,5.0200
1622203328910000,0,140.96819085,5.0300
1622203331150000,0,33.43538767,5.0300
1622203332822000,1,199.03005766,5.0200
1622203334739000,0,199.03724077,5.0200
1622203358979000,1,653.72670000,5.0200
1622203359082000,1,184.71752000,5.0200
1622203359957000,1,0.00000310,5.0200
1622203411226000,1,615.28248000,5.0400
1622203426845000,0,496.11928688,5.0400
1622203426845000,0,163.52185547,5.0400
1622203426845000,0,383.79928291,5.0500
1622203426845000,0,408.93939321,5.0500
1622203426845000,0,296.00000000,5.0500
1622203426845000,0,576.60362933,5.0500
1622203527172000,0,198.00615000,5.0500
1622203527222000,0,0.00000502,5.0500
1622203546491000,0,20.25889328,5.0600
1622203680342000,0,184.34136799,5.0800
1622203697081000,0,196.96773073,5.0800
1622203697137000,0,0.00000001,5.0800
1622203729157000,0,8.00000000,5.1000
1622203739271000,0,0.23293173,5.1000
1622203743916000,0,10.24096386,5.1100
1622203747096000,0,195.02497675,5.1300
1622203747096000,0,564.78056124,5.1400
1622203747096000,0,299.00000000,5.1400
1622203747096000,0,796.39100865,5.1400
1622203781090000,0,195.61290888,5.1100
1622203787143000,0,9.25390625,5.1100
1622203789871000,0,196.05206024,5.1000
1622203813986000,0,196.69958366,5.0800
1622203857899000,1,200.00000000,5.0900
1622203874427000,0,196.33770974,5.0900
1622203877060000,0,196.27179622,5.1000
1622203919674000,0,5.01003753,5.1300
1622203929550000,1,397.29638531,5.1100
1622203929550000,1,1830.59787693,5.1100
1622203973705000,0,160.78489327,5.1300
1622203973705000,0,309.00000000,5.1400
1622203973705000,0,307.57829081,5.1400
1622204008640000,0,8.67850099,5.1900
1622204022817000,0,308.00000000,5.2000
1622204022817000,0,397.67579035,5.2000
1622204022817000,0,298.45690195,5.2000
1622204040299000,0,8.67850099,5.2000
1622204057405000,0,3.84169884,5.1800
1622204204334000,0,139.24038461,5.2000
1622204212670000,0,19.13461538,5.2000
1622204420901000,0,193.28342262,5.1700
1622204536493000,0,1000.00000000,5.2000
1622204608058000,1,192.42998856,5.2000
1622204676101000,0,11.00196464,5.2200
1622204676101000,0,3.96100000,5.2200
1622204685287000,0,4.01807229,5.2400
1622204685287000,0,22.98850574,5.2500
1622204685287000,0,100.00000000,5.2500
1622204685287000,0,35.06837131,5.2500
1622204717469000,1,1331.93142857,5.2500
1622204739483000,0,156.99160705,5.2600
1622204739483000,0,400.51218418,5.2600
1622204739483000,0,386.23700000,5.2600
1622204739483000,0,62.55388557,5.2600
1622204800770000,0,5.67741935,5.2700
1622204956483000,0,12.26860100,5.2800
1622204972602000,0,12.01550388,5.2900
1622204972602000,0,8.91472868,5.2900
1622205142144000,1,382.42504743,5.2700
1622205190407000,1,5.95238095,5.2600
1622205273867000,0,9.36311787,5.2800
1622205296949000,1,368.39921870,5.2600
1622205296949000,1,149.16616521,5.2600
1622205317898000,0,189.85848387,5.2700
1622205385922000,0,5.69259962,5.2800
1622205487521000,0,297.62357343,5.2900
1622205512069000,0,2048.51940594,5.2900
1622205515921000,0,188.96727012,5.2900
1622205554872000,1,21.77039848,5.2700
1622205559770000,1,1750.00000000,5.2700
1622205585292000,0,73.75946969,5.2800
1622205600295000,0,22.44925593,5.2900
1622205917742000,1,320.96866187,5.2900
1622206087913000,0,5.56275228,5.3000
1622206096326000,0,178.51412429,5.3100
1622206152445000,0,371.00000000,5.3000
1622206198769000,0,188.93863269,5.2900
1622206198769000,0,155.68772812,5.3000
1622206198769000,0,383.73254742,5.3000
1622206198769000,0,72.12022126,5.3000
1622206258913000,0,188.27914362,5.3100
1622206258913000,0,470.55959000,5.3100
1622206297033000,0,10.57692307,5.3300
1622206297034000,0,0.00000001,5.3300
1622206302512000,0,1.73076692,5.3500
1622206302512000,0,2.11731000,5.3500
1622206302512000,0,47.38668282,5.3600
1622206302512000,0,126.04480756,5.3600
1622206351528000,1,19.88694444,5.3500
1622206440377000,0,37.40699968,5.3200
1622206522535000,0,187.67882529,5.3300
1622206522535000,0,18.44457544,5.3300
1622206564807000,0,76.43285948,5.3400
1622206625723000,0,17.71401869,5.3500
1622206664406000,0,37.19626168,5.3500
1622206693680000,0,30.49625468,5.3400
1622206802141000,0,9.29906542,5.3500
1622206829895000,0,186.37894792,5.3700
1622206840957000,0,77.23366336,5.3900
1622206840957000,0,1966.52379418,5.3900
1622206844926000,0,10.00000000,5.4000
1622206844926000,0,3.83000000,5.4000
1622206844926000,0,585.62669245,5.4000
1622206844926000,0,3.90058480,5.4000
1622206867002000,0,21.56805197,5.4300
1622206916425000,0,3.78260870,5.4400
1622206920343000,0,11.09022556,5.4500
1622206920343000,0,0.59133399,5.4600
1622206944959000,1,388.02777835,5.4300
1622206973545000,1,386.75991706,5.4300
1622206998995000,1,5.56286970,5.4300
1622207058092000,0,13.13320000,5.4700
1622207093798000,0,0.00000826,5.4700
1622207139143000,0,151.58110947,5.4500
1622207139259000,1,848.41889053,5.4500
1622207143976000,0,328.21532846,5.4500
1622207155226000,0,43.75380414,5.4500
1622207155226000,0,151.71888891,5.4500
1622207155226000,0,126.91980000,5.4500
1622207155226000,0,27.60750695,5.4500
1622207167191000,1,2042.95653624,5.4300
1622207168992000,0,100.00000000,5.4400
1622207171700000,1,375.86132776,5.4200
1622207269589000,0,1000.00000000,5.4300
1622207296891000,0,184.01115637,5.4300
1622207306616000,1,361.37322791,5.4300
1622207306616000,1,151.30074591,5.4300
1622207306616000,1,296.00000000,5.4300
1622207306616000,1,127.39531000,5.4300
1622207306616000,1,183.90114863,5.4300
1622207306616000,1,460.23767956,5.4300
1622207306616000,1,151.73069579,5.4200
1622207306616000,1,297.00000000,5.4200
1622207306616000,1,296.04464000,5.4100
1622207384072000,1,100.00000000,5.4200
1622207400831000,1,184.27889000,5.4300
1622207486444000,1,5.00000000,5.4000
1622207486444000,1,250.00000000,5.4000
1622207486444000,1,18.91559633,5.3900
1622207655177000,0,13.85281385,5.3900
1622207716315000,1,800.00000000,5.3700
1622207724537000,0,13.96648045,5.3700
1622207727061000,0,12.29050279,5.3700
1622207751522000,0,100.00000000,5.3800
1622207847352000,0,50.25000000,5.3800
1622207926316000,0,152.67394000,5.4100
1622207980470000,0,28.24734523,5.4200
1622208067107000,1,184.64653058,5.4200
1622208240249000,0,18.21626617,5.4100
1622208257346000,0,357.60210000,5.4100
1622208374648000,0,457.60210000,5.3700
1622208394590000,1,186.55620257,5.3600
1622208394590000,1,153.53902477,5.3600
1622208394590000,1,389.26202262,5.3600
1622208394590000,1,109.08697314,5.3600
1622208395090000,0,20.00000000,5.3700
1622208402559000,1,9.25390625,5.3600
1622208598804000,0,379.14336054,5.3900
1622208742218000,1,826.84317343,5.4100
1622208903369000,0,262.28413284,5.4200
1622208927078000,0,9.94347222,5.4300
1622208934377000,1,183.89091000,5.4400
1622208941855000,0,10.00000000,5.4500
1622208970007000,0,182.98576924,5.4700
1622209032362000,1,73.75946969,5.4600
1622209102373000,1,23.50912000,5.4600
1622209121747000,1,0.00000408,5.4600
1622209121747000,1,27.30218592,5.4600
1622209121819000,1,0.00001188,5.4600
1622209145336000,0,369.42567613,5.4500
1622209175203000,1,5.69259962,5.4400
1622209214909000,1,183.27293741,5.4600
1622209214909000,1,458.15549746,5.4600
1622209375175000,0,5.49450549,5.4600
1622209436977000,0,460.05809455,5.4400
1622209436977000,0,151.77867294,5.4400
1622209436977000,0,184.00161699,5.4400
1622209436977000,0,390.31808688,5.4400
1622209436977000,0,109.38143042,5.4500
1622209530049000,1,184.65351327,5.4200
1622209553642000,1,130.62245841,5.4100
1622209560315000,0,9.12041099,5.4200
1622209718052000,0,24.28832116,5.4800
1622209834719000,0,182.78095500,5.4700
1622209849601000,0,249.99999999,5.4800
1622209849623000,0,0.00000001,5.4800
1622209874384000,0,82.00000000,5.4900
1622209874384000,0,182.07740566,5.4900
1622209874384000,0,455.19351414,5.4900
1622209880942000,0,455.27528821,5.4900
1622209891187000,0,35.00000000,5.4900
1622209923267000,0,182.01629701,5.4900
1622209935113000,0,182.10841923,5.4900
1622209935113000,0,455.32477194,5.4900
1622209956071000,0,500.00000000,5.5000
1622209956071000,0,12.29050279,5.5000
1622209956071000,0,350.57227703,5.5000
1622209961568000,0,20.29520295,5.5100
1622209961568000,0,13.96648045,5.5100
1622209964674000,0,2000.00000871,5.5200
1622209966066000,0,11.48148148,5.5300
1622210359979000,0,14.41774492,5.5400
1622210359979000,0,9.44444444,5.5400
1622210597126000,1,150.37264926,5.4600
1622210597126000,1,15.64076070,5.4600
1622210646851000,0,55.65573770,5.4900
1622210778010000,0,455.02121526,5.5000
1622210778010000,0,181.96702474,5.5000
1622210778045000,0,0.00001399,5.5000
1622210780529000,0,181.33921666,5.5200
1622210780529000,0,336.98610000,5.5200
1622210780529000,0,304.00000000,5.5300
1622210780529000,0,452.53332832,5.5300
1622210780529000,0,1002.12386011,5.5300
1622210790817000,0,264.16962864,5.5200
1622210838318000,0,826.84317000,5.5200
1622210838327000,0,0.00000343,5.5200
1622210934159000,0,180.75981863,5.5300
1622210934159000,0,451.93214360,5.5300
1622211033428000,0,61.96925858,5.5300
1622211171550000,1,400.00000000,5.4700
1622211171640000,1,432.05839416,5.4700
1622211171640000,1,386.23700000,5.4600
1622211171640000,1,182.91359232,5.4600
1622211171640000,1,150.31742395,5.4600
1622211171640000,1,144.01149135,5.4600
1622211173422000,0,125.95620437,5.4800
1622211233904000,0,91.23443223,5.4600
1622211234735000,1,125.95620437,5.4400
1622211278181000,0,14.88970588,5.4300
1622211280134000,0,12.52302026,5.4300
1622211320118000,0,183.97508000,5.4400
1622211585590000,0,268.28390766,5.4200
1622211586677000,1,268.28390000,5.4200
1622211601852000,1,24.28832116,5.4100
1622212017200000,1,151.21843000,5.4300
1622212224746000,0,73.86924493,5.4300
1622212360500000,0,183.76968736,5.4400
1622212409537000,1,150.84633845,5.4400
1622212636684000,0,184.70710584,5.4100
1622212636684000,0,461.84028477,5.4100
1622212636684000,0,374.04610470,5.4200
1622212636684000,0,151.97154699,5.4200
1622212636684000,0,131.39353222,5.4200
1622212682900000,1,9.07846715,5.4000
1622212683068000,1,328.21532846,5.3900
1622212776302000,1,185.98092654,5.3800
1622212776302000,1,152.41891528,5.3800
1622212776302000,1,410.22222569,5.3800
1622212787646000,1,500.00000000,5.3900
1622212787646000,1,152.20741397,5.3900
1622212787646000,1,354.72714410,5.3900
1622212787646000,1,297.02401645,5.3900
1622212943231000,0,184.11186607,5.4300
1622213062955000,1,300.00000000,5.4200
1622213063355000,1,156.00000000,5.4200
1622213063592000,1,300.00000000,5.4200
1622213127587000,1,28.86301369,5.4000
1622213160338000,1,5.49450549,5.4100
1622213284391000,0,183.66045228,5.4500
1622213433323000,0,9.11172161,5.4600
1622213642911000,1,29.63235294,5.4400
1622213666207000,0,6.33731618,5.4500
1622213704716000,1,300.00000000,5.4300
1622213825910000,0,183.40241997,5.4500
1622213825910000,0,458.50603003,5.4500
1622213830075000,0,95.53447528,5.4600
1622213880190000,1,19.61291223,5.4000
1622213880190000,1,10.38708777,5.4000
1622214242176000,0,4.62372154,5.3800
1622214282425000,0,186.78517494,5.3500
1622214294023000,0,11.21495327,5.3500
1622214311891000,0,186.93590000,5.3500
1622214485322000,0,48.47592592,5.4000
1622214487962000,0,184.99569841,5.4100
1622214487962000,0,367.86882371,5.4100
1622214579714000,0,185.07623139,5.4000
1622214737167000,0,184.69236127,5.4100
1622214812269000,1,48.42379000,5.3800
1622214822533000,1,0.00000182,5.3800
1622214841447000,0,50.00000000,5.3800
1622214841549000,0,135.73679063,5.3800
1622215064390000,0,185.39996000,5.3900
1622215064390000,0,463.55222661,5.3900
1622215096772000,0,184.74940281,5.4100
1622215106681000,0,184.76697270,5.4100
1622215215104000,0,184.71466258,5.4100
1622215273716000,0,371.34063370,5.4300
1622215273716000,0,184.32660539,5.4300
1622215273716000,0,460.67283222,5.4300
1622216005449000,0,184.70586554,5.4100
1622216336063000,1,9.30000000,5.4300
1622216391642000,1,183.18344000,5.4600
1622216393294000,0,20.26142595,5.4700
1622216457573000,1,182.95675349,5.4700
1622216457573000,1,149.80720828,5.4700
1622216457573000,1,150.04861341,5.4600
1622216457573000,1,126.17580000,5.4600
1622216457573000,1,399.71800000,5.4600
1622216457573000,1,492.00000000,5.4600
1622216457573000,1,457.31207807,5.4600
1622216457573000,1,318.96405184,5.4600
1622216467110000,0,11.21495327,5.4800
1622216531268000,1,400.00000000,5.4700
1622216531340000,1,1017.83565000,5.4700
1622216531368000,1,3002.06778860,5.4700
1622216531424000,1,150.00000000,5.4700
1622216532041000,1,1288.02160710,5.4700
1622216541004000,0,182.67892643,5.4700
1622216557301000,0,4.55941499,5.4700
1622216581664000,0,182.35785773,5.4800
1622216654370000,1,73.65939253,5.5000
1622216654584000,1,276.34060746,5.5000
1622216654702000,1,0.00000001,5.5000
1622216663945000,0,181.68904453,5.5000
1622216770300000,0,182.73323047,5.4700
1622216879095000,0,183.03838000,5.4600
1622216879301000,0,0.00000495,5.4600
1622216973548000,1,366.64564052,5.4400
1622217064898000,0,832.05839416,5.4200
1622217210682000,1,1194.97249724,5.4000
1622217219923000,0,11.48148148,5.4000
1622217299235000,0,185.03792000,5.4000
1622217948690000,0,382.42504743,5.4100
1622218012020000,0,184.46789375,5.4200
1622218200311000,0,59.07073665,5.3800
1622218241411000,0,1050.00000000,5.3500
1622218244046000,1,187.31700902,5.3400
1622218244046000,1,371.09639172,5.3400
1622218280209000,1,467.77892093,5.3400
1622218280209000,1,187.27158506,5.3400
1622218280209000,1,361.54591707,5.3400
1622218280209000,1,1217.61861937,5.3400
1622218280209000,1,304.00000000,5.3400
1622218280311000,0,300.00000000,5.3400
1622218280722000,1,35.05367945,5.3400
1622218280722000,1,262.94632055,5.3300
1622218280958000,1,101.71800000,5.3300
1622218281436000,0,69.04780999,5.3300
1622218284217000,0,0.00000001,5.3300
1622218287502000,1,386.23700000,5.3300
1622218287502000,1,142.40587538,5.3300
1622218288613000,1,187.43877964,5.3300
1622218288613000,1,469.04852179,5.3300
1622218288613000,1,386.23698857,5.3300
1622218293664000,1,469.17052911,5.3300
1622218293664000,1,386.23700000,5.3300
1622218293664000,1,289.00000000,5.3200
1622218293664000,1,686.57764735,5.3200
1622218294860000,1,533.36134273,5.3200
1622218294860000,1,372.42722630,5.3200
1622218294860000,1,299.00000000,5.3200
1622218294860000,1,386.23700000,5.3200
1622218294860000,1,415.56063097,5.3200
1622218299935000,1,406.99500000,5.3100
1622218299958000,1,35.29306025,5.3100
1622218303525000,0,92.99297903,5.3100
1622218306994000,0,13.55932203,5.3100
1622218308067000,1,47.89097988,5.2900
1622218308067000,1,383.08823824,5.2900
1622218308067000,1,1227.81865968,5.2900
1622218308067000,1,293.00000000,5.2900
1622218308067000,1,188.70759701,5.2900
1622218308067000,1,471.93731423,5.2900
1622218308182000,0,300.00000000,5.2900
1622218321909000,0,1488.00000000,5.3000
1622218330920000,0,87.87240000,5.3000
1622218344546000,0,11.50943396,5.3000
1622218359883000,1,56.78857143,5.2500
1622218359883000,1,17.99325757,5.2500
1622218368903000,1,2.33945963,5.2500
1622218399568000,0,3.81142857,5.2500
1622218413640000,1,3.94252873,5.2200
1622218413640000,1,44.48126309,5.2200
1622218518440000,1,31.37326228,5.2300
1622218523876000,0,576.00000000,5.2400
1622218523876000,0,131.11593000,5.2400
1622218524553000,0,3130.11484631,5.2400
1622218524649000,0,193.11900000,5.2400
1622218525076000,0,306.76615369,5.2400
1622218528821000,0,660.00000000,5.2400
1622218562842000,1,122.32645284,5.2700
1622218585929000,0,23.82196970,5.2700
1622218595932000,0,23.86553030,5.2700
1622218605201000,1,155.72734622,5.2600
1622218631206000,1,189.50704000,5.2800
1622218712523000,1,450.00000000,5.2400
1622218728925000,1,399.36096334,5.2300
1622218738513000,1,79.52015000,5.2100
1622218740259000,1,0.00000355,5.2100
1622218740259000,1,157.30792305,5.2000
1622218740259000,1,480.68702362,5.2000
1622218740259000,1,554.17230000,5.2000
1622218740259000,1,393.26980762,5.1900
1622218740259000,1,245.54811863,5.1900
1622218750340000,1,350.00000000,5.2100
1622218767195000,0,12.47600768,5.2100
1622218775402000,0,380.94836000,5.2000
1622218775618000,0,0.00000017,5.2000
1622218775618000,0,10.17274455,5.2100
1622218775839000,1,63.86844592,5.1900
1622218794305000,1,1186.13155408,5.1900
1622218794305000,1,157.82764374,5.1900
1622218794305000,1,399.71800000,5.1900
1622218794305000,1,383.10392390,5.1900
1622218794305000,1,705.87000000,5.1900
1622218794476000,0,3156.32775864,5.1900
1622218794481000,0,157.68970890,5.1900
1622218795541000,0,3157.97403480,5.1900
1622218796049000,0,3158.62755623,5.1900
1622218797039000,0,950.00000000,5.1900
1622218797244000,0,188.07883000,5.1900
1622218797478000,0,350.00000000,5.1900
1622218800971000,0,169.17840000,5.1900
1622218800992000,0,0.00008848,5.1900
1622218831673000,1,191.86478854,5.2100
1622218965325000,1,162.08049903,5.2000
1622218965325000,1,192.44219786,5.2000
1622218971812000,1,34.99847735,5.1800
1622219039205000,1,157.93249516,5.1900
1622219039205000,1,375.52682142,5.1900
1622219039205000,1,399.71800000,5.1900
1622219039205000,1,189.82765030,5.1900
1622219061043000,0,377.55554045,5.2200
1622219125131000,1,192.04754433,5.2100
1622219174090000,1,276.99885048,5.2100
1622219174374000,1,173.00114000,5.2100
1622219174457000,1,0.00000952,5.2100
1622219532809000,0,192.56409000,5.1900
1622219544342000,1,65.00152000,5.1800
1622219544538000,1,0.00000265,5.1800
1622219662579000,1,200.00000000,5.1800
1622219813304000,1,193.22302239,5.1700
1622219813304000,1,399.82817906,5.1700
1622219813377000,0,483.84854994,5.1700
1622219813426000,0,50.00000000,5.1700
1622219813482000,0,28.58969198,5.1700
1622219873277000,1,158.30338978,5.1700
1622219873277000,1,121.90518568,5.1700
1622219912145000,1,47.68750000,5.1800
1622220181415000,0,19.20849420,5.1800
1622220189531000,1,159.03865425,5.1500
1622220189531000,1,18.24091305,5.1500
1622220301570000,0,38.34296724,5.1900
1622220364728000,0,369.26932685,5.2100
1622220431318000,0,133.20740000,5.2300
1622220431318000,0,148.16736099,5.2300
1622220802398000,0,376.57599259,5.2500
1622220802398000,0,156.31479508,5.2500
1622220802398000,0,303.00000000,5.2500
1622220802398000,0,131.32922000,5.2500
1622220802398000,0,386.23700000,5.2500
1622220802398000,0,282.86299233,5.2500
1622220841912000,1,28.78160000,5.2200
1622220841989000,1,0.00000919,5.2200
1622220927081000,1,192.79122604,5.1900
1622221069345000,1,5.26335878,5.1000
1622221069837000,1,494.73664122,5.1000
1622221069837000,1,399.46342710,5.0900
1622221069837000,1,196.30569162,5.0900
1622221069837000,1,196.21097360,5.0900
1622221069837000,1,349.60326646,5.0800
1622221132984000,1,490.48862888,5.0900
1622221132984000,1,304.24476698,5.0900
1622221200917000,1,50.00000000,5.1000
1622221212369000,1,300.00000000,5.1100
1622221247729000,0,3.91585127,5.1100
1622221303277000,0,9.64566929,5.0800
1622221305638000,0,50.00000000,5.0800
1622221308649000,0,11.41732283,5.0800
1622221354085000,1,161.16884716,5.0800
1622221354085000,1,411.25498815,5.0800
1622221410003000,0,159.94470409,5.1400
1622221410003000,0,468.00000000,5.1400
1622221410003000,0,120.67736342,5.1400
1622221474274000,0,399.85815437,5.1500
1622221474274000,0,654.00000000,5.1500
1622221488702000,1,391.71747572,5.1500
1622221488702000,1,158.98474428,5.1500
1622221497056000,0,9.91666666,5.1600
1622221559966000,0,193.57314000,5.1700
1622221644954000,0,2038.60273928,5.1800
1622221663671000,0,192.90716989,5.1800
1622221664932000,0,482.39833527,5.1800
1622221671029000,1,158.06008828,5.1800
1622221671029000,1,450.00000000,5.1800
1622221671029000,1,158.47594082,5.1700
1622221671029000,1,382.20535664,5.1700
1622221671029000,1,386.23700000,5.1700
1622221671029000,1,110.01671230,5.1700
1622221708173000,0,337.52682926,5.1900
1622221723595000,0,60.63461538,5.1900
1622221733535000,0,9.64566929,5.2000
1622221748812000,0,11.41732283,5.2100
1622221796258000,0,478.63809849,5.2200
1622221796258000,0,191.45523940,5.2200
1622221863491000,1,350.00000000,5.2100
1622221869412000,1,400.00000000,5.2000
1622221869548000,1,228.42606000,5.2000
1622221869742000,1,400.00000000,5.2000
1622221936665000,1,193.05903000,5.1800
1622222013823000,1,28.37672008,5.1300
1622222039697000,0,194.40572000,5.1400
1622222184144000,0,27.95173745,5.1800
1622222280413000,0,6.70366125,5.1800
1622222420822000,1,193.74317000,5.1600
1622222421483000,1,350.00000000,5.1600
1622222448210000,1,73.86924493,5.1600
1622222504842000,0,19.22157996,5.1900
1622222720022000,0,192.54090000,5.1900
1622222721825000,0,24.82725527,5.2100
1622222846439000,0,377.59794699,5.2100
1622222855944000,0,479.49889988,5.2200
1622222855944000,0,191.77363976,5.2200
1622222855944000,0,364.15136541,5.2200
1622222960665000,0,191.40735000,5.2200
1622223011203000,0,191.87791630,5.2100
1622223011203000,0,58.12208370,5.2100
1622223179470000,0,2500.00000000,5.2400
1622223285599000,0,156.61896501,5.2500
1622223285599000,0,386.23700000,5.2500
1622223285599000,0,374.68009468,5.2500
1622223285599000,0,32.75346411,5.2500
1622223462867000,1,0.12407914,5.2200
1622223664619000,0,191.76766308,5.2200
1622223664619000,0,304.00000000,5.2300
1622223664619000,0,284.59554761,5.2300
1622223664619000,0,386.23700000,5.2300
1622223664619000,0,478.58542526,5.2300
1622223664619000,0,727.71066933,5.2300
1622223976154000,0,52.50763358,5.2300
1622224093077000,0,4.72920568,5.2600
1622224203098000,0,190.36525658,5.2500
1622224282613000,1,373.81828000,5.2500
1622224522850000,1,402.03601402,5.2400
1622224553036000,1,379.91741549,5.2200
1622224553036000,1,191.57004572,5.2200
1622224598175000,1,4.81502890,5.1900
1622224598607000,1,52.50763358,5.1800
1622224673258000,1,28.22142100,5.1700
1622224783564000,1,190.97333127,5.2300
1622224908101000,0,268.02806003,5.2600
1622225007733000,1,550.00000000,5.1800
1622225007733000,1,379.46920837,5.1800
1622225303601000,0,192.52166540,5.1900
1622225303601000,0,158.26051799,5.1900
1622225303601000,0,372.15944105,5.2000
1622225303601000,0,469.33337555,5.2000
1622225828468000,0,486.00000000,5.1500
1622225863839000,0,33.75581395,5.1600
1622226150690000,0,193.66636427,5.1600
1622226166408000,0,660.00000000,5.1700
1622226413278000,0,192.14600945,5.2000
1622226497467000,0,192.17110086,5.2000
1622226694120000,1,191.31502510,5.2300
1622226694120000,1,478.28755490,5.2300
1622226714089000,0,191.11058294,5.2300
1622226714089000,0,477.72978174,5.2300
1622226792204000,0,190.70366781,5.2400
1622226859704000,0,190.31805228,5.2500
1622226892527000,0,386.82320105,5.2600
1622226892527000,0,756.00000000,5.2600
1622227289254000,0,9.42234848,5.2800
1622227637874000,1,28.78160919,5.2500
1622227754473000,1,362.05738400,5.2500
1622227817904000,1,372.49476205,5.2300
1622227817904000,1,190.90138892,5.2300
1622228068577000,1,400.00000000,5.2600
1622228068577000,1,190.23816518,5.2600
1622228068577000,1,156.13347550,5.2500
1622228068577000,1,160.60465264,5.2500
1622228112845000,0,189.60127456,5.2700
1622228162002000,0,189.62660145,5.2700
1622229542126000,1,105.23321858,5.2500
1622229544479000,1,85.36525000,5.2500
1622229591558000,1,18.12386156,5.2400
1622229595140000,1,190.27111000,5.2600
1622229600645000,1,190.27476000,5.2600
1622229616645000,1,190.87082793,5.2400
1622229640540000,1,700.00000000,5.2200
1622229721461000,0,4.76436781,5.2200
1622229746384000,1,515.99999999,5.1900
1622230445428000,0,6.09761898,5.2300
1622230538245000,1,102.35315315,5.2000
1622230643051000,0,191.44944592,5.2200
1622230669879000,0,11.15225400,5.2400
1622230726026000,1,18.72203968,5.2100
1622230799368000,1,155.35354723,5.2100
1622230809812000,0,191.29238054,5.2300
1622230814659000,0,386.23700000,5.2400
1622230814659000,0,157.13749115,5.2400
1622230814659000,0,373.32779892,5.2400
1622230844106000,0,156.80747483,5.2300
1622230870725000,0,138.75000000,5.2400
1622230884006000,1,80.00169204,5.2200
1622230923831000,0,191.08553911,5.2300
1622230964536000,1,156.45198000,5.2400
1622230971038000,0,369.65928761,5.2500
1622230971038000,0,316.55785524,5.2500
1622231026902000,0,190.33376138,5.2500
1622231037827000,0,475.85491181,5.2600
1622231037827000,0,83.01379515,5.2600
1622231037829000,0,107.28826282,5.2600
1622231099429000,1,5.92315188,5.2600
1622231115420000,0,189.61876766,5.2700
1622231115509000,0,283.52272727,5.2800
1622231116392000,0,949.08472514,5.2800
1622231116392000,0,74.39633546,5.2800
1622231139517000,0,190.06811942,5.2600
1622231204077000,0,189.23723967,5.2800
1622231209835000,0,189.26368251,5.2800
1622231246525000,0,188.81317750,5.3000
1622231246525000,0,275.00000000,5.3100
1622231246525000,0,379.00000000,5.3100
1622231246525000,0,175.23920136,5.3100
1622231250443000,1,100.00000000,5.2900
1622231260582000,0,100.12854442,5.2900
1622231282420000,0,470.77126654,5.2900
1622231879964000,1,78.92491394,5.3000
1622232008605000,1,258.63976377,5.3000
1622232016016000,0,43.30042444,5.3200
1622232016412000,0,2456.69957556,5.3200
1622232039649000,0,0.00000017,5.3400
1622232039649000,0,10.17274455,5.3400
1622232044037000,1,187.39527000,5.3400
1622232058421000,0,12.47600000,5.3500
1622232058613000,0,0.00000768,5.3500
1622232283029000,0,3.91585127,5.3800
1622232283029000,0,122.93730858,5.3800
1622232472964000,0,186.15763678,5.3700
1622232546539000,1,313.84236322,5.3700
1622232672204000,0,48.85315985,5.3800
1622232944695000,1,1213.07282349,5.3500
1622232944695000,1,386.23700000,5.3500
1622232944695000,1,222.91661270,5.3500
1622232952233000,1,186.71042315,5.3500
1622232963796000,0,186.51356297,5.3600
1622233018821000,1,59.19368545,5.3600
1622233060438000,1,4.31045751,5.3700
1622233088763000,0,386.23700000,5.3900
1622233088763000,0,1207.44596038,5.3900
1622233088763000,0,210.32260548,5.3900
1622233156423000,0,3.88500000,5.4000
1622233156423000,0,185.33751000,5.4000
1622233156451000,0,0.00000230,5.4000
1622233171591000,0,11.50943396,5.4300
1622233198957000,1,125.24399000,5.4300
1622233358469000,0,151.29549741,5.4400
1622233358469000,0,56.45863862,5.4400
1622233391326000,1,3027.65124562,5.4300
1622233391870000,1,3028.82390506,5.4300
1622233392084000,1,50.00000000,5.4300
1622233392190000,1,4680.00000000,5.4300
1622233392411000,1,3029.10697252,5.4300
1622233392616000,1,177.14094297,5.4300
1622233392723000,1,38.02000000,5.4300
1622233392764000,1,151.48280619,5.4300
1622233392828000,1,65.53548288,5.4300
1622233392927000,1,37.20000000,5.4300
1622233392936000,1,3029.31790049,5.4300
1622233393031000,1,34.10000000,5.4300
1622233393464000,1,3028.95024520,5.4300
1622233393961000,1,193.11900000,5.4300
1622233394526000,1,2248.13694738,5.4300
1622233414211000,1,193.11900000,5.4300
1622233414537000,1,3030.63566836,5.4300
1622233414565000,1,24.30000000,5.4300
1622233414661000,1,30.69857415,5.4300
1622233415057000,1,679.71497940,5.4300
1622233416151000,1,1338.61860000,5.4300
1622233421655000,0,184.08118743,5.4400
1622233421659000,0,0.00000001,5.4400
1622233431404000,0,13.55932203,5.4500
1622233437179000,0,183.33858373,5.4500
1622233447813000,0,364.76796032,5.4600
1622233447813000,0,0.65511660,5.4600
1622233488573000,0,183.07063684,5.4600
1622233511330000,1,2303.64945911,5.4500
1622233511873000,1,4680.00000000,5.4500
1622233511942000,1,193.11900000,5.4500
1622233519241000,1,193.11900000,5.4500
1622233519570000,1,300.00000000,5.4500
1622233520232000,1,15.10760532,5.4500
1622233520653000,1,942.83124859,5.4500
1622233525855000,1,19.00000000,5.4500
1622233529692000,1,300.00000000,5.4500
1622233529894000,1,46.72509440,5.4500
1622233530353000,1,128.05621000,5.4500
1622233530449000,1,28.27339267,5.4500
1622233530450000,1,83.92401800,5.4500
1622233531004000,1,28.27339301,5.4500
1622233531045000,1,227.76430000,5.4500
1622233531520000,1,183.51176010,5.4500
1622233531699000,1,227.76330092,5.4500
1622233531752000,1,15.14559907,5.4500
1622233531793000,1,58.92282929,5.4500
1622233531962000,1,128.05621000,5.4500
1622233532350000,1,569.47007414,5.4500
1622233532762000,1,636.65356987,5.4500
1622233532861000,1,15.14559907,5.4500
1622233532886000,1,37.86399766,5.4500
1622233532994000,1,558.22132163,5.4500
1622233533368000,1,228.43268747,5.4500
1622233533508000,1,42.74550108,5.4500
1622233533628000,1,128.05621000,5.4500
1622233534041000,1,184.02608460,5.4500
1622233534241000,1,128.05621000,5.4500
1622233534666000,1,38.30270000,5.4500
1622233534679000,1,520.32774128,5.4500
1622233534877000,1,77.00000000,5.4500
1622233535001000,1,138.02042202,5.4500
1622233535184000,1,15.18125837,5.4500
1622233535194000,1,37.95314592,5.4500
1622233535296000,1,378.40774300,5.4500
1622233535422000,1,89.58337800,5.4500
1622233535535000,1,123.12060917,5.4500
1622233535553000,1,360.16457800,5.4500
1622233535934000,1,47.94763130,5.4500
1622233536079000,1,350.00000000,5.4500
1622233536142000,1,89.58337799,5.4500
1622233536257000,1,460.01515215,5.4500
1622233536345000,1,50.00000000,5.4500
1622233536360000,1,37.95314592,5.4500
1622233536420000,1,100.00000000,5.4500
1622233536464000,1,624.19358503,5.4500
1622233536705000,1,509.64716779,5.4500
1622233536962000,1,62.30659460,5.4500
1622233536969000,1,110.47339267,5.4500
1622233537232000,1,161.99177199,5.4500
1622233537367000,1,38.37820500,5.4500
1622233537441000,1,15.18125837,5.4500
1622233537450000,1,139.64772946,5.4500
1622233537480000,1,41.01126468,5.4500
1622233537788000,1,146.36230878,5.4500
1622233537899000,1,76.99816331,5.4500
1622233537986000,1,266.98115748,5.4500
1622233538568000,1,15.13201488,5.4500
1622233539514000,1,144.73258600,5.4500
1622233539615000,1,300.00000000,5.4500
1622233539662000,1,35.57530600,5.4500
1622233540099000,1,15.15907860,5.4500
1622233540100000,1,37.89769648,5.4500
1622233540797000,1,110.09174311,5.4500
1622233541187000,1,37.89769648,5.4500
1622233541193000,1,15.15907860,5.4500
1622233542351000,1,15.15907860,5.4500
1622233542533000,1,193.11900000,5.4500
1622233543230000,1,82.83395420,5.4500
1622233543509000,1,15.15907860,5.4500
1622233544613000,1,15.14478327,5.4500
1622233544613000,1,37.86195817,5.4500
1622233545795000,1,37.86195817,5.4500
1622233545797000,1,15.14478327,5.4500
1622233546889000,1,15.14478327,5.4500
1622233546889000,1,37.82242959,5.4500
1622233547406000,1,193.11900000,5.4500
1622233547447000,1,17.71401869,5.4500
1622233547987000,1,15.14478327,5.4500
1622233547989000,1,37.82242959,5.4500
1622233549109000,1,37.82242959,5.4500
1622233549125000,1,15.14478327,5.4500
1622233549222000,1,50.03170833,5.4500
1622233549698000,1,300.00000000,5.4500
1622233550236000,1,37.89267849,5.4500
1622233550238000,1,15.14478327,5.4500
1622233551066000,1,58.69156672,5.4500
1622233551313000,1,37.89267849,5.4500
1622233551317000,1,15.14478327,5.4500
1622233552399000,1,15.14478327,5.4500
1622233552434000,1,37.88055850,5.4500
1622233553549000,1,15.14478327,5.4500
1622233553551000,1,37.88055850,5.4500
1622233553564000,1,151.17235900,5.4500
1622233553626000,1,65.72509440,5.4500
1622233553902000,1,78.58543734,5.4500
1622233554027000,1,9.99773944,5.4500
1622233554292000,1,5.14805095,5.4500
1622233554629000,1,154.93167706,5.4500
1622233554648000,1,37.88160632,5.4500
1622233554652000,1,15.14478327,5.4500
1622233554759000,1,116.66906600,5.4500
1622233555754000,1,15.14478327,5.4500
1622233555762000,1,37.88160632,5.4500
1622233556867000,1,37.88160632,5.4500
1622233556868000,1,15.14478327,5.4500
1622233559752000,1,300.00000000,5.4500
1622233562463000,1,193.11900000,5.4500
1622233564083000,1,65.28412802,5.4500
1622233564323000,1,576.85583231,5.4500
1622233564751000,1,22.69555341,5.4500
1622233564923000,1,564.18282900,5.4500
1622233564988000,1,272.78963407,5.4500
1622233566299000,1,22.69555341,5.4500
1622233566550000,1,223.22418708,5.4500
1622233568946000,1,141.31379763,5.4500
1622233569102000,1,65.22732217,5.4500
1622233569437000,1,5.09533034,5.4500
1622233569688000,1,4.88992171,5.4500
1622233569948000,1,10.24221212,5.4500
1622233570215000,1,68.10231273,5.4500
1622233570410000,1,45.42315838,5.4500
1622233570631000,1,137.68910045,5.4500
1622233570944000,1,45.42315838,5.4500
1622233571271000,1,137.72910056,5.4500
1622233578288000,1,100.12854442,5.4500
1622233579953000,1,300.00000000,5.4500
1622233580736000,1,27.11275400,5.4500
1622233584497000,1,15.13607007,5.4500
1622233584819000,1,168.80948830,5.4500
1622233585029000,1,15.34532865,5.4500
1622233594845000,0,386.23700000,5.4600
1622233594845000,0,301.00000000,5.4600
1622233594845000,0,184.62700018,5.4600
1622233594845000,0,399.71800000,5.4600
1622233594845000,0,65.72509440,5.4600
1622233594845000,0,459.08862819,5.4600
1622233594845000,0,703.60427723,5.4600
1622233604192000,0,17.59706959,5.4600
1622233618804000,1,635.56312751,5.4500
1622233619808000,1,2358.88348632,5.4500
1622233640732000,1,193.11900000,5.4500
1622233640978000,1,183.71640428,5.4500
1622233641264000,1,459.37119863,5.4500
1622233641594000,1,226.51561532,5.4500
1622233642702000,1,183.71636041,5.4500
1622233643321000,1,183.77226207,5.4500
1622233643498000,1,275.72615352,5.4500
1622233651961000,1,402.37943186,5.4500
1622233653259000,1,176.08688807,5.4500
1622233653437000,1,440.27985855,5.4500
1622233655125000,1,158.23261776,5.4500
1622233657485000,1,395.61881258,5.4500
1622233658538000,1,154.74179881,5.4500
1622233658751000,1,154.76188544,5.4500
1622233659225000,1,15.19195507,5.4500
1622233659423000,1,621.73526851,5.4500
1622233663980000,1,118.97267920,5.4500
1622233664758000,1,74.14632080,5.4500
1622233666504000,1,229.62477514,5.4500
1622233668703000,1,99.98103767,5.4500
1622233669325000,1,30.98200409,5.4500
1622233669535000,1,227.72610820,5.4500
1622233669867000,1,65.10693736,5.4500
1622233669958000,0,65.32457160,5.4600
1622233669958000,0,65.32457160,5.4600
1622233669958000,0,19.35085680,5.4600
1622233670252000,1,15.12276105,5.4500
1622233671387000,1,316.39959180,5.4500
1622233676432000,1,65.05396757,5.4500
1622233681438000,1,99.14356600,5.4500
1622233681694000,1,15.13357550,5.4500
1622233682836000,1,15.13357550,5.4500
1622233682851000,1,100.00000000,5.4500
1622233683939000,1,15.13357550,5.4500
1622233684089000,1,45.42241526,5.4500
1622233684336000,1,19.80676326,5.4500
1622233684341000,1,180.94247856,5.4500
1622233684556000,1,540.98474807,5.4500
1622233684795000,1,59.63630780,5.4500
1622233685004000,1,38.05295148,5.4500
1622233685283000,1,228.38281954,5.4500
1622233685412000,1,150.00000000,5.4500
1622233685498000,1,116.60601791,5.4500
1622233685682000,1,408.12893162,5.4500
1622233685695000,1,61.69322000,5.4500
1622233686297000,1,15.14071482,5.4500
1622233686480000,1,341.85861561,5.4500
1622233687745000,1,224.14247242,5.4500
1622233688286000,1,15.14071482,5.4500
1622233688588000,1,69.96500000,5.4500
1622233688921000,1,226.47213932,5.4500
1622233690027000,1,248.51721426,5.4500
1622233705272000,1,65.62450392,5.4500
1622233705294000,1,406.99500000,5.4500
1622233705518000,1,60.54229600,5.4500
1622233705648000,1,193.35668000,5.4500
1622233706058000,1,65.20748976,5.4500
1622233712415000,1,65.20748976,5.4500
1622233712726000,1,906.55800051,5.4500
1622233714467000,1,65.26065672,5.4500
1622233716837000,1,65.26065672,5.4500
1622233752309000,1,1359.83700077,5.4500
1622233754875000,0,91.82689048,5.4600
1622233754875000,0,229.57412399,5.4600
1622233759765000,0,84.73974500,5.4600
1622233770132000,0,25.64872166,5.4600
1622233876740000,1,3018.72605312,5.4500
1622233877259000,1,3019.29479634,5.4500
1622233877858000,1,150.95415214,5.4500
1622233877860000,1,3019.08304277,5.4500
1622233878382000,1,3019.51542753,5.4500
1622233887586000,1,1084.93638196,5.4500
1622233888116000,1,766.42597545,5.4500
1622233888675000,1,766.42597545,5.4500
1622233897892000,1,199.11870000,5.4500
1622233902709000,1,30.20765414,5.4500
1622233903467000,1,25.53210000,5.4500
1622233903958000,1,30.20744341,5.4500
1622233914464000,1,15.10389045,5.4500
1622233918533000,1,15.10073066,5.4500
1622233920808000,1,15.10429117,5.4500
1622233921915000,1,15.10439243,5.4500
1622233925238000,1,55.44000000,5.4500
1622233928627000,1,15.10416815,5.4500
1622233930957000,1,69.50790000,5.4500
1622233933605000,1,15.09831802,5.4500
1622233940099000,0,130.93621913,5.4600
1622233940804000,0,129.45541812,5.4600
1622233941126000,0,53.95964309,5.4600
1622233941126000,0,56.21240929,5.4600
1622233941685000,0,63.57040687,5.4600
1622233942226000,0,108.23556654,5.4600
1622233942807000,0,230.45708391,5.4600
1622233965166000,1,12.04309508,5.4600
1622233965205000,1,164.14936362,5.4600
1622233985665000,1,713.44350000,5.4500
1622233985772000,1,30.22663381,5.4500
1622233998060000,1,30.22322738,5.4500
1622233999908000,1,1359.83700077,5.4500
1622234000298000,1,30.22363306,5.4500
1622234001426000,1,30.22363306,5.4500
1622234002561000,1,30.22363306,5.4500
1622234002681000,1,1719.73740588,5.4500
1622234004087000,1,64.95700000,5.4500
1622234004868000,1,30.27688670,5.4500
1622234005647000,1,65.09081632,5.4500
1622234006069000,1,30.27941248,5.4500
1622234006089000,1,75.69853118,5.4500
1622234006333000,1,37.86788808,5.4500
1622234007122000,1,113.79708623,5.4500
1622234007187000,1,30.27941248,5.4500
1622234007187000,1,75.69853118,5.4500
1622234007246000,1,47.20100000,5.4500
1622234007275000,1,600.00000000,5.4500
1622234007336000,1,22.96741032,5.4500
1622234007357000,1,576.19245000,5.4500
1622234007458000,1,700.00000000,5.4500
1622234007467000,1,60.54128257,5.4500
1622234007516000,1,16.14531857,5.4500
1622234007547000,1,67.86293578,5.4500
1622234007552000,1,108.05106313,5.4500
1622234007564000,1,43.27554900,5.4500
1622234007683000,1,22.96697100,5.4500
1622234007839000,1,22.96697065,5.4500
1622234007901000,1,20.53945100,5.4500
1622234007964000,1,70.28990643,5.4500
1622234008020000,1,506.39490000,5.4500
1622234008092000,1,70.28990700,5.4500
1622234008157000,1,16.57497980,5.4500
1622234008224000,1,67.86238349,5.4500
1622234008302000,1,75.71589949,5.4500
1622234008309000,1,30.27941248,5.4500
1622234008465000,1,20.53945045,5.4500
1622234008498000,1,279.57356803,5.4500
1622234008499000,1,164.19752112,5.4500
1622234008500000,1,897.07396200,5.4500
1622234009415000,1,30.27661728,5.4500
1622234010575000,1,75.76241278,5.4500
1622234010584000,1,30.30496511,5.4500
1622234011757000,1,30.30496511,5.4500
1622234011759000,1,75.80685153,5.4500
1622234012503000,1,30.30024755,5.4500
1622234012532000,1,43.54978600,5.4500
1622234012542000,1,51.28623700,5.4500
1622234012561000,1,166.15034509,5.4500
1622234012579000,1,184.73697196,5.4500
1622234012767000,1,30.29908000,5.4500
1622234012849000,1,39.07228182,5.4500
1622234012865000,1,75.79782615,5.4500
1622234012869000,1,30.30496511,5.4500
1622234012957000,1,145.18555800,5.4500
1622234013319000,1,368.03896315,5.4500
1622234013566000,1,206.80358165,5.4500
1622234013599000,1,65.09082672,5.4500
1622234013960000,1,30.30496511,5.4500
1622234013966000,1,75.79856777,5.4500
1622234014449000,1,257.28807200,5.4500
1622234014562000,1,30.29908074,5.4500
1622234014571000,1,145.18555781,5.4500
1622234014628000,1,119.17951883,5.4500
1622234014631000,1,81.80343300,5.4500
1622234014905000,1,84.17431000,5.4500
1622234015133000,1,75.79856777,5.4500
1622234015135000,1,30.30496511,5.4500
1622234015522000,1,30.31771097,5.4500
1622234015704000,1,184.15601638,5.4500
1622234015987000,1,116.56041700,5.4500
1622234016258000,1,75.79856777,5.4500
1622234016262000,1,30.30496511,5.4500
1622234016563000,1,30.31690253,5.4500
1622234017296000,1,460.57205500,5.4500
1622234017470000,1,30.30496511,5.4500
1622234017475000,1,75.79964281,5.4500
1622234017676000,1,118.89444954,5.4500
1622234018456000,1,90.99800000,5.4500
1622234018568000,1,15.16317355,5.4500
1622234018574000,1,75.80800982,5.4500
1622234018736000,1,3.68038963,5.4500
1622234018974000,1,225.76715963,5.4500
1622234019504000,1,225.88092100,5.4500
1622234019664000,1,376.46759100,5.4500
1622234019723000,1,15.16317355,5.4500
1622234019728000,1,37.88352356,5.4500
1622234020865000,1,15.16317355,5.4500
1622234020866000,1,37.88352356,5.4500
1622234020950000,1,225.76715963,5.4500
1622234021045000,1,134.29924586,5.4500
1622234021050000,1,376.46759083,5.4500
1622234021079000,1,225.88092111,5.4500
1622234021145000,1,77.30111000,5.4500
1622234021162000,1,91.31032856,5.4500
1622234021315000,1,225.88092111,5.4500
1622234021369000,1,245.80034863,5.4500
1622234021639000,1,219.86225500,5.4500
1622234021731000,1,219.86225500,5.4500
1622234021766000,1,251.70525300,5.4500
1622234021830000,1,178.15832400,5.4500
1622234021953000,1,15.16317355,5.4500
1622234021961000,1,37.89990922,5.4500
1622234022066000,1,381.74977716,5.4500
1622234022341000,1,618.56221125,5.4500
1622234022483000,1,15.16317903,5.4500
1622234022696000,1,87.77285504,5.4500
1622234022893000,1,675.78042647,5.4500
1622234023155000,1,1132.79304600,5.4500
1622234023158000,1,15.16163332,5.4500
1622234023161000,1,37.90408329,5.4500
1622234023320000,1,7.57146754,5.4500
1622234023507000,1,630.11621854,5.4500
1622234023672000,1,630.11622355,5.4500
1622234023825000,1,122.90109358,5.4500
1622234023841000,1,162.78352700,5.4500
1622234023868000,1,299.51478207,5.4500
1622234023987000,1,225.75234678,5.4500
1622234024024000,1,843.73049100,5.4500
1622234024092000,1,162.78352700,5.4500
1622234024249000,1,37.87153873,5.4500
1622234024253000,1,15.15785611,5.4500
1622234024286000,1,187.93390236,5.4500
1622234024444000,1,98.01212321,5.4500
1622234025311000,1,30.44965284,5.4500
1622234025338000,1,37.88236127,5.4500
1622234025345000,1,15.15785611,5.4500
1622234025537000,1,7.57146754,5.4500
1622234026544000,1,15.15785611,5.4500
1622234026556000,1,37.87802031,5.4500
1622234026628000,1,226.46142652,5.4500
1622234027293000,1,7.57146754,5.4500
1622234029757000,1,15.13856707,5.4500
1622234038969000,1,18.52048000,5.4500
1622234039301000,1,126.28425000,5.4500
1622234039435000,1,15.14616968,5.4500
1622234040379000,1,172.77674390,5.4500
1622234040731000,1,56.64737134,5.4500
1622234042702000,1,15.17767859,5.4500
1622234043162000,1,45.54058566,5.4500
1622234043275000,1,65.09082671,5.4500
1622234043366000,1,75.91124287,5.4500
1622234043372000,1,85.93698900,5.4500
1622234043949000,1,225.15850695,5.4500
1622234044941000,1,93.43107844,5.4500
1622234045457000,1,15.24286102,5.4500
1622234045655000,1,242.93580098,5.4500
1622234045803000,1,243.06500652,5.4500
1622234045896000,1,92.90350246,5.4500
1622234050325000,1,37.95844595,5.4500
1622234050510000,1,30.38579280,5.4500
1622234050979000,1,122.08073028,5.4500
1622234051140000,1,67.00017099,5.4500
1622234051368000,1,26.80675942,5.4500
1622234051623000,1,227.99251692,5.4500
1622234051911000,1,226.66549092,5.4500
1622234052116000,1,26.92316203,5.4500
1622234052298000,1,7.59167571,5.4500
1622234052504000,1,22.77881770,5.4500
1622234052739000,1,37.96988485,5.4500
1622234052935000,1,53.63548478,5.4500
1622234053124000,1,92.33716953,5.4500
1622234053397000,1,227.81919397,5.4500
1622234053738000,1,25.46792413,5.4500
1622234054325000,1,75.95870719,5.4500
1622234054640000,1,30.40480511,5.4500
1622234054858000,1,52.03054057,5.4500
1622234055098000,1,51.99786059,5.4500
1622234055296000,1,30.43082363,5.4500
1622234055489000,1,21.61495000,5.4500
1622234055705000,1,30.41560118,5.4500
1622234056135000,1,52.00379714,5.4500
1622234056350000,1,228.03110699,5.4500
1622234056586000,1,52.13788430,5.4500
1622234063275000,1,65.03793600,5.4500
1622234063339000,1,45.03346238,5.4500
1622234063577000,1,261.54202700,5.4500
1622234063757000,1,45.10888179,5.4500
1622234063779000,1,148.63705007,5.4500
