timestamp ms,type,amount,price
1627516942320000,1,3200.00000000,3.3200
1627517037798000,1,2900.00000000,3.3100
1627517074349000,1,3000.00000000,3.3000
1627518567281000,1,450.00000000,3.3000
1627519391258000,0,1500.00000000,3.2800
1627520760271000,0,16.67259674,3.2700
1627521744393000,1,200.00000000,3.2500
1627526726105000,0,850.00000000,3.2700
1627528996962000,1,1050.00000000,3.2400
1627529580229000,1,174.28792570,3.2300
1627529580229000,1,50.00000000,3.2300
1627529580229000,1,1200.00000000,3.2300
1627529932085000,0,850.00000000,3.2400
1627530378439000,0,6.14197530,3.2400
1627530391104000,1,11.99491647,3.2300
1627530806917000,1,43.42829948,3.2500
1627530818761000,1,800.00000000,3.2500
1627531350418000,1,266.26176347,3.2400
1627532675893000,1,750.00000000,3.2700
1627532820616000,0,49.55439979,3.2800
1627532820616000,0,19.81797882,3.2800
1627532860822000,1,305.10187288,3.2800
1627534731872000,1,304.21704518,3.2900
1627534736101000,1,304.28479351,3.2900
1627537300752000,0,56.82061490,3.3100
1627537300752000,0,142.10067632,3.3100
1627537412496000,0,52.52502286,3.3100
1627537507756000,0,51.34461134,3.3100
1627537507756000,0,48.65538866,3.3100
1627537565741000,0,152.93865255,3.3200
1627537565741000,0,347.06134745,3.3200
1627538396259000,0,49.07914460,3.3100
1627538396259000,0,100.92085540,3.3100
1627538430136000,0,100.00000000,3.3200
1627540618511000,0,73.77306089,3.3100
1627540618511000,0,1007.00000000,3.3100
1627540618511000,0,302.00000000,3.3100
1627540618511000,0,55.86414695,3.3100
1627540618511000,0,510.45922037,3.3100
1627540618511000,0,386.23700000,3.3100
1627540618511000,0,310.93917686,3.3100
1627540618511000,0,153.41764832,3.3100
1627540618511000,0,119.54244093,3.3100
1627540618511000,0,47.82359301,3.3100
1627540618511000,0,215.19500000,3.3100
1627540618511000,0,1817.74871267,3.3100
1627540776184000,0,700.00000000,3.3000
1627540798074000,0,950.00000000,3.3000
1627540913152000,0,37.18710037,3.3000
1627540913152000,0,1150.00000000,3.3000
1627540913152000,0,750.00000000,3.3000
1627540913152000,0,179.05299533,3.3000
1627540913152000,0,92.75373743,3.3000
1627540913152000,0,241.09369191,3.3000
1627540913152000,0,386.23700000,3.3000
1627540913250000,1,179.05299533,3.3000
1627540913303000,1,1784.62247963,3.3000
1627541120112000,0,22.33116443,3.3000
1627541721089000,0,1049.28615384,3.3000
1627541806947000,1,5100.00000000,3.2900
1627541816855000,0,151.21884498,3.2900
1627542242622000,0,650.00000000,3.3000
1627542242622000,0,650.00000000,3.3000
1627542303693000,0,1000.00000000,3.3000
1627543059685000,1,1200.00000000,3.2900
1627543059685000,1,510.49515494,3.2900
1627543726233000,0,600.00000000,3.2900
1627543726233000,0,800.00000000,3.2900
1627543783120000,0,1400.00000000,3.2900
1627543870102000,0,1600.00000000,3.2900
1627543943758000,0,1100.00000000,3.2900
1627544114130000,0,21.19850070,3.2900
1627544184125000,1,63.11127596,3.2800
1627544585081000,0,278.80149930,3.2900
1627544585081000,0,600.00000000,3.2900
1627544812264000,1,213.43023000,3.2900
1627545479468000,1,213.43023000,3.2900
1627545479468000,1,1250.00000000,3.2900
1627545485099000,1,213.43023000,3.2900
1627545485099000,1,1750.00000000,3.2900
1627545502835000,1,213.43023000,3.2900
1627545502835000,1,1600.00000000,3.2900
1627545509973000,1,1750.00000000,3.2900
1627545962322000,1,1350.00000000,3.2900
1627545962322000,1,213.43023000,3.2900
1627545974443000,1,162.78742787,3.2900
1627545974443000,1,1300.00000000,3.2900
1627546015303000,1,0.02521046,3.2900
1627546017843000,1,165.25023000,3.2900
1627546032886000,1,1000.00000000,3.2900
1627546626602000,0,700.00000000,3.2800
1627546626602000,0,600.00000000,3.2800
1627547164146000,0,500.00000000,3.2800
1627547164146000,0,600.00000000,3.2800
1627547467798000,1,257.45659564,3.2700
1627547467798000,1,7.31141729,3.2700
1627547622281000,0,15.12158054,3.2900
1627548246058000,0,534.87841946,3.2900
1627548328024000,0,56.13143984,3.3000
1627548502818000,0,56.30398904,3.3100
1627548502818000,0,600.00000000,3.3100
1627549356236000,1,255.28301786,3.2900
1627549356236000,1,13.99880032,3.2900
1627549396942000,0,53.77101466,3.3000
1627549806634000,0,500.00000000,3.3100
1627549806634000,0,500.00000000,3.3100
1627550296986000,0,10.00000000,3.3400
1627550296986000,0,750.00000000,3.3400
1627550296986000,0,52.41345238,3.3400
1627550296986000,0,131.03632504,3.3400
1627551072157000,0,550.00000000,3.3400
1627551147200000,0,650.00000000,3.3400
1627551606337000,0,500.00000000,3.3500
1627551926115000,0,6.44000000,3.3600
1627551926115000,0,41.37248842,3.3600
1627551926115000,0,103.45340470,3.3600
1627552465139000,1,650.00000000,3.3500
1627553135341000,1,600.00000000,3.3400
1627553210302000,1,1200.00000000,3.3400
1627553467937000,0,98.01492537,3.3500
1627553941097000,0,69.53901084,3.3500
1627553941097000,0,173.21958551,3.3500
1627553962660000,0,62.44301827,3.3500
1627553973936000,0,59.62537447,3.3500
1627553974714000,0,149.06858537,3.3500
1627553990787000,0,56.32066851,3.3500
1627554189907000,0,55.05204177,3.3500
1627554189907000,0,137.24575501,3.3500
1627554201160000,0,46.39551922,3.3500
1627554201160000,0,115.98879805,3.3500
1627554577851000,0,28.21492537,3.3500
1627554977053000,0,47.05519138,3.3500
1627555019695000,0,34.10717998,3.3500
1627555599861000,0,6.00000000,3.3500
1627555833817000,1,500.00000000,3.3400
1627556017427000,0,47.44350519,3.3400
1627557848293000,0,150.51461964,3.3700
1627557848293000,0,63.26074521,3.3700
1627557848293000,0,411.15184532,3.3700
1627557848293000,0,158.13532512,3.3700
1627557848373000,1,150.43361115,3.3700
1627557848509000,1,5007.36138534,3.3700
1627557849437000,1,150.22098449,3.3700
1627557850536000,1,150.21882670,3.3700
1627557851637000,1,150.22200647,3.3700
1627557852742000,1,150.22896498,3.3700
1627557855937000,1,75.11940154,3.3700
1627557856107000,1,2715.09791303,3.3700
1627557858212000,1,75.11162704,3.3700
1627557859292000,1,75.10598599,3.3700
1627557860378000,1,75.10671130,3.3700
1627557861510000,1,75.10671130,3.3700
1627557862606000,1,75.10814560,3.3700
1627557863700000,1,75.11493114,3.3700
1627557864831000,1,25.03673089,3.3700
1627557865905000,1,25.03561019,3.3700
1627557866988000,1,25.03714521,3.3700
1627557868086000,1,25.03512298,3.3700
1627557869166000,1,25.03484325,3.3700
1627557870333000,1,25.03661758,3.3700
1627557871421000,1,25.03544036,3.3700
1627557872481000,1,25.03544036,3.3700
1627557873556000,1,25.03544036,3.3700
1627557874667000,1,25.03544036,3.3700
1627557875767000,1,25.03473913,3.3700
1627557876830000,1,25.03467302,3.3700
1627557878002000,1,25.03467302,3.3700
1627557879077000,1,25.03467302,3.3700
1627557880153000,1,25.03467302,3.3700
1627557881317000,1,25.03467302,3.3700
1627557882394000,1,25.03467302,3.3700
1627557883526000,1,25.03467302,3.3700
1627557884618000,1,25.03467302,3.3700
1627557885829000,1,25.03467302,3.3700
1627557887003000,1,25.03467302,3.3700
1627557888075000,1,25.03467302,3.3700
1627557889161000,1,25.03467302,3.3700
1627557907225000,0,47.85380111,3.3700
1627557907225000,0,25.03175551,3.3700
1627557907225000,0,119.27713282,3.3700
1627557907225000,0,310.12372406,3.3700
1627557907225000,0,10.00000000,3.3800
1627557907225000,0,6.11926606,3.3800
1627557907225000,0,400.00000000,3.3800
1627557907225000,0,76.17613600,3.3800
1627557907225000,0,302.00000000,3.3800
1627557907225000,0,121.82386400,3.3800
1627557907225000,0,1007.00000000,3.3800
1627557907225000,0,74.85811545,3.3800
1627557907225000,0,1188.20916036,3.3800
1627557907225000,0,302.00000000,3.3800
1627557907225000,0,86.63161860,3.3800
1627557907225000,0,386.23700000,3.3800
1627557907225000,0,211.38976000,3.3800
1627557907225000,0,62.59054011,3.3800
1627557907225000,0,1980.00000000,3.3800
1627557907225000,0,2840.80000000,3.3800
1627557907225000,0,441.87812592,3.3800
1627557907398000,0,25.03175551,3.3700
1627557908522000,1,25.03531719,3.3700
1627557909741000,1,25.03531719,3.3700
1627557910807000,1,25.03531719,3.3700
1627557911877000,1,25.03531719,3.3700
1627557913025000,1,25.03531719,3.3700
1627557914113000,1,25.03531719,3.3700
1627557915178000,1,25.02909523,3.3700
1627557919010000,1,25.02863481,3.3700
1627557921158000,1,25.02902185,3.3700
1627557921683000,0,692.12187408,3.3800
1627557921683000,0,211.38976000,3.3800
1627557921683000,0,72.91085605,3.3800
1627557921683000,0,475.35395664,3.3800
1627557921683000,0,229.07564665,3.3800
1627557921683000,0,120.93073128,3.3800
1627557921683000,0,62.58829296,3.3800
1627557921683000,0,51.44594864,3.3800
1627557921683000,0,717.67833286,3.3800
1627557921683000,0,85.49172888,3.3800
1627557921683000,0,240.96673040,3.3800
1627557921683000,0,2013.80000000,3.3800
1627557921683000,0,37.07180468,3.3800
1627557921683000,0,92.67951169,3.3800
1627557921752000,1,187.50000000,3.3800
1627557921781000,1,177.51479289,3.3800
1627557921813000,1,211.38976000,3.3800
1627557921909000,1,85.49172888,3.3800
1627557921954000,1,457.82720790,3.3800
1627557921992000,1,120.93073128,3.3800
1627557922036000,1,397.01500000,3.3800
1627557922042000,1,193.11900000,3.3800
1627557922065000,1,1549.70000000,3.3800
1627557922125000,1,244.67233727,3.3800
1627557922218000,1,25.02175024,3.3800
1627557922248000,1,252.97057396,3.3800
1627557922250000,1,120.93073128,3.3800
1627557922373000,1,306.45340236,3.3800
1627557922497000,1,120.93073128,3.3800
1627557922529000,1,177.66802071,3.3800
1627557922644000,1,56.73336094,3.3800
1627557922741000,1,120.93073128,3.3800
1627557922781000,1,59.90305325,3.3800
1627557922850000,1,29.79191167,3.3800
1627557935213000,1,36.66265060,3.3700
1627557953816000,0,651.38557333,3.3800
1627557953816000,0,1000.00000000,3.3800
1627557953816000,0,120.93073128,3.3800
1627557953816000,0,211.09682332,3.3800
1627557953816000,0,61.37234616,3.3800
1627557953816000,0,433.47771305,3.3800
1627557953816000,0,125.83108373,3.3800
1627557953816000,0,1026.00000000,3.3800
1627557953816000,0,27.50730198,3.3800
1627557953816000,0,68.76825496,3.3800
1627557953816000,0,1207.20000000,3.3800
1627557953875000,1,66.43017219,3.3800
1627557953895000,0,112.40395132,3.3800
1627557953899000,1,66.43017219,3.3800
1627557953943000,1,49.13596449,3.3800
1627557953949000,1,187.50000000,3.3800
1627557954004000,1,884.52991200,3.3800
1627557954018000,0,700.00000000,3.3800
1627557965351000,0,129.43823166,3.3800
1627557965351000,0,49.78742708,3.3800
1627557965351000,0,19.91496126,3.3800
1627557965998000,0,0.00000957,3.3800
1627557981100000,0,226.32454819,3.3900
1627557981100000,0,91.96849903,3.3900
1627557981100000,0,24.93053804,3.3900
1627557981100000,0,1215.00000000,3.3900
1627557981100000,0,36.23554475,3.3900
1627557981100000,0,14.49421790,3.3900
1627557981100000,0,94.20963576,3.3900
1627557981219000,1,24.93053804,3.3900
1627557982400000,1,24.93325993,3.3900
1627557983494000,1,24.92893859,3.3900
1627557984591000,1,24.92627517,3.3900
1627557985697000,1,24.92833627,3.3900
1627557986772000,1,24.93703955,3.3900
1627557987946000,1,24.93291425,3.3900
1627557989007000,1,24.92533287,3.3900
1627557990067000,1,24.93566924,3.3900
1627557991164000,1,24.93289110,3.3900
1627557992220000,1,24.92685188,3.3900
1627557993348000,1,24.92270952,3.3900
1627557994430000,1,36.27500000,3.3900
1627557995725000,1,120.38506968,3.3900
1627557995781000,1,406.99500000,3.3900
1627557995931000,1,120.38506000,3.3900
1627557996030000,1,120.38506968,3.3900
1627557996039000,1,119.11112979,3.3900
1627557996160000,1,252.21152802,3.3900
1627557996187000,1,397.01500000,3.3900
1627557996694000,1,37.41980696,3.3900
1627557996785000,1,1387.49359579,3.3900
1627557996839000,1,187.14579576,3.3800
1627558027849000,0,550.00000000,3.3900
1627558027849000,0,17.04716981,3.3900
1627558027849000,0,600.00000000,3.3900
1627558027849000,0,750.00000000,3.3900
1627558027849000,0,211.38976000,3.3900
1627558027849000,0,94.37331280,3.3900
1627558027849000,0,777.18975739,3.3900
1627558051511000,0,1230.18739898,3.3900
1627558051511000,0,32.71143190,3.3900
1627558051511000,0,12.57982743,3.3900
1627558051558000,1,56.06549999,3.3900
1627558051715000,1,261.82053868,3.3900
1627558055849000,1,37.42647807,3.3900
1627558055976000,1,12.49430021,3.3900
1627558056098000,1,74.86206985,3.3900
1627558056224000,1,124.79732804,3.3900
1627558057431000,1,37.42647807,3.3900
1627558057567000,1,74.87457360,3.3900
1627558057705000,1,74.81824226,3.3900
1627558057832000,1,124.85991552,3.3900
1627558058440000,1,56.03446874,3.3900
1627558058828000,1,120.48171000,3.3900
1627558058839000,1,12.47553724,3.3900
1627558058958000,1,37.43268055,3.3900
1627558059513000,1,158.13960536,3.3900
1627558060346000,1,12.47418825,3.3900
1627558060464000,1,37.45158812,3.3900
1627558060560000,1,90.99800000,3.3900
1627558061465000,1,12.47418825,3.3900
1627558062221000,1,397.01500000,3.3900
1627558066010000,1,95.51632164,3.3900
1627558067570000,1,90.99800000,3.3900
1627558072486000,1,57.69185827,3.3900
1627558096942000,0,19.80916443,3.4000
1627558096942000,0,211.38976000,3.4000
1627558096942000,0,120.48171600,3.4000
1627558096942000,0,17.41654187,3.4000
1627558096942000,0,302.00000000,3.4000
1627558096942000,0,36.33311297,3.4000
1627558096942000,0,1007.00000000,3.4000
1627558096942000,0,34.84588239,3.4000
1627558096942000,0,26.07422777,3.4000
1627558096942000,0,10.02854914,3.4000
1627558096992000,1,39.95083500,3.4000
1627558097111000,1,55.99756419,3.4000
1627558097184000,1,118.67264624,3.4000
1627558097184000,1,214.41809589,3.4000
1627558097226000,1,457.82720790,3.4000
1627558097234000,1,63.92425787,3.4000
1627558097235000,1,113.83043834,3.4000
1627558097235000,1,6.36180310,3.4000
1627558097358000,1,420.20213407,3.4000
1627558097483000,1,120.19224144,3.4000
1627558097485000,1,53.24382139,3.4000
1627558117201000,1,82.08578212,3.3900
1627558118384000,1,21.04691297,3.3900
1627558124820000,1,12.71233543,3.3900
1627558131298000,1,7.67825060,3.3900
1627558146890000,0,1350.00000000,3.4000
1627558146890000,0,5.00000000,3.4000
1627558245705000,1,55.97199999,3.3900
1627558246297000,1,36.18053497,3.3900
1627558246397000,1,84.30118103,3.3900
1627558246488000,1,140.82870501,3.3900
1627558246572000,1,120.22834968,3.3800
1627558246691000,1,59.19429788,3.3800
1627558291290000,1,178.15456053,3.3700
1627558662369000,1,199.71962655,3.3600
1627558679327000,1,207.27537345,3.3600
1627558680303000,1,120.65122104,3.3600
1627558680374000,1,17.89586619,3.3600
1627559169075000,0,30.61077844,3.3400
1627560783540000,1,7.07905544,3.3000
1627561113086000,1,302.44083000,3.3100
1627561114059000,1,0.00000055,3.3100
1627561114059000,1,372.07887945,3.3100
1627561115816000,1,0.00000967,3.3100
1627561116095000,0,8.27820934,3.3100
1627561116095000,0,184.84079066,3.3100
1627561128205000,0,193.11900000,3.3100
1627561143502000,0,193.11900000,3.3100
1627561158096000,0,193.11900000,3.3100
1627561398696000,0,1585.80220934,3.3100
1627561398696000,0,750.00000000,3.3100
1627561398696000,0,550.00000000,3.3100
1627561399560000,1,755.94922000,3.3100
1627561399736000,1,302.29729000,3.3100
1627561399959000,1,0.00000114,3.3100
1627561399959000,1,213.74246886,3.3100
1627561400017000,1,0.00000114,3.3100
1627561400017000,1,301.99999886,3.3100
1627561402975000,1,522.98842000,3.3100
1627561403265000,1,0.00000054,3.3100
1627561403265000,1,301.99999946,3.3100
1627561406651000,1,755.96682000,3.3100
1627561406810000,1,302.39613000,3.3100
1627561407011000,1,31.94667514,3.3100
1627561407050000,1,270.05332486,3.3100
1627561470992000,0,10.34441087,3.3100
1627561525882000,1,32.05332486,3.3000
1627561605490000,0,21.60226427,3.3100
1627561605490000,0,650.00000000,3.3100
1627561827013000,0,7.65033684,3.3200
1627561827013000,0,550.00000000,3.3200
1627561827013000,0,550.00000000,3.3200
1627561837314000,0,1000.00000000,3.3200
1627561837314000,0,600.00000000,3.3200
1627561846274000,0,1000.00000000,3.3200
1627561885813000,1,2225.10000000,3.3200
1627561885813000,1,302.00000000,3.3200
1627561980312000,1,6.70719844,3.3100
1627562050384000,0,700.00000000,3.3100
1627562050384000,0,30.42979234,3.3100
1627562050384000,0,76.07448084,3.3100
1627562706515000,0,50.00000000,3.3200
1627562742860000,0,600.00000000,3.3200
1627562742860000,0,750.00000000,3.3200
1627563353628000,1,26.11256544,3.3200
1627563462963000,0,38.23853134,3.3500
1627563484317000,0,38.19748873,3.3600
1627563492265000,1,247.35920277,3.3400
1627563505387000,1,659.09337000,3.3300
1627563505448000,1,347.90663000,3.3300
1627563505448000,1,302.00000000,3.3300
1627563505448000,1,299.28619094,3.3300
1627563505448000,1,1072.99170000,3.3300
1627563505448000,1,727.81547906,3.3300
1627563505499000,1,1300.00000000,3.3300
1627563505600000,1,550.00000000,3.3300
1627563557873000,0,691.69621221,3.3500
1627563567496000,1,298.79032000,3.3500
1627563586353000,1,299.68581213,3.3400
1627563749473000,1,299.65106469,3.3400
1627563749473000,1,749.16352877,3.3400
1627564172135000,0,127.97542429,3.3600
1627564262432000,0,125.55331535,3.3600
1627564449964000,0,18.73668639,3.3800
1627564669012000,0,8.66666626,3.3800
1627564669328000,0,110.93886278,3.3800
1627564683022000,0,12.97557070,3.3800
1627564759950000,0,21.91445427,3.3900
1627565280709000,0,133.00334746,3.3700
1627565287751000,0,28.09804212,3.3700
1627565303336000,0,129.35903920,3.3700
1627566236507000,1,193.11900000,3.3700
1627566305608000,0,6.10000000,3.3800
1627567443887000,0,200.00000000,3.3800
1627568065105000,0,23.31360947,3.3900
1627568104221000,0,119.52456164,3.3900
1627568117074000,0,141.28314427,3.3900
1627568292726000,1,296.96450602,3.3700
1627568390182000,1,260.05864827,3.3500
1627568390190000,1,38.20940424,3.3500
1627568458355000,1,25.23199400,3.3400
1627569236049000,1,279.24435878,3.3700
1627570781372000,0,24.91563275,3.3900
1627571708426000,0,107.01593754,3.3700
1627572882883000,0,105.41926519,3.3800
1627573082733000,0,24.99308408,3.3700
1627573082733000,0,102.90556290,3.3700
1627573082733000,0,149.85209485,3.3700
1627573274711000,1,277.75074183,3.3700
1627573312523000,0,8.76854599,3.3800
1627573325387000,1,13.07792099,3.3700
1627574396483000,0,100.00000000,3.3800
1627574670235000,0,103.68116866,3.3700
1627575030906000,0,101.65388906,3.3700
1627575855007000,0,99.30247566,3.3800
1627575855007000,0,247.52358679,3.3800
1627575910126000,0,91.52317639,3.3800
1627575910126000,0,8.35552183,3.3800
1627576145888000,0,58.73755666,3.3900
1627576147801000,0,85.17597438,3.3900
1627576147914000,0,34.33430826,3.3900
1627576263035000,0,84.22737727,3.3800
1627576263035000,0,210.56844317,3.3800
1627576356904000,0,77.54008705,3.3800
1627576720619000,0,550.00000000,3.3700
1627576720619000,0,75.56832643,3.3700
1627576744949000,0,73.88642298,3.3700
1627576873685000,1,25.00345440,3.3700
1627576876688000,1,25.00463113,3.3700
1627576877775000,1,25.00463113,3.3700
1627577182785000,1,25.00496542,3.3700
1627577358567000,0,73.00559334,3.3600
1627577410915000,0,71.34314194,3.3600
1627577410915000,0,46.19691740,3.3700
1627577537912000,0,68.72704785,3.3600
1627577537912000,0,113.63902357,3.3600
1627578289962000,1,24.99777174,3.3700
1627578767574000,0,176.59358880,3.3700
1627578800076000,0,16.12535608,3.3800
1627579330188000,0,66.64520973,3.3600
1627579330188000,0,166.12380655,3.3600
1627580765156000,0,60.00167266,3.3700
1627581005940000,0,67.62091251,3.3800
1627581571544000,1,297.92942406,3.3600
1627581571544000,1,744.59572801,3.3600
1627581571544000,1,3.26964561,3.3600
1627582039654000,0,90.25530949,3.3700
1627582079052000,0,88.22142482,3.3700
1627582163240000,0,86.23032086,3.3700
1627582163240000,0,214.98736400,3.3700
1627582163240000,0,559.01711214,3.3700
1627583625287000,0,142.00854660,3.3500
1627583625369000,1,66.85500882,3.3500
1627584436894000,1,99.87869822,3.3400
1627584479378000,0,62.45626318,3.3500
1627584479378000,0,155.72184504,3.3500
1627584495523000,0,57.53794413,3.3500
1627585535237000,0,17.45373134,3.3500
1627585885658000,0,40.01862262,3.3500
1627585983426000,0,55.37957823,3.3600
1627588196885000,0,186.62828190,3.3700
1627588196885000,0,74.63070158,3.3700
1627588397377000,0,62.97330647,3.3700
1627588397377000,0,157.44103508,3.3700
1627589642095000,0,2000.00000000,3.3900
1627589664158000,0,14.58980756,3.4200
1627589681701000,0,90.99800000,3.4200
1627589681858000,0,15.61813096,3.4200
1627589681858000,0,10.87613293,3.4200
1627589702360000,0,65.52120349,3.4100
1627589716153000,0,163.80502293,3.4100
1627589716153000,0,425.04811656,3.4100
1627590240573000,1,963.00000000,3.4100
1627590255590000,1,7.49096385,3.4000
1627590360357000,0,52.96345997,3.4100
1627590360357000,0,107.43143031,3.4100
1627591167832000,1,191.98072139,3.4000
1627591817929000,1,26.20114891,3.3900
1627592012093000,1,101.97984041,3.4000
1627592506611000,1,18.21786834,3.4000
1627594614168000,1,49.80692555,3.3800
1627594618036000,0,49.81196526,3.3800
1627594618102000,1,49.81196526,3.3800
1627594620422000,1,49.80893528,3.3800
1627594621588000,1,49.80857976,3.3800
1627594622682000,1,49.83634747,3.3800
1627594623767000,1,49.84296704,3.3800
1627594624826000,1,49.82468835,3.3800
1627594625936000,1,49.81847937,3.3800
1627594627001000,1,49.81847937,3.3800
1627594628061000,1,49.81666430,3.3800
1627594630191000,1,49.81771779,3.3800
1627594632384000,1,49.81486369,3.3800
1627595041834000,1,49.96349581,3.3700
1627595814909000,1,49.81588225,3.3800
1627595835888000,1,49.81534331,3.3800
1627595841421000,1,49.81479564,3.3800
1627596757569000,1,294.40282847,3.4000
1627597724553000,0,700.00000000,3.4100
1627597861214000,1,425.11530092,3.4000
1627597861289000,1,726.88469908,3.4000
1627597861289000,1,2023.11530092,3.4000
1627597861336000,1,400.00000000,3.4000
1627597861351000,1,90.31202819,3.4000
1627597861395000,1,111.47847089,3.4000
1627599696497000,1,25.00000000,3.4000
1627599802511000,0,6.00000000,3.4100
1627599843862000,0,10.55985699,3.4200
1627599843980000,0,120.83876843,3.4200
1627599957154000,1,304.42073170,3.4200
1627600708890000,0,10.00000000,3.4400
1627600753687000,0,6.15692308,3.4500
1627600753687000,0,253.03438126,3.4500
1627600789573000,0,96.96561874,3.4500
1627601677082000,0,111.14780416,3.4600
