timestamp ms,type,amount,price
1627516942320000,1,3200.00000000,3.3200
1627517037798000,1,2900.00000000,3.3100
1627517074349000,1,3000.00000000,3.3000
1627518567281000,1,450.00000000,3.3000
1627519391258000,0,1500.00000000,3.2800
1627520760271000,0,16.67259674,3.2700
1627521744393000,1,200.00000000,3.2500
1627526726105000,0,850.00000000,3.2700
1627528996962000,1,1050.00000000,3.2400
1627529580229000,1,174.28792570,3.2300
1627529580229000,1,50.00000000,3.2300
1627529580229000,1,1200.00000000,3.2300
1627529932085000,0,850.00000000,3.2400
1627530378439000,0,6.14197530,3.2400
1627530391104000,1,11.99491647,3.2300
1627530806917000,1,43.42829948,3.2500
1627530818761000,1,800.00000000,3.2500
1627531350418000,1,266.26176347,3.2400
1627532675893000,1,750.00000000,3.2700
1627532820616000,0,49.55439979,3.2800
1627532820616000,0,19.81797882,3.2800
1627532860822000,1,305.10187288,3.2800
1627534731872000,1,304.21704518,3.2900
1627534736101000,1,304.28479351,3.2900
1627537300752000,0,56.82061490,3.3100
1627537300752000,0,142.10067632,3.3100
1627537412496000,0,52.52502286,3.3100
1627537507756000,0,51.34461134,3.3100
1627537507756000,0,48.65538866,3.3100
1627537565741000,0,152.93865255,3.3200
1627537565741000,0,347.06134745,3.3200
1627538396259000,0,49.07914460,3.3100
1627538396259000,0,100.92085540,3.3100
1627538430136000,0,100.00000000,3.3200
1627540618511000,0,73.77306089,3.3100
1627540618511000,0,1007.00000000,3.3100
1627540618511000,0,302.00000000,3.3100
1627540618511000,0,55.86414695,3.3100
1627540618511000,0,510.45922037,3.3100
1627540618511000,0,386.23700000,3.3100
1627540618511000,0,310.93917686,3.3100
1627540618511000,0,153.41764832,3.3100
1627540618511000,0,119.54244093,3.3100
1627540618511000,0,47.82359301,3.3100
1627540618511000,0,215.19500000,3.3100
1627540618511000,0,1817.74871267,3.3100
1627540776184000,0,700.00000000,3.3000
1627540798074000,0,950.00000000,3.3000
1627540913152000,0,37.18710037,3.3000
1627540913152000,0,1150.00000000,3.3000
1627540913152000,0,750.00000000,3.3000
1627540913152000,0,179.05299533,3.3000
1627540913152000,0,92.75373743,3.3000
1627540913152000,0,241.09369191,3.3000
1627540913152000,0,386.23700000,3.3000
1627540913250000,1,179.05299533,3.3000
1627540913303000,1,1784.62247963,3.3000
1627541120112000,0,22.33116443,3.3000
1627541721089000,0,1049.28615384,3.3000
1627541806947000,1,5100.00000000,3.2900
1627541816855000,0,151.21884498,3.2900
1627542242622000,0,650.00000000,3.3000
1627542242622000,0,650.00000000,3.3000
1627542303693000,0,1000.00000000,3.3000
1627543059685000,1,1200.00000000,3.2900
1627543059685000,1,510.49515494,3.2900
1627543726233000,0,600.00000000,3.2900
1627543726233000,0,800.00000000,3.2900
1627543783120000,0,1400.00000000,3.2900
1627543870102000,0,1600.00000000,3.2900
1627543943758000,0,1100.00000000,3.2900
1627544114130000,0,21.19850070,3.2900
1627544184125000,1,63.11127596,3.2800
1627544585081000,0,278.80149930,3.2900
1627544585081000,0,600.00000000,3.2900
1627544812264000,1,213.43023000,3.2900
1627545479468000,1,213.43023000,3.2900
1627545479468000,1,1250.00000000,3.2900
1627545485099000,1,213.43023000,3.2900
1627545485099000,1,1750.00000000,3.2900
1627545502835000,1,213.43023000,3.2900
1627545502835000,1,1600.00000000,3.2900
1627545509973000,1,1750.00000000,3.2900
1627545962322000,1,1350.00000000,3.2900
1627545962322000,1,213.43023000,3.2900
1627545974443000,1,162.78742787,3.2900
1627545974443000,1,1300.00000000,3.2900
1627546015303000,1,0.02521046,3.2900
1627546017843000,1,165.25023000,3.2900
1627546032886000,1,1000.00000000,3.2900
1627546626602000,0,700.00000000,3.2800
1627546626602000,0,600.00000000,3.2800
1627547164146000,0,500.00000000,3.2800
1627547164146000,0,600.00000000,3.2800
1627547467798000,1,257.45659564,3.2700
1627547467798000,1,7.31141729,3.2700
1627547622281000,0,15.12158054,3.2900
1627548246058000,0,534.87841946,3.2900
1627548328024000,0,56.13143984,3.3000
1627548502818000,0,56.30398904,3.3100
1627548502818000,0,600.00000000,3.3100
1627549356236000,1,255.28301786,3.2900
1627549356236000,1,13.99880032,3.2900
1627549396942000,0,53.77101466,3.3000
1627549806634000,0,500.00000000,3.3100
1627549806634000,0,500.00000000,3.3100
1627550296986000,0,10.00000000,3.3400
1627550296986000,0,750.00000000,3.3400
1627550296986000,0,52.41345238,3.3400
1627550296986000,0,131.03632504,3.3400
1627551072157000,0,550.00000000,3.3400
1627551147200000,0,650.00000000,3.3400
1627551606337000,0,500.00000000,3.3500
1627551926115000,0,6.44000000,3.3600
1627551926115000,0,41.37248842,3.3600
1627551926115000,0,103.45340470,3.3600
1627552465139000,1,650.00000000,3.3500
1627553135341000,1,600.00000000,3.3400
1627553210302000,1,1200.00000000,3.3400
1627553467937000,0,98.01492537,3.3500
1627553941097000,0,69.53901084,3.3500
1627553941097000,0,173.21958551,3.3500
1627553962660000,0,62.44301827,3.3500
1627553973936000,0,59.62537447,3.3500
1627553974714000,0,149.06858537,3.3500
1627553990787000,0,56.32066851,3.3500
1627554189907000,0,55.05204177,3.3500
1627554189907000,0,137.24575501,3.3500
1627554201160000,0,46.39551922,3.3500
1627554201160000,0,115.98879805,3.3500
1627554577851000,0,28.21492537,3.3500
1627554977053000,0,47.05519138,3.3500
1627555019695000,0,34.10717998,3.3500
1627555599861000,0,6.00000000,3.3500
1627555833817000,1,500.00000000,3.3400
1627556017427000,0,47.44350519,3.3400
1627557848293000,0,150.51461964,3.3700
1627557848293000,0,63.26074521,3.3700
1627557848293000,0,411.15184532,3.3700
1627557848293000,0,158.13532512,3.3700
1627557848373000,1,150.43361115,3.3700
1627557848509000,1,5007.36138534,3.3700
1627557849437000,1,150.22098449,3.3700
1627557850536000,1,150.21882670,3.3700
1627557851637000,1,150.22200647,3.3700
1627557852742000,1,150.22896498,3.3700
1627557855937000,1,75.11940154,3.3700
1627557856107000,1,2715.09791303,3.3700
1627557858212000,1,75.11162704,3.3700
1627557859292000,1,75.10598599,3.3700
1627557860378000,1,75.10671130,3.3700
1627557861510000,1,75.10671130,3.3700
1627557862606000,1,75.10814560,3.3700
1627557863700000,1,75.11493114,3.3700
1627557864831000,1,25.03673089,3.3700
1627557865905000,1,25.03561019,3.3700
1627557866988000,1,25.03714521,3.3700
1627557868086000,1,25.03512298,3.3700
1627557869166000,1,25.03484325,3.3700
1627557870333000,1,25.03661758,3.3700
1627557871421000,1,25.03544036,3.3700
1627557872481000,1,25.03544036,3.3700
1627557873556000,1,25.03544036,3.3700
1627557874667000,1,25.03544036,3.3700
1627557875767000,1,25.03473913,3.3700
1627557876830000,1,25.03467302,3.3700
1627557878002000,1,25.03467302,3.3700
1627557879077000,1,25.03467302,3.3700
1627557880153000,1,25.03467302,3.3700
1627557881317000,1,25.03467302,3.3700
1627557882394000,1,25.03467302,3.3700
1627557883526000,1,25.03467302,3.3700
1627557884618000,1,25.03467302,3.3700
1627557885829000,1,25.03467302,3.3700
1627557887003000,1,25.03467302,3.3700
1627557888075000,1,25.03467302,3.3700
1627557889161000,1,25.03467302,3.3700
1627557907225000,0,47.85380111,3.3700
1627557907225000,0,25.03175551,3.3700
1627557907225000,0,119.27713282,3.3700
1627557907225000,0,310.12372406,3.3700
1627557907225000,0,10.00000000,3.3800
1627557907225000,0,6.11926606,3.3800
1627557907225000,0,400.00000000,3.3800
1627557907225000,0,76.17613600,3.3800
1627557907225000,0,302.00000000,3.3800
1627557907225000,0,121.82386400,3.3800
1627557907225000,0,1007.00000000,3.3800
1627557907225000,0,74.85811545,3.3800
1627557907225000,0,1188.20916036,3.3800
1627557907225000,0,302.00000000,3.3800
1627557907225000,0,86.63161860,3.3800
1627557907225000,0,386.23700000,3.3800
1627557907225000,0,211.38976000,3.3800
1627557907225000,0,62.59054011,3.3800
1627557907225000,0,1980.00000000,3.3800
1627557907225000,0,2840.80000000,3.3800
1627557907225000,0,441.87812592,3.3800
1627557907398000,0,25.03175551,3.3700
1627557908522000,1,25.03531719,3.3700
1627557909741000,1,25.03531719,3.3700
1627557910807000,1,25.03531719,3.3700
1627557911877000,1,25.03531719,3.3700
1627557913025000,1,25.03531719,3.3700
1627557914113000,1,25.03531719,3.3700
1627557915178000,1,25.02909523,3.3700
1627557919010000,1,25.02863481,3.3700
1627557921158000,1,25.02902185,3.3700
1627557921683000,0,692.12187408,3.3800
1627557921683000,0,211.38976000,3.3800
1627557921683000,0,72.91085605,3.3800
1627557921683000,0,475.35395664,3.3800
1627557921683000,0,229.07564665,3.3800
1627557921683000,0,120.93073128,3.3800
1627557921683000,0,62.58829296,3.3800
1627557921683000,0,51.44594864,3.3800
1627557921683000,0,717.67833286,3.3800
1627557921683000,0,85.49172888,3.3800
1627557921683000,0,240.96673040,3.3800
1627557921683000,0,2013.80000000,3.3800
1627557921683000,0,37.07180468,3.3800
1627557921683000,0,92.67951169,3.3800
1627557921752000,1,187.50000000,3.3800
1627557921781000,1,177.51479289,3.3800
1627557921813000,1,211.38976000,3.3800
1627557921909000,1,85.49172888,3.3800
1627557921954000,1,457.82720790,3.3800
1627557921992000,1,120.93073128,3.3800
1627557922036000,1,397.01500000,3.3800
1627557922042000,1,193.11900000,3.3800
1627557922065000,1,1549.70000000,3.3800
1627557922125000,1,244.67233727,3.3800
1627557922218000,1,25.02175024,3.3800
1627557922248000,1,252.97057396,3.3800
1627557922250000,1,120.93073128,3.3800
1627557922373000,1,306.45340236,3.3800
1627557922497000,1,120.93073128,3.3800
1627557922529000,1,177.66802071,3.3800
1627557922644000,1,56.73336094,3.3800
1627557922741000,1,120.93073128,3.3800
1627557922781000,1,59.90305325,3.3800
1627557922850000,1,29.79191167,3.3800
1627557935213000,1,36.66265060,3.3700
1627557953816000,0,651.38557333,3.3800
1627557953816000,0,1000.00000000,3.3800
1627557953816000,0,120.93073128,3.3800
1627557953816000,0,211.09682332,3.3800
1627557953816000,0,61.37234616,3.3800
1627557953816000,0,433.47771305,3.3800
1627557953816000,0,125.83108373,3.3800
1627557953816000,0,1026.00000000,3.3800
1627557953816000,0,27.50730198,3.3800
1627557953816000,0,68.76825496,3.3800
1627557953816000,0,1207.20000000,3.3800
1627557953875000,1,66.43017219,3.3800
1627557953895000,0,112.40395132,3.3800
1627557953899000,1,66.43017219,3.3800
1627557953943000,1,49.13596449,3.3800
1627557953949000,1,187.50000000,3.3800
1627557954004000,1,884.52991200,3.3800
1627557954018000,0,700.00000000,3.3800
1627557965351000,0,129.43823166,3.3800
1627557965351000,0,49.78742708,3.3800
1627557965351000,0,19.91496126,3.3800
1627557965998000,0,0.00000957,3.3800
1627557981100000,0,226.32454819,3.3900
1627557981100000,0,91.96849903,3.3900
1627557981100000,0,24.93053804,3.3900
1627557981100000,0,1215.00000000,3.3900
1627557981100000,0,36.23554475,3.3900
1627557981100000,0,14.49421790,3.3900
1627557981100000,0,94.20963576,3.3900
1627557981219000,1,24.93053804,3.3900
1627557982400000,1,24.93325993,3.3900
1627557983494000,1,24.92893859,3.3900
1627557984591000,1,24.92627517,3.3900
1627557985697000,1,24.92833627,3.3900
1627557986772000,1,24.93703955,3.3900
1627557987946000,1,24.93291425,3.3900
1627557989007000,1,24.92533287,3.3900
1627557990067000,1,24.93566924,3.3900
1627557991164000,1,24.93289110,3.3900
1627557992220000,1,24.92685188,3.3900
1627557993348000,1,24.92270952,3.3900
1627557994430000,1,36.27500000,3.3900
1627557995725000,1,120.38506968,3.3900
1627557995781000,1,406.99500000,3.3900
1627557995931000,1,120.38506000,3.3900
1627557996030000,1,120.38506968,3.3900
1627557996039000,1,119.11112979,3.3900
1627557996160000,1,252.21152802,3.3900
1627557996187000,1,397.01500000,3.3900
1627557996694000,1,37.41980696,3.3900
1627557996785000,1,1387.49359579,3.3900
1627557996839000,1,187.14579576,3.3800
1627558027849000,0,550.00000000,3.3900
1627558027849000,0,17.04716981,3.3900
1627558027849000,0,600.00000000,3.3900
1627558027849000,0,750.00000000,3.3900
1627558027849000,0,211.38976000,3.3900
1627558027849000,0,94.37331280,3.3900
1627558027849000,0,777.18975739,3.3900
1627558051511000,0,1230.18739898,3.3900
1627558051511000,0,32.71143190,3.3900
1627558051511000,0,12.57982743,3.3900
1627558051558000,1,56.06549999,3.3900
1627558051715000,1,261.82053868,3.3900
1627558055849000,1,37.42647807,3.3900
1627558055976000,1,12.49430021,3.3900
1627558056098000,1,74.86206985,3.3900
1627558056224000,1,124.79732804,3.3900
1627558057431000,1,37.42647807,3.3900
1627558057567000,1,74.87457360,3.3900
1627558057705000,1,74.81824226,3.3900
1627558057832000,1,124.85991552,3.3900
1627558058440000,1,56.03446874,3.3900
1627558058828000,1,120.48171000,3.3900
1627558058839000,1,12.47553724,3.3900
1627558058958000,1,37.43268055,3.3900
1627558059513000,1,158.13960536,3.3900
1627558060346000,1,12.47418825,3.3900
1627558060464000,1,37.45158812,3.3900
1627558060560000,1,90.99800000,3.3900
1627558061465000,1,12.47418825,3.3900
1627558062221000,1,397.01500000,3.3900
1627558066010000,1,95.51632164,3.3900
1627558067570000,1,90.99800000,3.3900
1627558072486000,1,57.69185827,3.3900
1627558096942000,0,19.80916443,3.4000
1627558096942000,0,211.38976000,3.4000
1627558096942000,0,120.48171600,3.4000
1627558096942000,0,17.41654187,3.4000
1627558096942000,0,302.00000000,3.4000
1627558096942000,0,36.33311297,3.4000
1627558096942000,0,1007.00000000,3.4000
1627558096942000,0,34.84588239,3.4000
1627558096942000,0,26.07422777,3.4000
1627558096942000,0,10.02854914,3.4000
1627558096992000,1,39.95083500,3.4000
1627558097111000,1,55.99756419,3.4000
1627558097184000,1,118.67264624,3.4000
1627558097184000,1,214.41809589,3.4000
1627558097226000,1,457.82720790,3.4000
1627558097234000,1,63.92425787,3.4000
1627558097235000,1,113.83043834,3.4000
1627558097235000,1,6.36180310,3.4000
1627558097358000,1,420.20213407,3.4000
1627558097483000,1,120.19224144,3.4000
1627558097485000,1,53.24382139,3.4000
1627558117201000,1,82.08578212,3.3900
1627558118384000,1,21.04691297,3.3900
1627558124820000,1,12.71233543,3.3900
1627558131298000,1,7.67825060,3.3900
1627558146890000,0,1350.00000000,3.4000
1627558146890000,0,5.00000000,3.4000
1627558245705000,1,55.97199999,3.3900
1627558246297000,1,36.18053497,3.3900
1627558246397000,1,84.30118103,3.3900
1627558246488000,1,140.82870501,3.3900
1627558246572000,1,120.22834968,3.3800
1627558246691000,1,59.19429788,3.3800
1627558291290000,1,178.15456053,3.3700
1627558662369000,1,199.71962655,3.3600
1627558679327000,1,207.27537345,3.3600
1627558680303000,1,120.65122104,3.3600
1627558680374000,1,17.89586619,3.3600
1627559169075000,0,30.61077844,3.3400
1627560783540000,1,7.07905544,3.3000
1627561113086000,1,302.44083000,3.3100
1627561114059000,1,0.00000055,3.3100
1627561114059000,1,372.07887945,3.3100
1627561115816000,1,0.00000967,3.3100
1627561116095000,0,8.27820934,3.3100
1627561116095000,0,184.84079066,3.3100
1627561128205000,0,193.11900000,3.3100
1627561143502000,0,193.11900000,3.3100
1627561158096000,0,193.11900000,3.3100
1627561398696000,0,1585.80220934,3.3100
1627561398696000,0,750.00000000,3.3100
1627561398696000,0,550.00000000,3.3100
1627561399560000,1,755.94922000,3.3100
1627561399736000,1,302.29729000,3.3100
1627561399959000,1,0.00000114,3.3100
1627561399959000,1,213.74246886,3.3100
1627561400017000,1,0.00000114,3.3100
1627561400017000,1,301.99999886,3.3100
1627561402975000,1,522.98842000,3.3100
1627561403265000,1,0.00000054,3.3100
1627561403265000,1,301.99999946,3.3100
1627561406651000,1,755.96682000,3.3100
1627561406810000,1,302.39613000,3.3100
1627561407011000,1,31.94667514,3.3100
1627561407050000,1,270.05332486,3.3100
1627561470992000,0,10.34441087,3.3100
1627561525882000,1,32.05332486,3.3000
1627561605490000,0,21.60226427,3.3100
1627561605490000,0,650.00000000,3.3100
1627561827013000,0,7.65033684,3.3200
1627561827013000,0,550.00000000,3.3200
1627561827013000,0,550.00000000,3.3200
1627561837314000,0,1000.00000000,3.3200
1627561837314000,0,600.00000000,3.3200
1627561846274000,0,1000.00000000,3.3200
1627561885813000,1,2225.10000000,3.3200
1627561885813000,1,302.00000000,3.3200
1627561980312000,1,6.70719844,3.3100
1627562050384000,0,700.00000000,3.3100
1627562050384000,0,30.42979234,3.3100
1627562050384000,0,76.07448084,3.3100
1627562706515000,0,50.00000000,3.3200
1627562742860000,0,600.00000000,3.3200
1627562742860000,0,750.00000000,3.3200
1627563353628000,1,26.11256544,3.3200
1627563462963000,0,38.23853134,3.3500
1627563484317000,0,38.19748873,3.3600
1627563492265000,1,247.35920277,3.3400
1627563505387000,1,659.09337000,3.3300
1627563505448000,1,347.90663000,3.3300
1627563505448000,1,302.00000000,3.3300
1627563505448000,1,299.28619094,3.3300
1627563505448000,1,1072.99170000,3.3300
1627563505448000,1,727.81547906,3.3300
1627563505499000,1,1300.00000000,3.3300
1627563505600000,1,550.00000000,3.3300
1627563557873000,0,691.69621221,3.3500
1627563567496000,1,298.79032000,3.3500
1627563586353000,1,299.68581213,3.3400
1627563749473000,1,299.65106469,3.3400
1627563749473000,1,749.16352877,3.3400
1627564172135000,0,127.97542429,3.3600
1627564262432000,0,125.55331535,3.3600
1627564449964000,0,18.73668639,3.3800
1627564669012000,0,8.66666626,3.3800
1627564669328000,0,110.93886278,3.3800
1627564683022000,0,12.97557070,3.3800
1627564759950000,0,21.91445427,3.3900
1627565280709000,0,133.00334746,3.3700
1627565287751000,0,28.09804212,3.3700
1627565303336000,0,129.35903920,3.3700
1627566236507000,1,193.11900000,3.3700
1627566305608000,0,6.10000000,3.3800
1627567443887000,0,200.00000000,3.3800
1627568065105000,0,23.31360947,3.3900
1627568104221000,0,119.52456164,3.3900
1627568117074000,0,141.28314427,3.3900
1627568292726000,1,296.96450602,3.3700
1627568390182000,1,260.05864827,3.3500
1627568390190000,1,38.20940424,3.3500
1627568458355000,1,25.23199400,3.3400
1627569236049000,1,279.24435878,3.3700
1627570781372000,0,24.91563275,3.3900
1627571708426000,0,107.01593754,3.3700
1627572882883000,0,105.41926519,3.3800
1627573082733000,0,24.99308408,3.3700
1627573082733000,0,102.90556290,3.3700
1627573082733000,0,149.85209485,3.3700
1627573274711000,1,277.75074183,3.3700
1627573312523000,0,8.76854599,3.3800
1627573325387000,1,13.07792099,3.3700
1627574396483000,0,100.00000000,3.3800
1627574670235000,0,103.68116866,3.3700
1627575030906000,0,101.65388906,3.3700
1627575855007000,0,99.30247566,3.3800
1627575855007000,0,247.52358679,3.3800
1627575910126000,0,91.52317639,3.3800
1627575910126000,0,8.35552183,3.3800
1627576145888000,0,58.73755666,3.3900
1627576147801000,0,85.17597438,3.3900
1627576147914000,0,34.33430826,3.3900
1627576263035000,0,84.22737727,3.3800
1627576263035000,0,210.56844317,3.3800
1627576356904000,0,77.54008705,3.3800
1627576720619000,0,550.00000000,3.3700
1627576720619000,0,75.56832643,3.3700
1627576744949000,0,73.88642298,3.3700
1627576873685000,1,25.00345440,3.3700
1627576876688000,1,25.00463113,3.3700
1627576877775000,1,25.00463113,3.3700
1627577182785000,1,25.00496542,3.3700
1627577358567000,0,73.00559334,3.3600
1627577410915000,0,71.34314194,3.3600
1627577410915000,0,46.19691740,3.3700
1627577537912000,0,68.72704785,3.3600
1627577537912000,0,113.63902357,3.3600
1627578289962000,1,24.99777174,3.3700
1627578767574000,0,176.59358880,3.3700
1627578800076000,0,16.12535608,3.3800
1627579330188000,0,66.64520973,3.3600
1627579330188000,0,166.12380655,3.3600
1627580765156000,0,60.00167266,3.3700
1627581005940000,0,67.62091251,3.3800
1627581571544000,1,297.92942406,3.3600
1627581571544000,1,744.59572801,3.3600
1627581571544000,1,3.26964561,3.3600
1627582039654000,0,90.25530949,3.3700
1627582079052000,0,88.22142482,3.3700
1627582163240000,0,86.23032086,3.3700
1627582163240000,0,214.98736400,3.3700
1627582163240000,0,559.01711214,3.3700
1627583625287000,0,142.00854660,3.3500
1627583625369000,1,66.85500882,3.3500
1627584436894000,1,99.87869822,3.3400
1627584479378000,0,62.45626318,3.3500
1627584479378000,0,155.72184504,3.3500
1627584495523000,0,57.53794413,3.3500
1627585535237000,0,17.45373134,3.3500
1627585885658000,0,40.01862262,3.3500
1627585983426000,0,55.37957823,3.3600
1627588196885000,0,186.62828190,3.3700
1627588196885000,0,74.63070158,3.3700
1627588397377000,0,62.97330647,3.3700
1627588397377000,0,157.44103508,3.3700
1627589642095000,0,2000.00000000,3.3900
1627589664158000,0,14.58980756,3.4200
1627589681701000,0,90.99800000,3.4200
1627589681858000,0,15.61813096,3.4200
1627589681858000,0,10.87613293,3.4200
1627589702360000,0,65.52120349,3.4100
1627589716153000,0,163.80502293,3.4100
1627589716153000,0,425.04811656,3.4100
1627590240573000,1,963.00000000,3.4100
1627590255590000,1,7.49096385,3.4000
1627590360357000,0,52.96345997,3.4100
1627590360357000,0,107.43143031,3.4100
1627591167832000,1,191.98072139,3.4000
1627591817929000,1,26.20114891,3.3900
1627592012093000,1,101.97984041,3.4000
1627592506611000,1,18.21786834,3.4000
1627594614168000,1,49.80692555,3.3800
1627594618036000,0,49.81196526,3.3800
1627594618102000,1,49.81196526,3.3800
1627594620422000,1,49.80893528,3.3800
1627594621588000,1,49.80857976,3.3800
1627594622682000,1,49.83634747,3.3800
1627594623767000,1,49.84296704,3.3800
1627594624826000,1,49.82468835,3.3800
1627594625936000,1,49.81847937,3.3800
1627594627001000,1,49.81847937,3.3800
1627594628061000,1,49.81666430,3.3800
1627594630191000,1,49.81771779,3.3800
1627594632384000,1,49.81486369,3.3800
1627595041834000,1,49.96349581,3.3700
1627595814909000,1,49.81588225,3.3800
1627595835888000,1,49.81534331,3.3800
1627595841421000,1,49.81479564,3.3800
1627596757569000,1,294.40282847,3.4000
1627597724553000,0,700.00000000,3.4100
1627597861214000,1,425.11530092,3.4000
1627597861289000,1,726.88469908,3.4000
1627597861289000,1,2023.11530092,3.4000
1627597861336000,1,400.00000000,3.4000
1627597861351000,1,90.31202819,3.4000
1627597861395000,1,111.47847089,3.4000
1627599696497000,1,25.00000000,3.4000
1627599802511000,0,6.00000000,3.4100
1627599843862000,0,10.55985699,3.4200
1627599843980000,0,120.83876843,3.4200
1627599957154000,1,304.42073170,3.4200
1627600708890000,0,10.00000000,3.4400
1627600753687000,0,6.15692308,3.4500
1627600753687000,0,253.03438126,3.4500
1627600789573000,0,96.96561874,3.4500
1627601677082000,0,111.14780416,3.4600
1627601677082000,0,145.30635043,3.4600
1627603222357000,0,250.00000000,3.4600
1627603332510000,0,105.28683070,3.4700
1627603519207000,0,100.00000000,3.4700
1627604246242000,0,700.00000000,3.4700
1627604302207000,0,5.93768546,3.4800
1627604302207000,0,6.25100000,3.4800
1627604302207000,0,6.10060976,3.4800
1627604348386000,0,650.00000000,3.4800
1627604470176000,0,10.00000000,3.4900
1627604470176000,0,100.00000000,3.4900
1627604470176000,0,386.23700000,3.4900
1627604470176000,0,241.85723684,3.4900
1627604470176000,0,263.92582046,3.4900
1627604492337000,1,6.01719197,3.4800
1627604516654000,0,96.68264270,3.4900
1627604661250000,0,13.56932153,3.5000
1627604661250000,0,358.32807570,3.5000
1627604661250000,0,6.03030303,3.5000
1627604823320000,1,302.00000000,3.5100
1627606064286000,0,138.18766553,3.4900
1627606064286000,0,344.63956030,3.4900
1627606064286000,0,896.11788688,3.4900
1627606064286000,0,241.39319729,3.4900
1627606064360000,0,0.00001634,3.4900
1627606133068000,0,84.39647000,3.5200
1627606133825000,0,0.00000559,3.5200
1627606160159000,0,82.44549841,3.5200
1627606160159000,0,205.47207015,3.5200
1627606167230000,0,75.91221080,3.5200
1627606390672000,1,470.56956789,3.5200
1627606759722000,1,40.00000000,3.5100
1627607275158000,0,100.00000000,3.5300
1627607815257000,1,89.49109525,3.5300
1627608008940000,0,81.65258577,3.5300
1627608288879000,0,79.81336141,3.5200
1627608312958000,0,78.01420175,3.5200
1627608943893000,0,76.26745112,3.5200
1627609041809000,0,74.55867316,3.5200
1627609285197000,0,72.85439298,3.5300
1627609538930000,0,5.81686047,3.5400
1627610170860000,0,73.38864452,3.5400
1627610431913000,0,13.08139535,3.5500
1627610431913000,0,40.00000000,3.5500
1627610431913000,0,805.00000000,3.5500
1627610530056000,0,72.27707729,3.5500
1627610622131000,0,70.64355256,3.5500
1627611176576000,0,69.05698481,3.5600
1627611256630000,0,9.22128851,3.5700
1627611359847000,1,302.00000000,3.5500
1627611359847000,1,281.21013050,3.5500
1627611359847000,1,77.09265950,3.5500
1627611359923000,1,1700.00000000,3.5500
1627611359999000,1,2256.11784050,3.5500
1627612141658000,0,477.53702862,3.5400
1627612141658000,0,73.63485348,3.5400
1627612141658000,0,184.11599439,3.5400
1627612201801000,0,55.41508890,3.5400
1627612225861000,1,54.68206630,3.5400
1627612507130000,0,133.63522514,3.5400
1627612507130000,0,53.39735713,3.5400
1627612510552000,0,121.22890939,3.5400
1627612510552000,0,48.49156376,3.5400
1627612535286000,0,40.94482885,3.5400
1627612535286000,0,111.64459119,3.5400
1627612541507000,0,268.76402780,3.5400
1627612543901000,0,229.36951797,3.5400
1627612743112000,0,29.43927095,3.5300
1627612743112000,0,73.59817739,3.5300
1627612743112000,0,190.81531496,3.5300
1627612766006000,0,22.81275855,3.5300
1627612766006000,0,57.03189637,3.5300
1627613016958000,0,136.56507905,3.5400
1627613016958000,0,52.51102952,3.5400
1627613016958000,0,21.00095652,3.5400
1627613023125000,0,16.27449758,3.5400
1627613023125000,0,105.78423428,3.5400
1627613023125000,0,40.68624395,3.5400
1627613190660000,0,12.60075467,3.5400
1627613740957000,1,11.02832009,3.5200
1627613794008000,0,11.59034548,3.5200
1627614202869000,0,9.74752559,3.5200
1627614202869000,0,24.36881398,3.5200
1627616815726000,1,16.98240469,3.5200
1627617003612000,0,10.23443405,3.5200
1627617180499000,0,10.00300218,3.5200
1627617180499000,0,25.01265473,3.5200
1627617180511000,0,0.00000001,3.5200
1627617487896000,0,9.21665175,3.5200
1627617487896000,0,99.99994825,3.5200
1627617495555000,0,0.00005175,3.5200
1627618126554000,1,750.00000000,3.5100
1627619178611000,1,277.14266273,3.5000
1627619178611000,1,500.00000000,3.5000
1627619350259000,0,132.90582211,3.5000
1627620296691000,1,550.00000000,3.4700
1627621074132000,0,391.62500000,3.4800
1627621874465000,1,450.00000000,3.4800
1627623701915000,1,287.64100602,3.4800
1627623737566000,1,850.00000000,3.4700
1627624821356000,0,29.41245618,3.4700
1627625033860000,1,288.47592124,3.4700
1627625033860000,1,450.00000000,3.4700
1627625033860000,1,721.01162669,3.4700
1627625033860000,1,242.40122841,3.4700
1627625033860000,1,386.23700000,3.4700
1627625033860000,1,830.25600366,3.4700
1627625035074000,1,500.00000000,3.4700
1627625436949000,0,11.13256484,3.4700
1627626693579000,0,78.54725714,3.4900
1627626693603000,0,6.46931481,3.4900
1627626799885000,0,83.04138952,3.5000
1627627278719000,0,5.66951566,3.5100
1627627475533000,0,192.16935106,3.5100
1627627475533000,0,79.34006894,3.5100
1627627577450000,1,284.33480533,3.5200
1627627585270000,0,81.02114000,3.5200
1627628181325000,0,90.47307000,3.5400
1627628206615000,0,92.88291669,3.5500
1627628367564000,1,282.74745085,3.5400
1627628367564000,1,500.00000000,3.5400
1627628367564000,1,219.27260645,3.5400
1627628468227000,1,950.00000000,3.5300
1627628892110000,0,9.20542493,3.5200
1627629240235000,0,21.16633381,3.5200
1627629572886000,1,6.10176991,3.4800
1627630415811000,0,113.00668402,3.4900
1627630695147000,0,141.74074074,3.5100
1627630783621000,0,263.56883231,3.5200
1627630783621000,0,685.05503739,3.5200
1627630783621000,0,105.40101030,3.5200
1627630784385000,0,50.00000000,3.5300
1627630784385000,0,350.00000000,3.5300
1627630784385000,0,561.31938000,3.5300
1627630784451000,0,2700.00000000,3.5300
1627630784513000,0,670.47707014,3.5300
1627630826078000,1,283.47015000,3.5200
1627630930679000,0,50.00000000,3.5500
1627630930679000,0,900.00000000,3.5500
1627630930679000,0,82.88384492,3.5500
1627630942742000,0,81.21498000,3.5600
1627630956112000,0,60.46370710,3.5700
1627630956112000,0,79.12582711,3.5700
1627630956114000,0,0.00000001,3.5700
1627630966462000,0,12.90000000,3.5800
1627631173509000,0,75.81246567,3.5400
1627631173509000,0,188.99727358,3.5400
1627631641106000,0,61.01090605,3.5400
1627631653722000,0,59.65246017,3.5400
1627631797417000,0,57.00286164,3.5400
1627631797417000,0,142.07000056,3.5400
1627631852331000,0,52.52647236,3.5400
1627631852331000,0,130.87986870,3.5400
1627631899520000,0,55.75178247,3.5400
1627631909685000,0,54.50268746,3.5400
1627631951281000,0,53.26888478,3.5400
1627631951281000,0,132.84310230,3.5400
1627632101966000,1,48.26391846,3.5400
1627632295211000,1,568.22190000,3.5300
1627632295345000,1,138.51987599,3.5300
1627632295345000,1,16.59811401,3.5300
1627632295358000,1,125.08811538,3.5300
1627632295417000,1,141.13379211,3.5300
1627632370340000,1,386.23700000,3.5100
1627632370340000,1,105.60202394,3.5100
1627632405111000,0,16.91218130,3.5300
1627633096449000,1,285.01917037,3.5100
1627633096449000,1,239.25128911,3.5100
1627633096449000,1,301.99999052,3.5100
1627633146489000,1,239.84521064,3.5000
1627633146489000,1,285.20983779,3.5000
1627633146489000,1,302.00000000,3.5000
1627633212739000,0,720.00000000,3.5100
1627633212739000,0,114.61835354,3.5100
1627633212739000,0,123.82512646,3.5100
1627633226350000,0,106.73771000,3.5200
1627633598238000,0,28.26704545,3.5200
1627633948941000,1,10.00000000,3.5000
1627634084381000,0,100.68054678,3.5000
1627634338585000,0,453.25901978,3.5000
1627634338585000,0,555.35812307,3.5000
1627634412334000,1,241.40493481,3.4700
1627634412334000,1,718.90537192,3.4700
1627634412334000,1,287.63878644,3.4700
1627634412334000,1,307.62612806,3.4600
1627634412609000,1,241.60628440,3.4700
1627634412609000,1,54.10468054,3.4700
1627634412651000,1,50.00000000,3.4700
1627634499746000,1,290.75862000,3.4400
1627634504729000,1,290.92659540,3.4400
1627634505116000,0,6.10465116,3.4500
1627634569043000,1,10.00000000,3.4100
1627634569043000,1,18.06701634,3.4100
1627634575448000,1,102.88789366,3.4100
1627634769511000,1,932.32941176,3.4000
1627634769511000,1,294.27999324,3.4000
1627634769942000,1,76.20701149,3.3900
1627634769942000,1,191.41357674,3.3900
1627634811317000,0,17.99410029,3.3900
1627634814235000,0,5.90265487,3.3900
1627634816636000,1,10.00000000,3.3800
1627634975491000,1,86.93610063,3.3800
1627634975491000,1,25.00000000,3.3800
1627634997241000,0,150.62890000,3.3800
1627635048402000,0,160.72939524,3.3800
1627635072637000,1,6.41071428,3.3600
1627635072637000,1,63.95996209,3.3600
1627635072678000,1,75.29903603,3.3500
1627635072678000,1,183.89226831,3.3500
1627635075940000,1,256.14023000,3.3500
1627635075940000,1,302.00000000,3.3500
1627635075940000,1,73.39007638,3.3400
1627635075940000,1,377.08683647,3.3400
1627635086888000,0,1150.00000000,3.3600
1627635086888000,0,448.53869047,3.3600
1627635095831000,0,5.95535714,3.3500
1627635138028000,1,8.80530973,3.3300
1627635154585000,0,700.00000000,3.3400
1627635339884000,0,800.00000000,3.3600
1627635339884000,0,168.65566406,3.3600
1627635339884000,0,30.81159784,3.3600
1627635453155000,0,164.05050390,3.3600
1627635460526000,0,160.34112571,3.3600
1627636156181000,0,29.61309523,3.3600
1627636231954000,1,10.00000000,3.3400
1627636257918000,0,66.64862641,3.3400
1627636442837000,1,9.33935018,3.3400
1627636592236000,1,114.91021219,3.3300
1627636661500000,1,136.60693853,3.3300
1627636661500000,1,386.23700000,3.3300
1627636661500000,1,302.00000000,3.3300
1627636661500000,1,77.93813983,3.3300
1627636661500000,1,440.32610214,3.3300
1627636661500000,1,2213.22935893,3.3300
1627636800338000,0,8.88853774,3.3400
1627637110149000,1,12.90000000,3.3100
1627637113227000,0,6.04531722,3.3100
1627637268561000,0,16.61631420,3.3100
1627637289065000,1,440.00000000,3.3000
1627637289065000,1,284.52852852,3.3000
1627637289065000,1,77.83904679,3.2900
1627637289065000,1,399.71800000,3.2900
1627637289065000,1,2432.28549387,3.2900
1627637297497000,0,15.35500000,3.3100
1627637314545000,0,14.99700000,3.3100
1627637319728000,0,7.16000000,3.3100
1627637373130000,1,23.31360947,3.2900
1627637786737000,0,135.22442566,3.3100
1627638538501000,0,129.83139314,3.3200
1627638551527000,0,123.97887993,3.3200
1627638555715000,0,124.13737347,3.3200
1627638557512000,0,310.34256988,3.3200
1627638691559000,0,128.87087087,3.3300
1627638865935000,0,114.35020999,3.3300
1627639979144000,1,250.08023000,3.3200
1627640167374000,1,250.08023000,3.3100
1627640171706000,0,44.90340000,3.3100
1627640266491000,1,250.00000000,3.3100
1627642042293000,0,5.95808383,3.3400
1627642054756000,1,11.62759949,3.3200
1627642582648000,0,56.27086304,3.3400
1627642584402000,0,386.23700000,3.3400
1627642584402000,0,251.97305020,3.3400
1627642584402000,0,219.58726332,3.3400
1627645315782000,1,75.00150602,3.3200
1627645484539000,0,7.46846846,3.3300
1627645834263000,0,19.07993917,3.3300
1627645834263000,0,10.80068773,3.3300
1627646350650000,0,176.97170257,3.3200
1627646350650000,0,253.77176380,3.3200
1627646350650000,0,441.32465543,3.3200
1627646350650000,0,131.27826374,3.3200
1627647188338000,0,158.18167426,3.3400
1627647513704000,1,298.78749002,3.3500
1627649658726000,1,151.74304978,3.3400
1627649691319000,1,112.36083315,3.3400
1627649705962000,1,274.60720230,3.3400
1627649706100000,1,109.84288092,3.3400
1627649706113000,1,1.44603385,3.3400
1627649706113000,1,273.16116845,3.3400
1627649713698000,1,94.96454412,3.3400
1627651822526000,0,225.30023696,3.3500
1627651841683000,0,85.02533398,3.3500
1627653440248000,1,195.93679245,3.3400
1627653440248000,1,298.83673492,3.3400
1627654195860000,0,127.43165788,3.3700
1627654203025000,1,296.85922000,3.3700
1627654549037000,1,156.07781408,3.3800
1627654549037000,1,740.17184232,3.3800
1627655092003000,1,128.23174183,3.3800
1627655092003000,1,500.00000000,3.3800
1627655252299000,1,296.13900190,3.3800
1627655656884000,0,10.00000000,3.3800
1627655748512000,0,8.74260355,3.3800
1627656236652000,0,147.13864306,3.3900
1627657432971000,0,175.00000000,3.3700
1627659482079000,0,177.76847779,3.4000
1627659545474000,0,16.61631420,3.4100
1627660628039000,0,173.86415552,3.4100
1627660629474000,0,6.04531722,3.4200
1627660629474000,0,63.30472092,3.4200
1627660629474000,0,103.64996186,3.4200
1627661169760000,1,248.27908724,3.3900
1627661169760000,1,160.80925270,3.3900
1627662577959000,1,10.00000000,3.3900
1627662896683000,0,49.09677419,3.4100
1627663446357000,0,169.94774442,3.3900
1627663446465000,0,423.70216352,3.3900
1627665643771000,0,153.03335320,3.4000
1627667339245000,0,355.23156942,3.4300
1627667339245000,0,142.48352441,3.4300
1627667816844000,0,245.41856265,3.4400
1627667816844000,0,152.46827997,3.4400
1627667816844000,0,380.93470738,3.4400
1627668173487000,1,450.00000000,3.4500
1627668418556000,1,290.05288896,3.4500
1627668524318000,1,290.17473766,3.4400
1627668567269000,1,700.00000000,3.4300
1627669651366000,1,290.05611633,3.4500
1627669693962000,1,24.56790123,3.4500
1627669862636000,1,500.00000000,3.4500
1627670587380000,1,50.00000000,3.4400
1627671149173000,0,144.20579710,3.4500
1627671690635000,1,65.70920247,3.4500
1627672101473000,0,403.89544527,3.4600
1627672101473000,0,92.56120212,3.4600
1627672257162000,1,6.06166967,3.4500
1627672579069000,1,6.06166967,3.4500
1627672701305000,0,124.89306358,3.4600
1627673431087000,0,120.95491000,3.4700
1627673431087000,0,163.71845976,3.4700
1627673741862000,1,126.82471969,3.4600
1627674913224000,0,10.00000000,3.4600
1627675952868000,0,6.33000000,3.4800
1627676140841000,1,110.09050124,3.4900
1627676151475000,0,179.22770099,3.4900
1627676158052000,1,1321.46857408,3.4900
1627677600325000,0,25.00000000,3.4900
1627677600325000,0,500.00000000,3.4900
1627678024237000,1,450.00000000,3.4900
1627678024237000,1,450.00000000,3.4900
1627678024237000,1,281.33023000,3.4900
1627678024237000,1,850.00000000,3.4800
1627678024237000,1,241.93506825,3.4800
1627678024237000,1,307.00000000,3.4800
1627678024237000,1,203.36954000,3.4800
1627678024237000,1,134.74694176,3.4800
1627678179847000,0,17.99410029,3.5000
1627678179847000,0,5.90265487,3.5000
1627678271808000,1,229.24023000,3.5100
1627678618299000,1,229.24023000,3.5100
1627679036251000,1,8.58995834,3.5100
1627679547105000,0,111.62889518,3.5300
1627679593210000,1,7.46846846,3.5200
1627679651095000,1,238.81871654,3.5200
1627679651095000,1,386.23700000,3.5200
1627679651095000,1,378.29066900,3.5200
1627680081136000,1,50.00000000,3.5100
1627680974167000,1,21.19904688,3.5200
1627681070619000,1,41.26587499,3.5300
1627681491790000,1,1658.73412501,3.5300
1627681491790000,1,1134.00000000,3.5300
1627683021661000,0,231.40173328,3.5300
1627683021661000,0,238.60031432,3.5300
1627683021661000,0,578.36640738,3.5300
1627683021661000,0,4211.10000000,3.5300
1627683021661000,0,277.94514275,3.5300
1627683097284000,0,207.28363011,3.5300
1627683111163000,0,202.60664341,3.5300
1627683120132000,0,198.54259148,3.5300
1627683338123000,1,711.00000000,3.5200
1627683659591000,0,1269.23212807,3.5100
1627683659591000,0,489.00722915,3.5100
1627683659591000,0,194.98986280,3.5100
1627683770960000,1,945.00000000,3.5100
1627683870398000,0,152.65708845,3.5100
1627683924151000,0,149.27206244,3.5100
1627683965349000,1,1179.00000000,3.5100
1627683966084000,0,145.86495435,3.5100
1627684196047000,1,650.00000000,3.5100
1627684196047000,1,600.00000000,3.5100
1627684196047000,1,348.53869047,3.5100
1627684554915000,0,146.99214605,3.5200
1627684657817000,0,114.64345551,3.5200
1627684657817000,0,286.60203762,3.5200
1627684678925000,0,266.92732834,3.5200
1627684680514000,0,100.75582600,3.5200
1627684694813000,0,98.47225460,3.5200
1627684739554000,0,96.24834072,3.5200
1627684762143000,0,93.85876452,3.5200
1627684762143000,0,235.29861031,3.5200
1627684762143000,0,610.03979983,3.5200
1627684786836000,0,77.53531250,3.5200
1627684786836000,0,193.83828125,3.5200
1627684786836000,0,503.97953126,3.5200
1627684813723000,0,59.83213235,3.5300
1627684827503000,1,182.36607142,3.5300
1627684854448000,1,149.17710997,3.5300
1627684934896000,0,43.34530572,3.5300
1627684934896000,0,108.36326430,3.5300
1627684934896000,0,281.74448718,3.5300
1627684936919000,0,33.56977611,3.5300
1627684936919000,0,83.92444027,3.5300
1627684944425000,1,49.09677419,3.5300
1627685052614000,0,14.09348441,3.5300
1627685409462000,0,206.22884363,3.5400
1627685409462000,0,31.82245430,3.5400
1627685409462000,0,79.55612207,3.5400
1627685409464000,0,0.00001369,3.5400
1627685435691000,0,24.66819989,3.5500
1627685435691000,0,61.66846283,3.5500
1627685435691000,0,160.26590728,3.5500
1627685523971000,0,19.64147575,3.5400
1627685523971000,0,48.95467155,3.5400
1627685523971000,0,127.32094220,3.5400
1627685526614000,0,15.21992160,3.5400
1627685526614000,0,38.04979840,3.5400
1627685526775000,0,0.00000561,3.5400
1627685536454000,0,13.16297443,3.5400
1627685536454000,0,32.90743607,3.5400
1627685536454000,0,85.33253950,3.5400
1627685588207000,0,10.18970751,3.5500
1627685588207000,0,27.66529421,3.5500
1627685588207000,0,71.69237889,3.5500
1627685602138000,0,8.58582144,3.5500
1627685613844000,0,8.19813091,3.5500
1627685820082000,0,9.46639649,3.5500
1627685820082000,0,23.66544786,3.5500
1627685820126000,0,0.00000001,3.5500
1627685884437000,1,1035.00000000,3.5500
1627685975933000,0,8.71912140,3.5400
1627685975933000,0,21.79418492,3.5400
1627685975933000,0,56.53828762,3.5400
1627685985378000,0,6.73719000,3.5400
1627685985429000,0,0.00000379,3.5400
1627685985429000,0,16.84122089,3.5400
1627686140825000,0,16.67240929,3.5400
1627686327706000,0,16.66292353,3.5500
1627686331303000,0,15.91442414,3.5500
1627686764708000,0,5.95535714,3.5600
1627686764708000,0,23.76286712,3.5600
1627686777441000,0,23.23439806,3.5600
1627686777441000,0,58.08732355,3.5600
1627687164915000,0,22.42245531,3.5600
1627687164915000,0,56.06418132,3.5600
1627687221034000,0,20.70595385,3.5600
1627687221034000,0,51.62556576,3.5600
1627687273690000,0,20.21832000,3.5500
1627687335551000,1,28.39054027,3.5400
1627687339211000,1,44.67880000,3.5400
1627687569621000,1,465.30420488,3.5400
1627687943240000,0,42.28550779,3.5400
1627688663676000,0,28.10704225,3.5500
1627688706474000,1,64.91350412,3.5500
1627688715711000,0,6.00000000,3.5600
1627688715711000,0,42.07738216,3.5600
1627688722759000,0,41.13360779,3.5700
1627688765715000,0,40.19450127,3.5700
1627688765715000,0,100.26093347,3.5700
1627688765715000,0,260.80128840,3.5700
1627688808706000,0,31.14145949,3.5600
1627688863758000,0,30.45557541,3.5700
1627688863758000,0,197.96124015,3.5700
1627688863758000,0,76.13893852,3.5700
1627688865277000,0,23.57942868,3.5700
1627688876670000,0,23.04642584,3.5700
1627688876742000,1,57.47307560,3.5700
1627688876744000,1,149.41529671,3.5700
1627688884528000,0,12.68128737,3.5700
1627688935971000,0,19.84255632,3.5700
1627689235444000,0,19.72950062,3.5700
1627689284574000,0,125.38560307,3.5700
1627689284574000,0,48.22523195,3.5700
1627689284574000,0,19.29009278,3.5700
1627689316055000,0,14.93573008,3.5800
1627689437433000,1,909.00000000,3.5800
1627689482556000,0,17.16675476,3.5800
1627689517122000,0,16.74156600,3.5800
