timestamp ms,type,amount,price
1624924858313000,0,307.47109649,3.2500
1624924858313000,0,768.67728529,3.2500
1624925396054000,0,6.31230284,3.2700
1624925439011000,0,304.59723759,3.2800
1624925523371000,1,305.12384265,3.2800
1624925523371000,1,761.90264990,3.2800
1624925523371000,1,117.31578932,3.2800
1624925872247000,1,305.21960820,3.2800
1624925952954000,0,8.37000000,3.2900
1624925980119000,0,344.69661240,3.3000
1624926300458000,1,303.35704496,3.3000
1624926432030000,1,302.37779199,3.3100
1624926616605000,1,302.41105120,3.3100
1624927493502000,1,63.35313531,3.2700
1624927493955000,1,192.61258958,3.2700
1624927493955000,1,110.07393079,3.2700
1624928098394000,0,12.04892966,3.2900
1624928661718000,1,173.00000000,3.2800
1624929000239000,1,38.56801639,3.2900
1624929401340000,1,12.04958419,3.2800
1624929936889000,0,303.63295295,3.2900
1624929940970000,0,303.62667210,3.2900
1624930529894000,1,66.23123838,3.2800
1624931204332000,1,305.16308367,3.2800
1624931207515000,0,304.71044106,3.2800
1624931207515000,0,761.77610266,3.2800
1624931207515000,0,114.66691082,3.2900
1624931313644000,0,304.54387384,3.2800
1624931313644000,0,761.69897247,3.2800
1624931313644000,0,386.23700000,3.2900
1624931313644000,0,368.00000000,3.2900
1624931313644000,0,51.69414410,3.2900
1624931427370000,1,305.19306657,3.2800
1624931989403000,1,255.55393408,3.2800
1624931989403000,1,305.12230046,3.2800
1624931989403000,1,256.10702722,3.2700
1624931989403000,1,364.37019278,3.2700
1624932204429000,0,304.39273679,3.2900
1624932336782000,0,302.77431322,3.3000
1624932527551000,1,49.99999999,3.3100
1624932527553000,1,0.00000001,3.3100
1624933079692000,0,14.96987951,3.3200
1624933134933000,1,32.99999999,3.3200
1624933134966000,1,0.00000001,3.3200
1624934047113000,0,121.02228962,3.3000
1624935568828000,0,305.49746986,3.2700
1624935569236000,1,256.42070718,3.2600
1624935569236000,1,368.00000000,3.2600
1624935569236000,1,386.23700000,3.2600
1624935569236000,1,302.11731097,3.2600
1624935569236000,1,399.71800000,3.2600
1624935569236000,1,159.68097226,3.2600
1624936223570000,0,410.54394969,3.2800
1624936368708000,0,304.54349404,3.2800
1624936368708000,0,761.52232792,3.2800
1624936934042000,0,302.72505167,3.3000
1624937624208000,0,301.85532236,3.3100
1624937624208000,0,754.92546185,3.3100
1624937796099000,1,253.68955956,3.3000
1624937796099000,1,846.00000000,3.3000
1624937796099000,1,386.23700000,3.3000
1624937796099000,1,368.00000000,3.3000
1624937796193000,0,146.07344044,3.3000
1624938490086000,0,301.79703639,3.3100
1624938676955000,1,32.43671177,3.3100
1624939527288000,0,440.28428685,3.3300
1624939527288000,0,50.00000000,3.3300
1624939573175000,0,10.00000000,3.3400
1624939653205000,0,299.99649452,3.3300
1624940646267000,1,253.29345308,3.3100
1624940646267000,1,746.70654692,3.3100
1624940900031000,1,187.80023000,3.3400
1624941201790000,0,184.05105105,3.3300
1624941507229000,0,300.02145944,3.3300
1624941507229000,0,368.00000000,3.3400
1624941507229000,0,395.90099532,3.3400
1624941507229000,0,212.58759000,3.3400
1624941507229000,0,386.23700000,3.3400
1624941507229000,0,160.36978595,3.3400
1624942218016000,1,30.00000000,3.3200
1624942868434000,1,187.80023000,3.3200
1624944000266000,1,9.64459595,3.3200
1624944131184000,0,752.43773005,3.3200
1624944133698000,0,300.97509202,3.3200
1624945951217000,0,8.00000000,3.3500
1624945951217000,0,16.90000000,3.3500
1624945951217000,0,10.45171339,3.3500
1624946121282000,1,250.70208288,3.3400
1624946121282000,1,97.73897606,3.3400
1624946219219000,0,6.14900000,3.3600
1624946219219000,0,460.65715780,3.3600
1624946390031000,0,1019.34769109,3.3800
1624946513849000,0,10.00000000,3.3900
1624946513849000,0,1000.00000000,3.3900
1624946537026000,1,108.69565217,3.3900
1624946553978000,0,38.69047618,3.4100
1624946553979000,0,0.00000001,3.4100
1624946557075000,1,900.00000000,3.4100
1624946601521000,1,187.80023000,3.3900
1624946624328000,1,107.74814004,3.3800
1624946639571000,1,265.00000000,3.3700
1624946681085000,0,295.69088361,3.3800
1624946681085000,0,354.30911639,3.3800
1624946732440000,0,248.27254987,3.3900
1624946732440000,0,295.44455877,3.3900
1624946732440000,0,737.37936927,3.3900
1624946732440000,0,190.15130970,3.3900
1624946859021000,0,152.20058997,3.3900
1624948299224000,1,187.80023000,3.3700
1624948566937000,0,1000.00000000,3.4000
1624948786444000,1,187.80023000,3.4000
1624949322583000,0,294.70204316,3.3900
1624949322583000,0,247.86916128,3.3900
1624949322583000,0,595.68838258,3.3900
1624949447275000,1,150.00000000,3.3800
1624949592623000,1,1243.69230769,3.3800
1624949886495000,0,296.59685944,3.3700
1624949886495000,0,741.49214860,3.3700
1624950360297000,1,52.25192021,3.3900
1624950374109000,0,7.31470588,3.4000
1624950564097000,0,157.38569321,3.3900
1624951057904000,0,294.72981877,3.3900
1624951635133000,0,246.02262973,3.4100
1624951639963000,0,246.02523144,3.4100
1624951707663000,0,30.00000000,3.4200
1624951821182000,0,6.02710843,3.4300
1624951821182000,0,292.08721611,3.4300
1624951821455000,1,251.95580000,3.4300
1624951910544000,0,292.24925734,3.4200
1624951910544000,0,245.74429243,3.4200
1624951910544000,0,0.79884789,3.4200
1624952127925000,1,162.13793103,3.4000
1624952385471000,1,100.00000000,3.4000
1624952772290000,1,399.71800000,3.3700
1624952772290000,1,357.00000000,3.3700
1624952772290000,1,422.03073798,3.3700
1624952772290000,1,248.36682550,3.3700
1624952772290000,1,296.09005344,3.3700
1624952772290000,1,740.22513361,3.3700
1624952772290000,1,386.23700000,3.3700
1624952772290000,1,209.23206000,3.3700
1624952772290000,1,231.64880952,3.3600
1624952772290000,1,293.71603606,3.3600
1624952772290000,1,620.77246634,3.3600
1624952772290000,1,1242.00000000,3.3600
1624952772290000,1,451.00000000,3.3600
1624952772290000,1,1938.51463726,3.3600
1624952841990000,0,295.63928236,3.3800
1624953462851000,1,236.07817109,3.3800
1624953705639000,0,200.58064516,3.4100
1624953726855000,0,293.05523254,3.4100
1624953726855000,0,45.53833471,3.4200
1624954099182000,0,295.76724949,3.3800
1624954099182000,0,48.55819429,3.3800
1624954290992000,1,238.18100890,3.3700
1624954290992000,1,56.91771721,3.3700
1624954388969000,0,7.35965145,3.3800
1624954479395000,1,32.14965986,3.3700
1624955553984000,1,16.36554072,3.4400
1624955667456000,0,243.15259605,3.4500
1624955668554000,0,243.12788664,3.4500
1624955669583000,0,183.71950000,3.4500
1624955669680000,0,0.00001731,3.4500
1624955892397000,0,243.22351413,3.4500
1624955893476000,0,243.22351413,3.4500
1624955894612000,0,243.22351413,3.4500
1624955895706000,0,243.10729319,3.4500
1624955896790000,0,27.22216442,3.4500
1624956318312000,1,289.26992000,3.4600
1624956360271000,0,9.22776982,3.4700
1624956551279000,1,16.00000000,3.4600
1624956583119000,0,133.51973018,3.4700
1624956583119000,0,100.00000000,3.4700
1624956763142000,0,5.87800000,3.4800
1624956765988000,0,287.08504570,3.4800
1624956898586000,0,122.26540000,3.4900
1624956898624000,0,164.78109759,3.4900
1624956960329000,0,13.17691627,3.4900
1624956975977000,0,720.10177545,3.4700
1624956975977000,0,288.04071018,3.4700
1624956979249000,0,7.14816721,3.4800
1624957010515000,0,288.21222044,3.4700
1624957010515000,0,720.53055110,3.4700
1624957049227000,0,287.19624287,3.4800
1624957049227000,0,717.99060716,3.4800
1624957052887000,0,287.17091091,3.4800
1624957094232000,0,33.91444552,3.4900
1624957099577000,0,59.46642000,3.4900
1624957172455000,0,1154.61913448,3.4900
1624957211200000,0,10.00000000,3.5000
1624957211200000,0,15.00000000,3.5000
1624957211200000,0,30.00000000,3.5000
1624957211200000,0,4.46642000,3.5000
1624957211768000,0,90.99800000,3.5000
1624957214089000,0,52.14600000,3.5000
1624957214527000,0,52.14600000,3.5000
1624957214810000,0,300.00000000,3.5000
1624957214926000,0,78.24942105,3.5000
1624957214968000,0,52.14600000,3.5000
1624957215163000,0,118.93284755,3.5000
1624957215354000,0,52.14600000,3.5000
1624957215360000,0,483.58888474,3.5000
1624957215491000,0,258.87334004,3.5000
1624957252783000,1,134.56716210,3.5000
1624957320356000,0,275.49560158,3.5000
1624957352243000,1,99.00000000,3.5000
1624957426850000,0,5.88529412,3.5100
1624957426850000,0,50.80986257,3.5100
1624957476580000,0,19.51241321,3.5100
1624957538942000,1,16.00000000,3.4900
1624957637084000,1,22.11055276,3.4900
1624958270896000,0,50.00000000,3.4700
1624958271366000,1,384.14664320,3.4600
1624958271366000,1,386.23700000,3.4600
1624958271366000,1,318.47887900,3.4600
1624958645239000,1,386.23700000,3.4900
1624958645239000,1,168.48276401,3.4900
1624958775264000,0,28.44729344,3.5100
1624958805311000,0,40.00000000,3.5100
1624959014585000,0,113.67521367,3.5100
1624959684158000,1,200.00000000,3.4900
1624959847792000,1,14.44001617,3.4800
1624960099307000,0,9.90660920,3.4800
1624960505811000,0,100.00000000,3.4900
1624960628599000,0,57.02865329,3.4900
1624961457760000,1,40.00000000,3.4700
1624961481790000,0,14.19308357,3.4800
1624961793981000,0,169.82758621,3.4600
1624962196068000,0,143.77521613,3.4700
1624962227699000,0,288.01928921,3.4700
1624962227699000,0,720.04822303,3.4700
1624962627997000,0,287.89337517,3.4700
1624962743470000,0,143.36206896,3.4800
1624962973964000,0,28.51002865,3.4900
1624963114240000,0,40.51142857,3.5000
1624963191523000,1,102.86842105,3.4900
1624963839667000,1,98.54907468,3.4800
1624964235065000,1,172.13719512,3.5000
1624964329574000,1,8.61450108,3.5000
1624964541659000,0,434.58984330,3.5100
1624964541659000,0,405.41873709,3.5100
1624964547383000,0,284.61917873,3.5100
1624964959957000,1,285.18916329,3.5100
1624964959957000,1,214.81083671,3.5100
1624965029236000,1,135.02998234,3.5000
1624965230566000,1,284.93220909,3.5100
1624965230566000,1,712.32575912,3.5100
1624965230566000,1,141.00161881,3.5100
1624965591891000,0,28.26704545,3.5200
1624966028835000,0,62.73295455,3.5200
1624966028835000,0,220.73295454,3.5200
1624966077210000,1,0.53603020,3.5100
1624966077210000,1,49.46396980,3.5100
1624966426721000,0,262.88385269,3.5300
1624967046746000,0,283.87163440,3.5200
1624967194191000,1,185.49905838,3.5000
1624967194598000,1,10.00000000,3.5000
1624967284224000,1,204.21894162,3.5000
1624967284224000,1,140.10650216,3.5000
1624967389958000,1,714.58416617,3.5000
1624967389958000,1,285.83366647,3.5000
1624967588070000,0,28.26775215,3.5200
1624967765665000,1,238.69695110,3.5200
1624967765665000,1,21.52369415,3.5200
1624967989803000,1,62.52941176,3.5200
1624968219410000,1,934.20000000,3.5000
1624968219410000,1,284.93266608,3.5000
1624968219410000,1,240.00891198,3.5000
1624968219410000,1,201.85029000,3.5000
1624968219410000,1,285.90647823,3.5000
1624968219410000,1,714.80150093,3.5000
1624968219410000,1,404.16111579,3.4900
1624968219410000,1,362.00000000,3.4900
1624968219410000,1,115.05916478,3.4900
1624968593183000,1,136.98458573,3.5300
1624968690496000,1,50.00000000,3.5300
1624968854115000,1,266.76273458,3.5200
1624968961054000,0,239.44588287,3.5200
1624968961054000,0,386.23700000,3.5200
1624968961054000,0,303.78666763,3.5200
1624968961054000,0,202.83726768,3.5200
1624969011068000,0,81.65715024,3.5200
1624969011068000,0,239.37614908,3.5200
1624969011068000,0,305.18036664,3.5300
1624969011068000,0,498.00000000,3.5300
1624969011068000,0,1242.00000000,3.5300
1624969011068000,0,409.25558724,3.5300
1624969011068000,0,598.44592670,3.5300
1624969011068000,0,119.81579261,3.5300
1624969040215000,0,283.81477166,3.5200
1624969203084000,1,0.00409727,3.5300
1624969255789000,0,6.00000000,3.5400
1624969325402000,0,282.28120960,3.5400
1624969350610000,0,13.91242938,3.5400
1624969422221000,0,282.21104218,3.5400
1624969422221000,0,705.79396037,3.5400
1624969612870000,0,586.23731809,3.5500
1624969952094000,0,591.08908274,3.5700
1624970019170000,1,280.37761425,3.5700
1624970171982000,1,236.76194349,3.5500
1624970171982000,1,704.63735381,3.5500
1624970171982000,1,8.60070270,3.5500
1624970490248000,1,184.05105105,3.5400
1624970773544000,1,282.74689506,3.5400
1624970795071000,1,282.67566974,3.5400
1624971175627000,0,26.70056497,3.5400
1624971381183000,0,7.02701183,3.5300
1624971486366000,1,7.47771715,3.5200
1624971503139000,1,284.30839606,3.5200
1624971503139000,1,710.70027933,3.5200
1624971516589000,1,284.30839606,3.5200
1624971542133000,0,170.04545454,3.5200
1624971549685000,1,284.32159734,3.5200
1624971551812000,1,165.24907163,3.5200
1624971686047000,1,710.70933931,3.5200
1624971727149000,1,712.91242927,3.5000
1624971727149000,1,198.64598609,3.5000
1624971727404000,1,41.00093377,3.5000
1624971727404000,1,285.14260462,3.5000
1624971727404000,1,201.91822000,3.5000
1624971727404000,1,298.05634865,3.4900
1624971727404000,1,599.11729965,3.4900
1624971727404000,1,357.00000000,3.4900
1624971727404000,1,395.09246216,3.4900
1624972006264000,1,282.72988126,3.5400
1624972006264000,1,238.19358558,3.5300
1624972006264000,1,399.71800000,3.5300
1624972006264000,1,211.66535134,3.5300
1624972134089000,0,132.76123595,3.5600
1624972144710000,0,9.68398876,3.5600
1624972260354000,0,83.84831460,3.5600
1624972603663000,0,213.14769152,3.5600
1624972603663000,0,240.76242083,3.5600
1624972843881000,0,60.00000000,3.5800
1624972843881000,0,190.00000000,3.5800
1624972843881000,0,386.23700000,3.5800
1624972843881000,0,252.46132402,3.5800
1624972911719000,1,16.69332384,3.5600
1624973026698000,1,50.00000000,3.5800
1624973070753000,1,12.78368115,3.5700
1624973256380000,1,14.07598215,3.5700
1624973331733000,0,279.06259531,3.5800
1624973405987000,0,278.33609815,3.5900
1624973405987000,0,695.84024537,3.5900
1624973475312000,0,9.60306407,3.5800
1624973668793000,1,235.42345608,3.5700
1624973668793000,1,264.57654392,3.5700
1624973792172000,1,10.00000000,3.5800
1624973903602000,0,5.73352436,3.6000
1624973903602000,0,5.67800000,3.6000
1624973903602000,0,20.00000000,3.6000
1624973903602000,0,277.79950897,3.6000
1624973903602000,0,150.00000000,3.6000
1624973903602000,0,693.91326159,3.6000
1624973903602000,0,302.30577602,3.6100
1624973903602000,0,305.00000000,3.6100
1624973903602000,0,32.55836054,3.6100
1624973903602000,0,1242.00000000,3.6100
1624973903602000,0,1113.38033387,3.6100
1624974508890000,0,5.66855524,3.6300
1624974561255000,1,100.00000000,3.6500
1624974636016000,0,13.55619722,3.6700
1624974839696000,0,229.61392022,3.6700
1624974839696000,0,200.00000000,3.6700
1624974840708000,0,229.61392022,3.6700
1624974947569000,1,273.42646950,3.6500
1624974947569000,1,230.13348071,3.6500
1624974947569000,1,118.28620363,3.6500
1624975276898000,1,100.00000000,3.6100
1624975441766000,1,274.92852251,3.6400
1624975441766000,1,687.32130628,3.6400
1624975455002000,1,274.92852000,3.6300
1624975462730000,1,129.59815921,3.6200
1624975463209000,1,120.40184079,3.6200
1624975730336000,0,13.01928374,3.6300
1624975807487000,1,11.06408934,3.6200
1624976034441000,0,27.48618784,3.6200
1624976040281000,1,160.45462733,3.6100
1624976040403000,1,100.00167504,3.6100
1624976260511000,1,278.81252108,3.5800
1624976304697000,1,279.50746271,3.5800
1624976304697000,1,699.07593346,3.5700
1624976304697000,1,235.28393425,3.5700
1624976304697000,1,386.23700000,3.5700
1624976304697000,1,50.00000000,3.5700
1624976304697000,1,198.00901000,3.5700
1624976304697000,1,399.86949273,3.5700
1624976304697000,1,729.00000000,3.5700
1624976304697000,1,399.71800000,3.5700
1624976304697000,1,300.34163023,3.5700
1624976304697000,1,138.32174123,3.5700
1624976304697000,1,298.71755852,3.5600
1624976304697000,1,357.00000000,3.5600
1624976304697000,1,1242.00000000,3.5600
1624976304697000,1,588.34635819,3.5600
1624976304697000,1,532.00000000,3.5600
1624976304697000,1,7885.12483275,3.5500
1624976613127000,0,357.00000000,3.5800
1624976766505000,0,357.00000000,3.5800
1624976957615000,0,357.00000000,3.5800
1624976993285000,1,10.80721003,3.5800
1624977032179000,0,357.00000000,3.5900
1624977185311000,0,357.00000000,3.6000
1624977539842000,0,357.00000000,3.6000
1624977539842000,0,749.33240997,3.6100
1624977982723000,1,100.10891089,3.6000
1624978380380000,1,277.86614494,3.6000
1624978380380000,1,233.49578022,3.6000
1624978380380000,1,386.23700000,3.6000
1624978380380000,1,208.73348481,3.6000
1624978507305000,0,18.25420516,3.6100
1624978507565000,0,1.74579484,3.6100
1624978530212000,1,276.18151000,3.6200
1624978589366000,1,275.66709000,3.6200
1624978683860000,0,125.78670360,3.6100
1624979100744000,1,56.00398590,3.5600
1624979120735000,1,79.16548000,3.5600
1624979299512000,1,281.17538000,3.5500
1624979299723000,1,125.78670360,3.5400
1624979398950000,1,281.84188000,3.5500
1624979416646000,1,83.13500000,3.5400
1624979640318000,1,50.00000000,3.5500
1624979678438000,0,702.85357463,3.5600
1624979678438000,0,281.30376922,3.5600
1624979678438000,0,15.84265615,3.5600
1624979716481000,1,9.00000000,3.5500
1624979978532000,0,154.42348754,3.5700
1624979978532000,0,357.00000000,3.5700
1624980041757000,1,500.00000000,3.5700
1624980041757000,1,32.78105818,3.5700
1624980093545000,0,8.75139664,3.5800
1624980136613000,0,348.24860336,3.5800
1624980264711000,1,327.31542709,3.5700
1624980264711000,1,279.70403291,3.5700
1624981606149000,0,1122.38700564,3.5400
1624981689574000,1,98.99999999,3.5300
1624981705402000,0,88.82357940,3.5500
1624981705402000,0,10.03275862,3.5500
1624982126751000,0,357.00000000,3.5500
1624982167016000,0,56.04494382,3.5600
1624982395584000,0,120.20728291,3.5700
1624982398774000,0,701.60388747,3.5700
1624982398774000,0,280.57944672,3.5700
1624982398774000,0,67.81666581,3.5700
1624982880376000,0,13.35599058,3.5500
1624983653633000,1,5.71399548,3.5200
1624983653895000,1,25.53295410,3.5200
1624983653930000,1,100.00000000,3.5200
1624983653960000,1,107.10318232,3.5200
1624983653960000,1,13.10410059,3.5100
1624984045920000,0,210.31741573,3.5600
1624984245111000,0,120.20728291,3.5700
1624984390604000,1,1814.20391732,3.5800
1624984610983000,1,300.00000000,3.5800
1624984610983000,1,234.44132506,3.5800
1624984610983000,1,279.37449996,3.5800
1624984610983000,1,308.57118062,3.5800
1624985177137000,1,280.36591904,3.5700
1624985377848000,0,50.00000000,3.5800
1624985422032000,0,8.33819728,3.5800
1624985610299000,0,697.71504328,3.5900
1624985610299000,0,234.86859660,3.5900
1624985610299000,0,422.47301491,3.5900
1624985610299000,0,555.64529507,3.5900
1624986098009000,1,280.33009434,3.5700
1624986128270000,0,167.22969187,3.5700
1624986230420000,1,125.12074303,3.5600
1624987146248000,0,150.00000000,3.5700
1624987222909000,0,100.00000000,3.5900
1624987274645000,0,10.00000000,3.5900
1624987940568000,0,102.75977653,3.5800
1624988071800000,0,150.83516000,3.5900
1624988645583000,1,277.86029176,3.6000
1624988645583000,1,672.13970824,3.6000
1624988645643000,1,22.45652000,3.6000
1624988786165000,0,279.18196056,3.5800
1624988880351000,0,8.80048474,3.6000
1624989804737000,0,372.00000000,3.5500
1624990444661000,0,236.93115417,3.5500
1624990444661000,0,372.00000000,3.5500
1624990444661000,0,281.55969193,3.5500
1624990444661000,0,703.89922983,3.5500
1624990444732000,1,236.93115417,3.5500
1624990444775000,1,4736.21290488,3.5500
1624990445373000,1,2426.78135797,3.5500
1624991190237000,1,282.76378000,3.5300
1624992000285000,1,60.86182581,3.5400
1624992570696000,1,800.00000000,3.5400
1624992890091000,1,100.00000000,3.5400
1624992890091000,1,282.72169251,3.5400
1624992890091000,1,161.09523769,3.5400
1624993108360000,0,50.00000000,3.5400
1624993159631000,1,706.61150702,3.5400
1624993193887000,0,372.00000000,3.5500
1624993193887000,0,282.19741596,3.5500
1624993254379000,0,50.00000000,3.5400
1624993322931000,0,9.87782486,3.5400
1624993339410000,0,98.87005650,3.5400
1624993366807000,0,6.74576271,3.5400
1624993417561000,1,282.67183000,3.5400
1624993680298000,0,13.96395494,3.5500
1624993685084000,0,257.44440000,3.5500
1624993685335000,0,100.59164506,3.5500
1624993708647000,1,281.15195000,3.5600
1624994189416000,1,125.39502762,3.5500
1624994290823000,1,250.00000000,3.5500
1624994328852000,0,86.81512605,3.5700
1624995108605000,0,100.06214689,3.5400
1624995113961000,0,182.14183897,3.5400
1624995113961000,0,150.05872600,3.5400
1624995221274000,1,72.50650289,3.5400
1624995297294000,0,50.00000000,3.5400
1624995325632000,0,28.02816901,3.5500
1624995887816000,1,708.82249981,3.5200
1624995887816000,1,283.68261821,3.5200
1624995947124000,1,332.20056497,3.5200
1624995982238000,1,650.00000000,3.5200
1624995994256000,0,50.00000000,3.5200
1624996195431000,1,282.08259816,3.5400
1624996209337000,0,7.00563380,3.5500
1624996220657000,0,223.53909000,3.5500
1624996233916000,1,281.82775699,3.5500
1624996233916000,1,704.57863999,3.5500
1624996233916000,1,174.72599302,3.5500
1624996282309000,0,281.60419530,3.5500
1624996282309000,0,236.93670470,3.5500
1624996591960000,0,280.66466966,3.5600
1624996899005000,0,279.88336000,3.5700
1624996943432000,1,235.62258312,3.5600
1624996943544000,0,235.62258312,3.5600
1624996943597000,0,547.37741376,3.5600
1624997280305000,0,13.05467751,3.5700
1624997306002000,1,40.00000000,3.5500
1624997394607000,1,195.99513484,3.5500
1624997394607000,1,35.65367468,3.5500
1624997560805000,0,13.87323944,3.5800
1624997561429000,0,372.00000000,3.5800
1624997561429000,0,112.99720670,3.5800
1624998081902000,0,17.67527932,3.5800
1624998302284000,1,650.00000000,3.5700
1624998302284000,1,400.00000000,3.5700
1625001051691000,1,154.87023000,3.5100
1625001051691000,1,100.00000000,3.5100
1625001051691000,1,125.12977000,3.5000
1625001052164000,1,25.12977000,3.5100
1625001052164000,1,95.07751291,3.5000
1625001052195000,1,19.54776872,3.5000
1625001052195000,1,36.28726640,3.5000
1625001692955000,1,154.87023000,3.5300
1625001692955000,1,17.88259972,3.5300
1625002416717000,0,70.23436800,3.5300
1625002883707000,0,1000.00000000,3.5500
1625002901806000,1,10.00000000,3.5500
1625003007122000,1,91.49042458,3.5400
1625003013992000,0,282.40677340,3.5400
1625003013992000,0,705.92276660,3.5400
1625003034632000,1,281.15877000,3.5600
1625003034793000,1,0.00000812,3.5600
1625003907309000,1,29.86721468,3.5700
1625004000315000,0,40.06477348,3.5800
1625004390056000,1,700.00000000,3.5700
1625005716241000,0,286.28402380,3.4900
1625005716241000,0,715.76874589,3.4900
1625005716241000,0,146.51456555,3.4900
1625005716348000,1,14.00000000,3.4800
1625005716348000,1,5.81321839,3.4800
1625005716348000,1,67.21302067,3.4800
1625005716407000,1,10.00000000,3.4800
1625005716453000,1,98.85633802,3.4800
1625005718506000,0,94.43635257,3.4900
1625005807163000,1,241.25276454,3.4700
1625005807163000,1,342.84858681,3.4700
1625005807519000,1,43.38841319,3.4700
1625005807519000,1,157.19223197,3.4700
1625006294690000,0,286.27420616,3.4900
1625007474484000,0,0.12891396,3.5000
1625007512643000,1,199.87108604,3.5000
1625007608335000,0,240.24076972,3.5000
1625007608335000,0,372.00000000,3.5000
1625007608335000,0,286.24958028,3.5000
1625007706111000,1,400.00000000,3.5100
1625007988153000,0,283.21786961,3.5300
1625008028107000,1,15.58544304,3.5200
1625008093046000,0,19.73362507,3.5400
1625008096642000,0,28.93977000,3.5400
1625008426516000,1,284.31748290,3.5200
1625008426516000,1,650.00000000,3.5200
1625008426516000,1,214.24985234,3.5200
1625008754938000,0,284.56261288,3.5200
1625008995266000,1,283.51212000,3.5300
1625009015699000,0,283.88892000,3.5200
1625009400309000,1,7.89655506,3.5400
1625009702633000,1,1197.00000000,3.5700
1625009862702000,1,40.00000000,3.5600
1625009897347000,0,280.37299000,3.5700
1625011329249000,1,432.13420230,3.5500
1625011329350000,1,683.86579770,3.5500
1625011344936000,1,950.00000000,3.5400
1625011374071000,0,13.43925515,3.5300
1625011374158000,0,347.42090360,3.5300
1625011458235000,0,236.86682745,3.5300
1625011584987000,0,0.10773923,3.5000
1625011721482000,0,286.53485000,3.4900
1625011825133000,0,934.20000000,3.5100
1625011894369000,0,284.83872000,3.5100
1625011910872000,1,284.32368000,3.5200
1625012099548000,0,286.34393000,3.4900
1625012455505000,0,157.91121830,3.5400
1625012995413000,0,278.95016433,3.5900
1625013087605000,1,279.59663000,3.5800
1625013190994000,0,5.74200000,3.6000
1625013198049000,0,86.20625621,3.6100
1625013203698000,0,100.00000000,3.6100
1625013203784000,0,4647.67037097,3.6100
1625013204274000,0,87.18124425,3.6100
1625013204301000,0,538.94212857,3.6100
1625013204301000,0,236.86682745,3.6100
1625013214511000,1,276.50504000,3.6200
1625013279634000,0,211.60121431,3.6300
1625013336624000,0,276.26288000,3.6200
1625013375722000,0,276.07202056,3.6200
1625013381254000,0,788.39878569,3.6300
1625013470746000,0,685.89467234,3.6500
1625013470746000,0,274.45094800,3.6500
1625013899887000,1,274.29499098,3.6400
1625014062884000,1,274.23087000,3.6500
1625014507246000,0,219.22763000,3.6400
1625014729116000,0,275.27054676,3.6300
1625014942883000,0,50.00000000,3.6000
1625014943314000,1,386.23700000,3.5900
1625014943314000,1,695.08066156,3.5900
1625014943314000,1,718.93907781,3.5900
1625015067121000,1,277.27919275,3.6100
1625015067121000,1,693.03154725,3.6100
1625015083884000,0,277.72313000,3.6000
1625015128304000,0,277.63104000,3.6000
1625015173796000,0,277.59547919,3.6000
1625015315091000,0,233.80822857,3.6000
1625015315091000,0,216.19177143,3.6000
1625015395307000,0,127.85220601,3.5900
1625016450700000,0,64.95657000,3.5500
1625016793522000,0,281.35317185,3.5600
1625016793522000,0,236.43915476,3.5600
1625016793522000,0,387.38183069,3.5600
1625016822703000,0,235.51903179,3.5800
1625016822703000,0,664.60107994,3.5800
1625017326071000,1,234.94161008,3.5700
1625017326169000,0,234.94161008,3.5700
1625017473997000,0,278.43031923,3.5900
1625017473997000,0,141.45290077,3.5900
1625017809667000,1,278.68529000,3.5900
1625017826079000,0,279.08397000,3.5800
1625018572104000,1,277.90953299,3.6000
1625018572104000,1,232.97224701,3.6000
1625018665752000,0,276.81727000,3.6100
1625018740285000,0,276.73607595,3.6100
1625018795909000,0,200.00000000,3.6000
1625019146967000,0,279.12528853,3.5800
1625020195159000,0,276.78044545,3.6100
1625020250738000,0,135.01761535,3.6100
1625020288783000,1,232.39141209,3.6100
1625020288783000,1,784.00000000,3.6100
1625020288783000,1,276.80282791,3.6100
1625020810771000,0,275.99017000,3.6200
1625020892530000,1,230.97440000,3.6300
1625020935315000,0,330.21321513,3.6400
1625020966808000,0,274.47011258,3.6400
1625020966808000,0,577.16097742,3.6400
1625021267555000,0,273.74189545,3.6500
1625021426958000,0,272.99945031,3.6600
1625021628993000,0,273.08080308,3.6600
1625021854100000,0,32.69754768,3.6800
1625021957315000,0,6.14525140,3.6900
1625021972891000,1,677.83348947,3.6900
1625021972891000,1,271.13338053,3.6900
1625022118765000,0,272.27057000,3.6700
1625022878466000,1,277.97478000,3.6000
1625022878563000,1,0.00000802,3.6000
1625022882229000,0,695.92656941,3.5900
1625022882229000,0,278.37062776,3.5900
1625022949975000,0,278.36939000,3.5900
1625022950262000,0,0.00000210,3.5900
1625022976039000,0,277.36262000,3.6100
1625023223580000,0,280.63169000,3.5700
1625023266672000,1,280.45892917,3.5600
1625023266672000,1,519.54107083,3.5600
1625023266734000,1,182.85001000,3.5600
1625023334981000,0,280.63169000,3.5600
1625023507556000,0,944.00000000,3.5500
1625023520235000,1,281.15126000,3.5600
1625023870240000,0,281.50997000,3.5500
1625023946838000,0,50.00000000,3.5400
1625023970994000,1,409.73351608,3.5300
1625023970994000,1,386.23700000,3.5300
1625023970994000,1,1009.32375295,3.5300
1625024150130000,0,281.45686731,3.5500
1625024150130000,0,183.26376194,3.5600
1625024171914000,1,280.29563000,3.5700
1625024200944000,1,280.36938722,3.5700
1625024200944000,1,700.70575278,3.5700
1625024201069000,1,0.00001706,3.5700
1625024239387000,1,280.18232000,3.5700
1625024572846000,0,234.92766776,3.5800
1625024572846000,0,292.15046239,3.5900
1625024572846000,0,1190.00000000,3.5900
1625024572846000,0,53.73503884,3.5900
1625024632960000,0,279.18965755,3.5800
1625024632960000,0,697.88920245,3.5800
1625024709157000,0,278.39162000,3.5900
1625024912154000,0,212.24961000,3.5800
1625025565001000,1,281.17719000,3.5600
1625025574031000,1,95.09748373,3.5600
1625025574053000,1,204.90251627,3.5600
1625025588773000,1,44.45228771,3.5600
1625025588863000,1,191.31761343,3.5600
1625028052567000,1,279.51488620,3.5800
1625028052567000,1,698.78721549,3.5800
1625028073158000,1,280.15800192,3.5700
1625028073277000,0,234.99751219,3.5700
1625028073393000,0,484.84448589,3.5700
1625028459471000,1,3501.29724351,3.5200
1625028469471000,1,285.06385680,3.5100
1625028469471000,1,100.00000000,3.5100
1625028469471000,1,238.96980080,3.5100
1625028469471000,1,130.51478846,3.5100
1625028517280000,0,5.98290598,3.5100
1625028683417000,0,1008.00000000,3.5000
1625028683783000,1,286.59836000,3.4900
1625028683783000,1,716.75282084,3.4900
1625028683783000,1,240.50939384,3.4900
1625028683783000,1,386.23700000,3.4900
1625028683783000,1,140.71559431,3.4900
1625028932154000,1,5.88218390,3.4800
1625029323568000,0,100.00000000,3.4600
1625029348010000,0,287.95307548,3.4700
1625029401453000,1,73.06129393,3.4600
1625029689164000,0,151.49425287,3.4800
1625029787815000,0,100.00000000,3.4800
1625030505920000,1,20.75553959,3.4800
1625030506100000,1,136.01441913,3.4800
1625030506314000,1,143.23004127,3.4800
1625030506523000,1,0.00000001,3.4800
1625031174945000,0,391.08498737,3.5200
1625031174945000,0,386.23700000,3.5200
1625031174945000,0,239.38657837,3.5200
1625031174945000,0,1850.62334559,3.5200
1625031174945000,0,711.26260560,3.5200
1625031174945000,0,284.58332959,3.5200
1625031174945000,0,1240.00000000,3.5200
1625031174945000,0,934.91590348,3.5200
1625031322575000,1,285.92906035,3.5000
1625031322575000,1,714.87636609,3.5000
1625031322575000,1,292.81090667,3.4900
1625031322575000,1,1190.00000000,3.4900
1625031322575000,1,399.71800000,3.4900
1625031322575000,1,372.00000000,3.4900
1625031322575000,1,386.23700000,3.4900
1625031322575000,1,1858.90739391,3.4900
1625031322575000,1,376.27766217,3.4900
1625031322575000,1,239.77032406,3.4900
1625031322575000,1,202.22456000,3.4900
1625031322575000,1,15.50486998,3.4900
1625031350487000,1,285.19026429,3.5100
1625031350487000,1,960.00000000,3.5000
1625031350487000,1,239.68179237,3.5000
1625031350487000,1,1857.45516517,3.5000
1625031350487000,1,386.23700000,3.5000
1625031350487000,1,201.64678000,3.5000
1625031350487000,1,295.74101697,3.5000
1625031350487000,1,413.38668195,3.5000
1625031350487000,1,303.21505753,3.4900
1625031350487000,1,399.71800000,3.4900
1625031350487000,1,599.18548395,3.4900
1625031350487000,1,392.79890100,3.4900
1625032318654000,1,506.28827324,3.5100
1625032318770000,1,221.71172000,3.5100
1625032319020000,1,0.00000676,3.5100
1625032756315000,0,28.26775215,3.5200
1625032798673000,1,102.88891000,3.5100
1625032911511000,0,283.66126989,3.5300
1625033143971000,1,45.78903655,3.5300
1625033179122000,0,148.40730337,3.5600
1625033671221000,0,281.41313194,3.5500
1625033716830000,1,281.78138000,3.5500
1625033749446000,1,200.00000000,3.5500
1625033749446000,1,237.09083502,3.5400
1625033749446000,1,770.06916498,3.5400
1625033976913000,1,281.90190765,3.5500
1625033976913000,1,704.75475235,3.5500
1625034024597000,0,7.00563380,3.5500
1625034041159000,1,600.00000000,3.5400
1625034326967000,0,282.20595000,3.5400
1625034605600000,1,282.76608826,3.5400
1625034623057000,0,281.48307335,3.5500
1625034803871000,1,4738.33990888,3.5500
1625034803980000,1,377.65164000,3.5500
1625034804371000,1,0.00000041,3.5500
1625035497869000,0,88.81544835,3.5500
1625035497869000,0,32.06905869,3.5500
1625035742527000,1,500.00000000,3.5600
1625035742527000,1,121.84615385,3.5600
1625035769808000,0,52.95518207,3.5700
1625035775717000,1,281.13092992,3.5600
1625036554389000,0,95.67415730,3.5600
1625036832763000,1,280.37484842,3.5600
1625036832763000,1,702.17580726,3.5600
1625036832763000,1,17.44934432,3.5600
1625036856562000,1,281.17181803,3.5600
1625036895665000,1,24.75151381,3.5500
1625036953915000,0,27.74647887,3.5600
1625037395402000,1,706.78556888,3.5400
1625037395402000,1,282.71422755,3.5400
1625037495134000,1,100.98528421,3.5300
1625037694508000,0,280.63333000,3.5600
1625037706042000,0,182.10393258,3.5600
1625037861757000,0,279.06931000,3.5800
1625037929303000,0,279.93786000,3.5700
1625038040974000,1,279.54696849,3.5800
1625038221904000,0,100.00000000,3.5700
1625038578899000,0,5.81000000,3.6000
1625038637618000,1,1253.66481994,3.6100
1625038719868000,0,5.98290598,3.6200
1625038924401000,1,275.47190932,3.6300
1625038924401000,1,231.30630531,3.6300
1625038924401000,1,243.22178537,3.6300
1625039074328000,1,274.96960000,3.6400
1625039167000000,0,16.62739726,3.6500
1625039585420000,1,18.00000000,3.6400
1625039585450000,1,132.00000000,3.6400
1625039780123000,1,274.97517057,3.6400
1625039786104000,1,50.00000000,3.6400
1625039819934000,0,79.29315068,3.6500
1625039880253000,1,7.50000000,3.6400
1625039991567000,1,274.92135030,3.6400
1625040018701000,0,13.66758241,3.6400
1625040244540000,1,100.00000000,3.6100
1625040373591000,0,13.70831791,3.6300
1625040694900000,1,0.52243353,3.6200
