timestamp ms,type,amount,price
1622332829325000,1,53.23259712,4.8000
1622332858871000,1,26.72747252,4.8000
1622332895963000,1,890.81431056,4.7900
1622332895963000,1,208.53611364,4.7900
1622332942718000,1,526.49399339,4.7500
1622332942718000,1,206.69895266,4.7400
1622332974472000,0,6.54008439,4.7400
1622332978204000,0,4.22151899,4.7400
1622333077281000,1,306.00000000,4.7000
1622333077281000,1,1379.67412633,4.7000
1622333077281000,1,174.65051860,4.7000
1622333077281000,1,420.41594084,4.7000
1622333077583000,1,399.71800000,4.7000
1622333077583000,1,146.56667000,4.7000
1622333077583000,1,174.67515860,4.7000
1622333077583000,1,341.68858079,4.6900
1622333233743000,0,91.35789473,4.7500
1622333363667000,1,15.53882874,4.7500
1622333678894000,1,50.00000000,4.7000
1622333680127000,0,4.22505307,4.7100
1622333858243000,0,4.29600000,4.6900
1622333860868000,0,6.82302772,4.6900
1622333889363000,1,50.00000000,4.6600
1622333926573000,1,88.20698513,4.6500
1622333926573000,1,193.11900000,4.6500
1622333926573000,1,79.15139299,4.6500
1622333926573000,1,89.87605223,4.6500
1622333940657000,0,6.02150538,4.6400
1622334077935000,0,160.08385507,4.6400
1622334077935000,0,402.16588678,4.6400
1622334077935000,0,146.95690000,4.6400
1622334077935000,0,297.00000000,4.6500
1622334077935000,0,400.20963766,4.6500
1622334077935000,0,399.70082731,4.6600
1622334077935000,0,493.68465910,4.6600
1622334198081000,1,4.63043478,4.6000
1622334465313000,1,50.00000000,4.6000
1622334811044000,1,546.39665940,4.5700
1622334811044000,1,150.73596000,4.5700
1622334811044000,1,218.53396586,4.5700
1622334811044000,1,4.54385964,4.5600
1622334811044000,1,308.00000000,4.5600
1622334811044000,1,179.65515207,4.5600
1622334811044000,1,1422.95072797,4.5600
1622334811044000,1,386.23700000,4.5600
1622334811044000,1,285.27436419,4.5600
1622334932698000,1,19.00442114,4.5500
1622334942524000,0,5.71428571,4.5500
1622334946821000,0,6.37362637,4.5500
1622334953106000,1,147.90308369,4.5400
1622334953113000,1,0.00000001,4.5400
1622334960399000,1,13.23654223,4.5100
1622334969014000,0,117.06809000,4.5100
1622334970421000,0,104.61608914,4.5100
1622335027697000,1,706.36680134,4.5000
1622335027697000,1,122.00000000,4.5000
1622335027697000,1,30.00000000,4.5000
1622335027697000,1,10.00000000,4.5000
1622335027697000,1,25.75107295,4.5000
1622335029276000,1,20.00000000,4.4900
1622335029276000,1,150.00000000,4.4900
1622335030102000,1,200.09210526,4.4700
1622335203493000,0,68.31096197,4.5400
1622335304730000,0,65.08810573,4.5400
1622335407355000,0,5.49130726,4.5400
1622335718461000,1,91.35789473,4.4700
1622335762333000,0,220.84957456,4.5300
1622335839830000,1,162.00900289,4.5400
1622335915465000,0,226.29955947,4.5400
1622336110612000,0,550.50099004,4.5400
1622336160311000,1,166.54720197,4.5400
1622336183611000,1,23.72707889,4.5400
1622337436347000,1,34.67525536,4.5600
1622337624688000,1,218.55533458,4.5700
1622337864805000,1,219.03030994,4.5600
1622337935222000,1,219.74422114,4.5500
1622338523040000,1,219.95453000,4.5500
1622338560275000,0,1931.79153316,4.5600
1622338623497000,1,2048.51940594,4.5600
1622339344341000,1,218.97386657,4.5700
1622339344341000,1,547.43466642,4.5700
1622339538501000,1,412.61308876,4.5700
1622339538501000,1,218.63304442,4.5700
1622339596545000,1,218.95328069,4.5700
1622339640253000,0,10.79741648,4.5900
1622340589253000,1,216.63491725,4.6200
1622340693346000,1,217.11222502,4.6100
1622340693346000,1,178.23375011,4.6100
1622340693346000,1,13.08201380,4.6100
1622340693447000,0,7.55646932,4.6100
1622340693474000,0,112.47843948,4.6100
1622340923691000,0,100.00000000,4.6200
1622341206496000,0,6.37362637,4.6600
1622341237617000,0,5.71428571,4.6700
1622341237617000,0,450.00000000,4.6700
1622341237617000,0,416.30254795,4.6800
1622341237617000,0,534.42856618,4.6800
1622341237617000,0,292.25270760,4.6800
1622341265107000,1,1480.04547000,4.6600
1622341265243000,1,224.96418000,4.6600
1622341265276000,1,0.00000665,4.6600
1622341578013000,0,214.40969502,4.6600
1622341638363000,1,214.73547393,4.6600
1622341638363000,1,536.32775770,4.6600
1622341638363000,1,391.02461102,4.6600
1622341653989000,0,22.71581196,4.6800
1622341728660000,0,250.00000000,4.6700
1622341737718000,0,285.16166864,4.6700
1622342136612000,1,213.41186917,4.6900
1622342142576000,1,213.40172950,4.6900
1622342224176000,1,408.73429890,4.6700
1622342224176000,1,600.00000000,4.6700
1622342391695000,1,213.85645003,4.6800
1622342442498000,1,213.83123456,4.6800
1622342517354000,1,213.79014785,4.6800
1622342517354000,1,534.34522152,4.6800
1622342548583000,1,213.84489991,4.6800
1622342664781000,0,10.00000000,4.7000
1622342680889000,1,212.49187874,4.7100
1622342680889000,1,700.00000000,4.7100
1622342680889000,1,174.80973491,4.7000
1622342680889000,1,1212.50015227,4.7000
1622342824929000,0,420.29074000,4.7000
1622342923197000,1,212.93843189,4.7000
1622342956693000,1,212.99028842,4.6900
1622342991359000,1,100.00000000,4.6900
1622343074952000,1,212.95003170,4.7000
1622343554395000,0,25.75107295,4.7300
1622343634903000,1,211.56692000,4.7300
1622343899261000,1,211.59296969,4.7300
1622343940307000,1,211.52573300,4.7300
1622344031394000,1,211.59872505,4.7300
1622344035272000,1,211.53781552,4.7300
1622344041072000,1,211.60822253,4.7300
1622344091973000,1,211.58115561,4.7300
1622344112385000,1,211.59468821,4.7300
1622344125187000,1,211.61724638,4.7300
1622344167888000,1,200.00000000,4.7200
1622344334498000,0,6.02150537,4.7700
1622344334518000,0,0.00000001,4.7700
1622344534117000,1,208.45154000,4.8000
1622344547179000,1,208.73492919,4.7900
1622344860071000,1,100.00000000,4.7900
1622345171248000,1,209.84081630,4.7700
1622345515390000,1,528.25068068,4.7300
1622345515390000,1,211.26807087,4.7300
1622345556451000,1,211.61091297,4.7300
1622345564502000,1,211.61901104,4.7300
1622345616662000,1,100.00000000,4.7100
1622345699797000,1,213.37316000,4.6800
1622345804845000,1,212.48890389,4.7100
1622345804845000,1,530.90145448,4.7100
1622345809048000,1,1380.75863178,4.7100
1622345823544000,1,212.53132128,4.7000
1622345923897000,1,212.51839773,4.7100
1622346116689000,1,212.06317659,4.7100
1622346250250000,1,212.47389124,4.7100
1622346354081000,1,212.01714875,4.7200
1622346357712000,1,211.98793005,4.7200
1622346985629000,1,4.48780000,4.7500
1622347320287000,0,209.52917436,4.7700
1622347320287000,0,512.35969057,4.7700
1622347715225000,1,210.67001129,4.7500
1622347751591000,1,209.88227607,4.7600
1622347751591000,1,525.30221393,4.7600
1622347751906000,1,0.00001149,4.7600
1622347884079000,0,54.95533087,4.7800
1622347886080000,1,209.22401000,4.7800
1622347928175000,1,209.40181000,4.7800
1622347928397000,1,0.00000688,4.7800
1622347937813000,1,209.32063902,4.7800
1622347937813000,1,523.30159755,4.7800
1622348018115000,1,209.36695000,4.7800
1622348018224000,1,0.00000174,4.7800
1622348064730000,1,209.83421492,4.7700
1622348163551000,0,3447.50059518,4.7700
1622348163911000,0,17.71939108,4.7700
1622348164076000,0,3446.65785514,4.7700
1622348164117000,0,17.72760510,4.7700
1622348164332000,0,17.73582122,4.7700
1622348164400000,0,172.29349864,4.7700
1622348164665000,0,3445.05808360,4.7700
1622348165499000,0,800.00000000,4.7700
1622348184349000,0,3445.26836220,4.7700
1622348184858000,0,172.20037314,4.7700
1622348184880000,0,527.86916000,4.7700
1622348184889000,0,3444.00746276,4.7700
1622348185514000,0,3443.51657992,4.7700
1622348194583000,1,524.49204042,4.7600
1622348194583000,1,209.81501350,4.7600
1622348204344000,1,209.81501350,4.7500
1622348209040000,1,210.58466426,4.7500
1622348209040000,1,526.53364497,4.7500
1622348281720000,1,527.00202696,4.7400
1622348281720000,1,210.70134790,4.7400
1622348286261000,1,527.73981169,4.7400
1622348335773000,1,527.74717378,4.7300
1622348335773000,1,211.13920765,4.7300
1622348413536000,0,3468.19757148,4.7400
1622348414096000,0,3468.03222134,4.7400
1622348414638000,0,3467.77695321,4.7400
1622348447674000,1,211.06732699,4.7300
1622348447674000,1,1371.92006164,4.7300
1622348447674000,1,527.65627656,4.7300
1622348456874000,0,1374.89621635,4.7300
1622348474292000,0,3466.72621603,4.7400
1622348476621000,0,193.11900000,4.7400
1622348544529000,0,193.11900000,4.7400
1622348549953000,0,3467.27301444,4.7400
1622348567305000,1,527.41768825,4.7300
1622348567305000,1,211.12956231,4.7300
1622348605647000,1,211.64715754,4.7200
1622348605647000,1,1902.63602804,4.7200
1622348645120000,1,211.57137329,4.7300
1622348645120000,1,528.93075410,4.7300
1622348705991000,0,3468.92701357,4.7400
1622348706600000,0,3468.87395171,4.7400
1622348707147000,0,2462.47040013,4.7400
1622348707147000,0,110.00000000,4.7400
1622348734670000,1,210.71777533,4.7500
1622348773171000,1,210.71777533,4.7400
1622348789678000,1,211.17038476,4.7400
1622348828178000,1,527.54845117,4.7400
1622348952715000,1,211.16855134,4.7400
1622349122085000,0,397.36267324,4.7900
1622349122085000,0,172.06977863,4.7900
1622349122085000,0,521.94938046,4.7900
1622349122085000,0,208.69234996,4.7900
1622349122085000,0,283.00000000,4.8000
1622349122085000,0,383.00000000,4.8000
1622349122085000,0,88.36489598,4.8000
1622349122085000,0,430.12379315,4.8000
1622349122085000,0,1083.02040000,4.8000
1622349122085000,0,405.81063312,4.8000
1622349157891000,1,208.42297768,4.8000
1622349165948000,1,521.06653874,4.8000
1622349189821000,0,6.82302772,4.8100
1622349345770000,1,400.00000000,4.8200
1622349470495000,1,300.00000000,4.8100
1622349664613000,0,110.00000000,4.8100
1622349689331000,0,170.98380381,4.8200
1622349689331000,0,188.47055303,4.8200
1622349707939000,0,16.78505287,4.8100
1622349739164000,1,208.51673351,4.8000
1622349884683000,1,385.41010939,4.7900
1622349967818000,1,208.90419585,4.7800
1622350250895000,1,208.91917116,4.7900
1622350273830000,1,208.96843670,4.7800
1622350547581000,1,209.37654854,4.7800
1622350562163000,1,209.34140719,4.7800
1622351177666000,0,706.36680134,4.8500
1622351530071000,0,6.54008439,4.8600
1622351591391000,0,4.23500000,4.8800
1622351821203000,1,204.25392213,4.9000
1622351821636000,0,50.89183673,4.9000
1622352007207000,1,203.79249000,4.9100
1622352040789000,1,203.85128692,4.9100
1622352040789000,1,167.44707475,4.9100
1622352040789000,1,467.65608967,4.9100
1622352049036000,0,167.44707000,4.9100
1622352049036000,0,1793.37364708,4.9100
1622352089054000,1,17.59706959,4.9100
1622352130663000,0,8.31600832,4.9300
1622352130663000,0,793.63319866,4.9300
1622352130663000,0,12.00000000,4.9300
1622352222234000,0,10.00000000,4.9400
1622352222234000,0,10.00000000,4.9400
1622352222234000,0,3000.00000000,4.9400
1622352277498000,0,8.48861284,4.9600
1622352370334000,0,22.22222222,4.9900
1622352370334000,0,11.23885350,4.9900
1622352370334000,0,4.22151899,4.9900
1622352535169000,0,19.99198396,4.9900
1622352719000000,0,53.00042485,4.9500
1622352735240000,0,70.66723314,4.9600
1622352741921000,1,70.66723000,4.9600
1622352741921000,1,165.72966650,4.9600
1622352741921000,1,111.13260598,4.9600
1622352782201000,0,17.26753307,4.9900
1622352782201000,0,200.25530259,4.9900
1622352782201000,0,500.74559676,4.9900
1622352782201000,0,1442.05210444,5.0000
1622352785543000,1,100.00000000,4.9800
1622352840320000,1,13.03145974,4.9900
1622352842905000,0,1057.94789556,5.0000
1622352951575000,0,174.90800000,4.9900
1622353005529000,0,219.23153692,5.0100
1622353231028000,0,51.05000000,5.0000
1622353343592000,1,199.77818180,5.0000
1622353392717000,1,368.24671894,5.0000
1622353410791000,0,4.20000000,5.0000
1622353440299000,1,210.73641445,4.9900
1622353573243000,0,9.16496945,5.0300
1622353573243000,0,692.96357344,5.0300
1622353586614000,0,4.17745303,5.0400
1622353629497000,1,198.58285000,5.0400
1622353653267000,1,198.92294837,5.0300
1622353676596000,1,198.90174344,5.0300
1622353693186000,1,2048.51940594,5.0300
1622353833021000,1,199.37133554,5.0200
1622353935078000,1,198.67077000,5.0300
1622353968973000,0,137.91468253,5.0400
1622353999728000,1,198.95227145,5.0300
1622354040334000,1,8.82977898,5.0300
1622354045928000,0,1711.65245196,5.0400
1622354245770000,1,198.49798000,5.0400
1622354317407000,0,9.75609756,5.0500
1622354317407000,0,4.09800000,5.0500
1622354317407000,0,3244.83125354,5.0500
1622354317949000,0,3258.02220795,5.0500
1622354321111000,0,3258.33200671,5.0500
1622354341652000,0,395.52475247,5.0500
1622354376615000,0,3258.07272838,5.0500
1622354404249000,0,3257.79229829,5.0500
1622354404651000,0,3257.42751116,5.0500
1622354405796000,0,329.03476685,5.0500
1622354405975000,1,2000.00000000,5.0500
1622354462184000,1,197.00164850,5.0800
1622354462184000,1,400.00000000,5.0800
1622354462184000,1,492.33726847,5.0800
1622354467840000,1,150.00000000,5.0700
1622354494463000,1,197.01902492,5.0800
1622354506497000,1,196.94478933,5.0800
1622354510754000,0,380.38399671,5.0900
1622354510754000,0,12.03250623,5.0900
1622354574812000,1,196.56493109,5.0900
1622354648870000,1,491.44164074,5.0900
1622354648870000,1,196.57665630,5.0900
1622354706017000,0,15.79107451,5.1000
1622354706017000,0,120.26526810,5.1100
1622354743981000,1,195.85612818,5.1100
1622354831466000,1,195.32164584,5.1100
1622354970810000,0,1804.14387182,5.1400
1622354973489000,1,2195.85612818,5.1400
1622355000277000,0,17.31238509,5.1300
1622355008254000,1,420.98271723,5.1200
1622355017639000,1,385.91200054,5.1000
1622355017639000,1,297.34378061,5.1000
1622355020154000,1,196.10449427,5.1000
1622355027030000,0,195.55437553,5.1100
1622355186478000,1,938.53403830,5.1200
1622355188368000,1,33.19334781,5.1100
1622355226976000,1,195.80910632,5.1100
1622355226976000,1,160.95531926,5.1100
1622355226976000,1,489.23422864,5.1100
1622355226976000,1,718.50240000,5.1100
1622355227076000,0,1284.42609778,5.1100
1622355241462000,1,23.89276690,5.1100
1622355242661000,1,14.56062843,5.1100
1622355242688000,1,0.00000001,5.1100
1622355264225000,0,3215.29932234,5.1200
1622355265446000,0,583.27021366,5.1200
1622355265446000,0,1000.00000000,5.1200
1622355299157000,0,10.13916501,5.1500
1622355299157000,0,18.84141751,5.1500
1622355368353000,0,11.33200795,5.1600
1622355381294000,0,1000.00000000,5.1700
1622355390356000,0,4.06707317,5.1800
1622355401012000,1,193.21970000,5.1700
1622355405085000,1,100.00000000,5.1700
1622355577787000,0,2048.51940594,5.1900
1622355602709000,0,3164.40484894,5.2000
1622355603262000,0,1900.35453240,5.2000
1622355615108000,0,4.12600000,5.2200
1622355615108000,0,50.00000000,5.2200
1622355642761000,1,191.32327457,5.2300
1622355644053000,0,369.10970272,5.2400
1622355644053000,0,208.47599164,5.2500
1622355644053000,0,222.93070507,5.2500
1622355646756000,1,478.31484067,5.2300
1622355650127000,1,191.56184498,5.2200
1622355652518000,1,2048.51940594,5.2200
1622355659005000,1,191.36278731,5.2300
1622355673437000,0,27.76952380,5.2500
1622355686364000,1,14.17255119,5.2300
1622355693685000,0,2048.51940594,5.2400
1622355699025000,0,1602.52152300,5.2500
1622355699025000,0,100.00000000,5.2500
1622355772142000,0,292.40640000,5.2400
1622355772142000,0,157.55372300,5.2400
1622355772142000,0,184.10681837,5.2400
1622355772142000,0,290.00000000,5.2400
1622355772142000,0,24.61817313,5.2400
1622355791371000,1,118.64334182,5.2200
1622355797765000,1,2048.51940594,5.2200
1622355797765000,1,359.78238910,5.2200
1622355809858000,1,51.05000000,5.2100
1622355818153000,1,191.70386000,5.2200
1622355818230000,1,0.00000916,5.2200
1622355833098000,1,150.00000000,5.2000
1622356089591000,0,101.29693486,5.2200
1622356119681000,1,5.00000000,5.2000
1622356145287000,1,192.34398072,5.2000
1622356159026000,1,101.29693486,5.1700
1622356176293000,0,73.15028901,5.1900
1622356193352000,1,293.54247104,5.1600
1622356287648000,1,5.00000000,5.1500
1622356392148000,0,101.00581395,5.1600
1622356440301000,1,19.44249863,5.1200
1622356446363000,1,42.97058823,5.1300
1622356511377000,0,19.24612912,5.1600
1622356557281000,1,100.00000000,5.1900
1622356594187000,1,192.08461396,5.2100
1622356599852000,1,100.00000000,5.2000
1622356631695000,1,192.48161026,5.1900
1622356710002000,1,192.06634102,5.2100
1622356710002000,1,480.02547898,5.2100
1622356776729000,1,500.00000000,5.2200
1622356899912000,0,2048.51940594,5.2400
1622357088233000,1,59.59329748,5.2300
1622357129078000,1,2048.51940594,5.2100
1622357130405000,1,101.00581395,5.2000
1622357228104000,1,158.25887001,5.2000
1622357228104000,1,357.74270192,5.2000
1622357228104000,1,480.14750312,5.2000
1622357228104000,1,192.06800706,5.2000
1622357228104000,1,1250.54346139,5.2000
1622357228264000,0,158.08701307,5.2000
1622357228270000,0,3145.52123419,5.2000
1622357258579000,1,192.08605663,5.2100
1622357258579000,1,480.11254177,5.2100
1622357258579000,1,157.88644558,5.2100
1622357258579000,1,371.80609827,5.2100
1622357260440000,1,157.88644558,5.2100
1622357315866000,0,120.05916030,5.2400
1622357351621000,1,11.74157482,5.2300
1622357385761000,1,100.00000000,5.2200
1622357391821000,1,191.64735493,5.2200
1622357391821000,1,479.02827238,5.2200
1622357435912000,0,30.49045801,5.2400
1622357459852000,1,190.99057000,5.2400
1622357459870000,1,0.00000303,5.2400
1622357520277000,0,10.01026654,5.2400
1622357530118000,0,99.75572519,5.2400
1622357530748000,0,272.30994028,5.2400
1622357559731000,1,200.00000000,5.2300
1622357677569000,1,191.00194000,5.2400
1622357722613000,0,1000.00000000,5.2500
1622357722613000,0,100.00000000,5.2500
1622357722613000,0,5.00000000,5.2500
1622357760458000,1,6.00000000,5.2400
1622357792880000,0,59.85600000,5.2500
1622357852353000,0,11.47859921,5.2700
1622357852379000,0,0.00000001,5.2700
1622357869692000,0,15.89147287,5.2900
1622357869692000,0,132.37620000,5.2900
1622357869692000,0,156.09583637,5.2900
1622357869692000,0,195.63649076,5.2900
1622357881538000,0,100.00000000,5.2800
1622357904575000,0,20.00000000,5.3000
1622357904575000,0,5.00000000,5.3000
1622357912572000,0,25.00000000,5.3000
1622357918983000,0,66.60051000,5.3000
1622358003453000,0,50.00000000,5.3300
1622358023851000,0,500.00000000,5.3500
1622358023851000,0,3.93897638,5.3500
1622358124994000,1,99.75572519,5.3400
1622358187695000,0,16.07289719,5.3500
1622358205059000,1,187.75878628,5.3300
1622358247175000,0,18.25260092,5.3300
1622358283559000,1,364.20550795,5.3400
1622358283559000,1,436.31089148,5.3400
1622358286215000,0,100.00000000,5.3500
1622358288867000,1,186.98256000,5.3500
1622358294146000,0,128.84477000,5.3500
1622358294146000,0,13.38050985,5.3500
1622358305700000,0,187.32225642,5.3400
1622358305700000,0,70.17306193,5.3400
1622358324514000,1,100.00000000,5.3200
1622358333960000,1,302.21986183,5.2900
1622358366024000,0,155.93528731,5.3000
1622358366024000,0,223.99867495,5.3000
1622358376386000,1,200.00000000,5.2800
1622358627169000,0,371.70526858,5.2600
1622358627169000,0,189.99172214,5.2600
1622358627169000,0,156.95026088,5.2600
1622358627169000,0,84.44780543,5.2600
1622358644784000,1,5.00000000,5.2500
1622358653101000,0,50.00000000,5.2400
1622358703604000,0,475.08781993,5.2600
1622358703604000,0,190.09715446,5.2600
1622358703604000,0,156.83650180,5.2700
1622358703604000,0,128.84477000,5.2700
1622358703604000,0,292.00000000,5.2700
1622358703604000,0,386.23700000,5.2700
1622358703604000,0,386.78574220,5.2700
1622358703678000,1,37.92277810,5.2700
1622358703684000,1,684.00417278,5.2700
1622358841688000,0,190.69949809,5.2400
1622358910708000,1,34.93589743,5.2200
1622359162868000,1,190.98025547,5.2400
1622359286139000,0,30.40267175,5.2400
1622359370981000,0,100.00000000,5.2200
1622359418540000,1,100.00000000,5.2100
1622359418812000,1,57.87344717,5.2100
1622359418812000,1,132.21945000,5.2100
1622359418812000,1,1247.21833540,5.2100
1622359418812000,1,386.23700000,5.2100
1622359418812000,1,332.98176743,5.2100
1622359475614000,1,192.06931538,5.2100
1622359475614000,1,7.93068462,5.2100
1622359505930000,1,5.00000000,5.2000
1622359505930000,1,192.10464678,5.2000
1622359506121000,1,21.93890020,5.1900
1622359518558000,0,191.83686242,5.2100
1622359518558000,0,85.77638134,5.2100
1622359560855000,0,50.00000000,5.1900
1622359584511000,1,158.80224498,5.1800
1622359584511000,1,193.01320498,5.1800
1622359584511000,1,366.96391608,5.1800
1622359584511000,1,112.12497552,5.1800
1622359610307000,0,1555.00000000,5.2000
1622359693499000,1,192.08075256,5.2100
1622359697680000,1,192.10033758,5.2100
1622359702261000,1,192.09642026,5.2100
1622359999020000,1,191.36149513,5.2300
1622359999020000,1,369.29364288,5.2300
1622359999020000,1,50.18775852,5.2200
1622359999020000,1,62.87337331,5.2200
1622360117880000,0,391.60386638,5.2500
1622360180845000,1,3152.92643561,5.2300
1622360181275000,1,3152.73487022,5.2300
1622360181908000,1,3152.78148432,5.2300
1622360183113000,1,3154.32307594,5.2300
1622360199969000,1,3155.37145223,5.2300
1622360200491000,1,758.01744000,5.2300
1622360200507000,1,3156.10063561,5.2300
1622360200579000,1,650.00000000,5.2300
1622360200698000,1,1300.00000000,5.2300
1622360200794000,1,2300.00000000,5.2300
1622360200883000,1,750.00000000,5.2300
1622360201065000,1,3156.46957758,5.2300
1622360224012000,0,190.65164214,5.2500
1622360232904000,0,190.35486104,5.2500
1622360232904000,0,475.88715260,5.2500
1622360292622000,0,391.44274926,5.2600
1622360332292000,0,189.94569660,5.2700
1622360332292000,0,355.37852375,5.2700
1622360332292000,0,474.28365342,5.2700
1622360348375000,0,28.21361058,5.2900
1622360419275000,1,3122.95836847,5.2800
1622360433012000,0,5.00000000,5.3000
1622360520332000,0,7.75905629,5.3100
1622360523430000,1,3111.39657872,5.3000
1622360523941000,1,3111.95064049,5.3000
1622360524452000,1,3112.89374889,5.3000
1622360524753000,1,300.00000000,5.3000
1622360548695000,0,283.34962406,5.3200
1622360567434000,1,3114.10418592,5.3000
1622360567946000,1,1687.95224087,5.3000
1622360575597000,1,193.11900000,5.3000
1622360575773000,1,597.80095996,5.3000
1622360582825000,1,193.11900000,5.3000
1622360582860000,1,75.00000000,5.3000
1622360583274000,1,652.90500000,5.3000
1622360588326000,1,525.05640000,5.3000
1622360592754000,1,31.16275776,5.3000
1622360593316000,1,935.10202044,5.3000
1622360593964000,1,31.16167836,5.3000
1622360595077000,1,31.16167836,5.3000
1622360595483000,1,75.00000000,5.3000
1622360596172000,1,31.17807711,5.3000
1622360597292000,1,31.17807711,5.3000
1622360597339000,1,300.00000000,5.3000
1622360597862000,1,193.11900000,5.3000
1622360598396000,1,31.18188086,5.3000
1622360599311000,1,564.80162035,5.3000
1622360599533000,1,31.18193465,5.3000
1622360600650000,1,31.18193465,5.3000
1622360601726000,1,31.18193465,5.3000
1622360602846000,1,31.18845725,5.3000
1622360603820000,1,55.97000000,5.3000
1622360603978000,1,31.20520421,5.3000
1622360603993000,1,11.58952000,5.3000
1622360604563000,1,341.14017869,5.3000
1622360605080000,1,31.19315758,5.3000
1622360605953000,1,67.70429328,5.3000
1622360606049000,1,7.29570288,5.3000
1622360606200000,1,31.18870364,5.3000
1622360607279000,1,31.19143567,5.3000
1622360608238000,1,163.26323396,5.3000
1622360608251000,1,90.99800000,5.3000
1622360608371000,1,31.19926530,5.3000
1622360608465000,1,331.83261575,5.3000
1622360608479000,1,76.00000000,5.3000
1622360608559000,1,309.48452557,5.3000
1622360608576000,1,189.09719500,5.3000
1622360608693000,1,189.09719435,5.3000
1622360609013000,1,283.64997293,5.3000
1622360609546000,1,31.20046833,5.3000
1622360609852000,1,206.04866793,5.3000
1622360610629000,1,31.20202416,5.3000
1622360610751000,1,300.00000000,5.3000
1622360611751000,1,31.20673286,5.3000
1622360612918000,1,31.20274605,5.3000
1622360612998000,1,193.11900000,5.3000
1622360613104000,1,46.60369056,5.3000
1622360613200000,1,77.00000000,5.3000
1622360613346000,1,266.36130944,5.3000
1622360613373000,1,130.62667000,5.3000
1622360613451000,1,21.10060000,5.3000
1622360613603000,1,31.22849057,5.3000
1622360613797000,1,15.37519998,5.3000
1622360613879000,1,72.00000000,5.3000
1622360614031000,1,78.13817111,5.3000
1622360614041000,1,31.21730784,5.3000
1622360614323000,1,67.70429711,5.3000
1622360614366000,1,130.62667000,5.3000
1622360614436000,1,67.70429711,5.3000
1622360614449000,1,75.00000000,5.3000
1622360614502000,1,77.00000000,5.3000
1622360614537000,1,111.90749000,5.3000
1622360614646000,1,244.11194339,5.3000
1622360614758000,1,109.67924340,5.3000
1622360614890000,1,77.00000000,5.3000
1622360614924000,1,7.81112821,5.3000
1622360615086000,1,112.39295473,5.3000
1622360615226000,1,59.29294223,5.3000
1622360615310000,1,78.17198444,5.3000
1622360615330000,1,31.27275671,5.3000
1622360616330000,1,77.00000000,5.3000
1622360616373000,1,230.44690235,5.3000
1622360616453000,1,308.83363209,5.3000
1622360616562000,1,478.11834176,5.3000
1622360616691000,1,181.55689462,5.3000
1622360617964000,1,472.35474907,5.3000
1622360618115000,1,15.62299217,5.3000
1622360618232000,1,15.62290000,5.3000
1622360618312000,1,173.72675003,5.3000
1622360618365000,1,67.70429712,5.3000
1622360618665000,1,31.27378448,5.3000
1622360618665000,1,15.62517850,5.3000
1622360618875000,1,189.31198068,5.3000
1622360619499000,1,234.33965888,5.3000
1622360619524000,1,40.57211013,5.3000
1622360619833000,1,15.61863684,5.3000
1622360619836000,1,31.27378448,5.3000
1622360621013000,1,15.61713403,5.3000
1622360621022000,1,300.00000000,5.3000
1622360621023000,1,39.04683501,5.3000
1622360621330000,1,10.98151781,5.3000
1622360622140000,1,39.05357084,5.3000
1622360622145000,1,15.61713403,5.3000
1622360623006000,1,15.61741991,5.3000
1622360623296000,1,15.61713403,5.3000
1622360623302000,1,39.05628603,5.3000
1622360624044000,1,23.41908929,5.3000
1622360624091000,1,15.62650950,5.3000
1622360624404000,1,15.62348597,5.3000
1622360624413000,1,39.04635183,5.3000
1622360624507000,1,233.79752125,5.3000
1622360625561000,1,188.93180262,5.3000
1622360625578000,1,15.63797314,5.3000
1622360625580000,1,39.09493283,5.3000
1622360626262000,1,77.00044200,5.3000
1622360626385000,1,15.63765184,5.3000
1622360626453000,1,112.34861272,5.3000
1622360626459000,1,39.09412960,5.3000
1622360626682000,1,39.09803781,5.3000
1622360626698000,1,15.63921513,5.3000
1622360626879000,1,472.84555521,5.3000
1622360626901000,1,77.00044200,5.3000
1622360627091000,1,133.69012216,5.3000
1622360627150000,1,205.37270884,5.3000
1622360627150000,1,133.52056901,5.2900
1622360630456000,0,189.26814000,5.2800
1622360632894000,0,473.46552791,5.2900
1622360632894000,0,15.63626655,5.2900
1622360632894000,0,189.22358554,5.2900
1622360656623000,0,353.81614419,5.3000
1622360656623000,0,164.90724152,5.3000
1622360656623000,0,189.34905472,5.3000
1622360857250000,0,189.63329000,5.2700
1622361096941000,0,15.66086991,5.2700
1622361125844000,0,105.66413662,5.2700
1622361392248000,0,14.26996197,5.2600
1622361516080000,1,15.68590000,5.2600
1622361564080000,0,4.20000000,5.2700
1622361613787000,0,353.81614418,5.2900
1622361616755000,0,100.00000000,5.3000
1622361687279000,1,470.06828036,5.3200
1622361687279000,1,188.02731214,5.3200
1622361687279000,1,386.18243061,5.3200
1622361773305000,1,129.48559000,5.3200
1622362177636000,0,125.51966609,5.2600
1622362235916000,1,189.95606000,5.2600
1622362343246000,1,189.98042000,5.2600
1622362537501000,0,12.85835073,5.2700
1622362540026000,1,143.73664000,5.2700
1622362540026000,1,500.00000000,5.2700
1622362615293000,1,189.63853000,5.2700
1622362665970000,1,350.00000000,5.2600
1622362665970000,1,400.00000000,5.2600
1622362665970000,1,381.97204148,5.2600
1622362666024000,1,215.00000000,5.2500
1622362666629000,1,50.35343035,5.2500
1622362676499000,1,475.52875803,5.2500
1622362676499000,1,190.32853478,5.2500
1622362676499000,1,383.22504503,5.2500
1622362676499000,1,391.44712393,5.2400
1622362676499000,1,261.32442028,5.2400
1622362718948000,1,191.46088167,5.2200
1622362718948000,1,400.00000000,5.2200
1622362718948000,1,750.00000000,5.2200
1622362718948000,1,360.39300037,5.2200
1622362754889000,1,17.74625322,5.2200
1622362780857000,1,71.86074641,5.2200
1622362780857000,1,211.48887765,5.2200
1622362811444000,1,56.32799543,5.2200
1622362891687000,1,192.42210274,5.2000
1622362891687000,1,600.00000000,5.2000
1622362941833000,1,500.00000000,5.1900
1622363039968000,1,50.00000000,5.1800
1622363102505000,0,101.76923076,5.2000
1622363114870000,1,20.00000000,5.1900
1622363122812000,0,192.25809845,5.2000
1622363308186000,0,383.37991430,5.1900
1622363481156000,1,10.92156862,5.1900
1622363490375000,0,158.26745672,5.2100
1622363490375000,0,57.67728173,5.2100
1622363544423000,0,190.73135364,5.2400
1622363544423000,0,157.57237317,5.2500
1622363544423000,0,367.75382281,5.2500
1622363544423000,0,976.43717676,5.2500
1622363830433000,1,157.11220841,5.2300
1622363830433000,1,386.23700000,5.2300
1622363830433000,1,389.53174900,5.2300
1622363830433000,1,191.02434500,5.2300
1622363830433000,1,131.71383000,5.2300
1622363830433000,1,477.88691759,5.2300
1622364317099000,1,157.61497000,5.2300
1622364317099000,1,450.00000000,5.2300
1622364335070000,0,477.54863769,5.2400
1622364335070000,0,122.45136231,5.2400
1622364344542000,0,190.69975377,5.2400
1622364371318000,0,549.32757420,5.2700
1622364371318000,0,82.09168062,5.2700
1622364371318000,0,189.93221207,5.2700
1622364371318000,0,474.82245476,5.2700
1622364371318000,0,355.28359772,5.2700
1622364371318000,0,34.19107441,5.2800
1622364530736000,1,27.76952380,5.2300
1622364894441000,1,450.00000000,5.2300
1622364987912000,0,19.11494252,5.2200
1622365014461000,1,14.48565573,5.1900
1622365014570000,1,100.00000000,5.1900
1622365089238000,1,50.00000000,5.1800
1622365228613000,0,9.54918307,5.2100
1622365925260000,1,29.53991460,5.2400
1622366038038000,0,157.59258069,5.2300
1622366038038000,0,191.14981013,5.2300
1622366038038000,0,234.45646195,5.2300
1622366080485000,0,190.67872983,5.2400
1622366080485000,0,157.20918285,5.2400
1622366080485000,0,283.21895754,5.2400
1622366193988000,1,30.00000000,5.2300
1622366653688000,0,56.00000000,5.2600
1622366760255000,1,19.80019008,5.2300
1622366788440000,1,190.92702623,5.2400
1622366841314000,1,379.98340820,5.2400
1622366880285000,1,55.48902041,5.2300
1622366923510000,1,191.29883189,5.2300
1622367155607000,1,10.00000000,5.1900
1622367187009000,1,173.26942520,5.1900
1622367230830000,0,171.64496363,5.2000
1622367230830000,0,128.35503637,5.2000
1622367360278000,0,5.00000000,5.2100
1622367360278000,0,14.05014441,5.2100
1622367397467000,0,131.77447217,5.2200
1622367442925000,0,8.61612284,5.2100
1622367626322000,1,192.82585677,5.1900
1622367626322000,1,12.56433512,5.1900
1622367933620000,1,192.77173661,5.1900
1622368699876000,1,360.03730852,5.2300
1622368951067000,1,191.67482444,5.2200
1622368962169000,1,191.71883932,5.2200
1622369332914000,0,50.87715930,5.2100
1622369540648000,1,193.58256485,5.1700
1622369550552000,1,193.58739132,5.1700
1622369672360000,1,486.90169475,5.1300
1622369672360000,1,194.71521594,5.1300
1622369672360000,1,262.00000000,5.1200
1622369672360000,1,399.71800000,5.1200
1622369672360000,1,392.73140292,5.1200
1622369672360000,1,386.23700000,5.1200
1622369672360000,1,160.35164962,5.1200
1622369672360000,1,1095.48835693,5.1200
1622369672502000,1,172.52215858,5.1200
1622369672502000,1,227.47784142,5.1200
1622369672548000,1,359.45435684,5.1200
1622369747570000,1,195.07608900,5.1300
1622369747570000,1,50.00000000,5.1300
1622369747570000,1,486.97029874,5.1300
1622369747570000,1,160.17435111,5.1300
1622369747570000,1,275.65447882,5.1300
1622369854072000,1,160.33080870,5.1300
1622369854072000,1,160.54522810,5.1200
1622369854072000,1,364.62030893,5.1200
1622369854072000,1,297.00000000,5.1200
1622369854072000,1,1177.82419113,5.1200
1622370065667000,1,195.08232125,5.1300
1622370073036000,1,487.61299284,5.1300
1622370114080000,0,384.25277075,5.1400
1622370240263000,1,29.96419207,5.1400
1622370278812000,0,392.91145853,5.1600
1622370458086000,0,192.88525077,5.1800
1622370797593000,1,40.20606060,5.1700
1622370947357000,1,129.54393305,5.1700
1622371215694000,1,193.53643686,5.1700
1622371215694000,1,483.72275648,5.1700
1622371478956000,0,288.85256010,5.2300
1622371671589000,1,27.25015093,5.1900
1622371831328000,1,4.00000000,5.1600
1622371888533000,1,73.15028901,5.1600
1622372051197000,1,16.47273484,5.1900
1622372052215000,1,83.52726000,5.1900
1622372052233000,1,0.00000516,5.1900
1622372087624000,0,9.56754688,5.2000
1622372262123000,1,50.00000000,5.1900
1622372351254000,1,192.74509823,5.1900
1622372351254000,1,481.89222520,5.1900
1622372359389000,1,192.91387185,5.1800
1622372489617000,0,51.10192308,5.2000
1622372519563000,0,251.72620305,5.2100
1622372519563000,0,182.63025332,5.2100
1622372519563000,0,480.38736566,5.2100
1622372519563000,0,192.14063128,5.2100
1622372519563000,0,158.28352467,5.2100
1622372519563000,0,362.98103049,5.2100
1622372519563000,0,28.41912972,5.2100
1622372571434000,1,192.73990523,5.1900
1622372591739000,1,390.34480114,5.1800
1622372654871000,1,24.68823810,5.1700
1622372710533000,0,158.66808156,5.2000
1622372710533000,0,391.03731653,5.2000
1622372710533000,0,192.45035554,5.2000
1622372710533000,0,480.48378121,5.2000
1622372710533000,0,396.67020388,5.2100
1622372710533000,0,112.38784820,5.2100
1622372710533000,0,383.00000000,5.2100
1622372710533000,0,6.29212427,5.2100
1622372867067000,1,192.09064994,5.2100
1622373079824000,0,4.00000000,5.2100
1622373480757000,1,384.12740441,5.2000
1622373480757000,1,192.08559575,5.2000
1622373603095000,1,191.61926426,5.2100
1622373630630000,0,5.16890595,5.2100
1622374165344000,1,20.00000000,5.1700
1622374542560000,1,193.55369007,5.1700
1622374852716000,1,10.46671130,5.2500
1622374920325000,0,10.35641338,5.2500
1622374998212000,1,664.42395437,5.2600
1622375152904000,0,147.50094876,5.2700
1622375314808000,1,189.86171855,5.2700
1622375462995000,0,18.77443609,5.3200
1622375501580000,0,45.82780081,5.3300
1622375597363000,0,0.00000001,5.3300
1622375597363000,0,154.48462319,5.3300
1622375597363000,0,364.54488387,5.3300
1622375597363000,0,100.00000000,5.3300
1622375597363000,0,187.47050261,5.3300
1622375597363000,0,72.92340000,5.3300
1622375597363000,0,386.19616606,5.3400
1622375597363000,0,352.26698495,5.3400
1622375608537000,0,49.73358348,5.3300
1622375835480000,1,188.45355740,5.3100
1622375876100000,0,470.57601036,5.3100
1622375876100000,0,188.23040415,5.3100
1622375876260000,1,636.22748379,5.3100
1622375976510000,1,187.71294363,5.3300
1622375976510000,1,359.10052733,5.3300
1622375989344000,1,154.09255559,5.3300
1622375989344000,1,359.62825404,5.3300
1622375989344000,1,289.37424740,5.3300
1622376030616000,0,82.02285448,5.3700
1622376120424000,1,16.54714392,5.3100
1622376121294000,1,188.10832318,5.3200
1622376121294000,1,386.23700000,5.3100
1622376121294000,1,154.69245491,5.3100
1622376121294000,1,114.23106101,5.3100
1622376212084000,1,36.10657002,5.2900
1622376234460000,1,54.15985501,5.2900
1622376235862000,1,108.31971003,5.2900
1622376766910000,0,346.37429111,5.2900
1622376825136000,0,36.10657001,5.3000
1622376840494000,0,6.93004028,5.3200
1622376906260000,1,188.47480730,5.3100
1622377062093000,1,50.00000000,5.2600
1622377097027000,1,190.25868885,5.2500
1622377403740000,1,426.24190476,5.2500
1622377736602000,1,190.63067676,5.2400
1622377916556000,1,190.98986662,5.2400
1622377999926000,0,14.13740458,5.2400
1622378067355000,1,191.53968119,5.2200
1622378210288000,0,55.37711000,5.2000
1622378548723000,1,192.08959668,5.2100
1622378699164000,1,193.21969123,5.1700
1622378752176000,1,193.54682055,5.1700
1622378771185000,1,194.69835986,5.1400
1622378771185000,1,486.24627603,5.1400
1622378771185000,1,305.00000000,5.1300
1622378771185000,1,386.23700000,5.1300
1622378771185000,1,134.28135000,5.1300
1622378771185000,1,487.17149716,5.1300
1622378771185000,1,159.91818369,5.1300
1622378771185000,1,1120.90203214,5.1300
1622378771670000,1,346.37429111,5.1400
1622378774496000,1,159.91818369,5.1300
1622378774496000,1,102.36594915,5.1300
1622378839500000,1,91.56797383,5.1300
1622378855954000,0,194.41756145,5.1400
1622378855954000,0,160.45976879,5.1400
1622378855954000,0,389.64520297,5.1400
1622378855954000,0,61.76003481,5.1500
1622378883673000,1,195.08745539,5.1300
1622378918467000,1,24.70886684,5.1200
1622378961006000,1,35.63672751,5.1000
1622378961062000,1,14.36327249,5.1000
1622378961494000,1,82.02285448,5.0900
1622378974294000,1,475.21850393,5.0800
1622379016394000,1,50.00000000,5.0600
1622379016684000,1,4.24158415,5.0500
1622379016684000,1,944.44353035,5.0500
1622379020126000,1,27.65327896,5.0500
1622379021111000,1,27.90319069,5.0500
1622379024601000,1,495.09303734,5.0500
1622379032382000,1,198.33182662,5.0400
1622379032382000,1,227.91007814,5.0400
1622379356280000,1,429.41372549,5.1000
1622379368564000,0,133.70781000,5.1100
1622379368564000,0,161.27198260,5.1100
1622379368564000,0,5.02020740,5.1100
1622379381071000,1,429.41568627,5.1000
1622379608410000,1,84.31372549,5.0900
1622379639296000,1,489.88221667,5.1000
1622379639296000,1,195.94292720,5.1000
1622379639296000,1,375.83344904,5.1000
1622379639296000,1,161.12073212,5.1000
1622379639296000,1,161.21613898,5.0900
1622379639296000,1,301.00000000,5.0900
1622379639296000,1,1275.08718913,5.0900
1622379639296000,1,399.71800000,5.0900
1622379639296000,1,298.00000000,5.0800
1622379639296000,1,320.19934686,5.0800
1622379745817000,1,11.28669081,5.1100
1622379927378000,1,196.23352003,5.1000
1622379927662000,1,300.00000000,5.0900
1622380252028000,0,161.50438400,5.1000
1622380252028000,0,138.49561600,5.1000
1622380369777000,0,218.92216264,5.1300
1622380369777000,0,379.84298724,5.1300
1622380369777000,0,487.68235575,5.1300
1622380369777000,0,195.07407207,5.1300
1622380369777000,0,160.75073364,5.1300
1622380369777000,0,191.69260094,5.1300
1622380466869000,1,195.07658989,5.1300
1622380649955000,0,369.63292233,5.1400
1622380649955000,0,160.26483476,5.1400
1622380649955000,0,290.00000000,5.1500
1622380649955000,0,95.11992361,5.1500
1622380649955000,0,485.88362355,5.1500
1622380649955000,0,227.74704090,5.1500
1622381090230000,1,22.71581196,5.1200
1622381141276000,1,195.08567427,5.1300
1622381292027000,1,366.52078985,5.1100
1622381517069000,1,195.40270907,5.1100
1622381517922000,1,489.56490870,5.1100
1622381524438000,0,103.17416829,5.1100
1622381880308000,0,10.50100561,5.0900
1622381930559000,1,197.38353575,5.0700
1622381930559000,1,399.71800000,5.0600
1622381930559000,1,1034.20509296,5.0600
1622382131887000,1,196.86208922,5.0800
1622382184804000,1,197.14215557,5.0700
1622382188377000,1,493.35173571,5.0700
1622382398148000,1,196.51130510,5.0900
1622382483461000,0,161.44125972,5.1000
1622382483461000,0,23.02393635,5.1000
1622382514395000,1,196.63577992,5.0900
1622382597011000,1,184.46519607,5.0900
1622382752902000,1,196.22131642,5.1000
1622382822804000,1,491.41449163,5.0900
1622382822804000,1,196.52270330,5.0900
1622383800676000,1,196.51446072,5.0900
1622383830737000,1,196.64441821,5.0800
1622383840846000,1,196.97340253,5.0800
1622383872076000,1,184.36593775,5.0700
1622383974906000,1,197.46860918,5.0600
1622384065011000,1,197.34054977,5.0700
1622384085667000,1,1250.00000000,5.0700
1622384167787000,1,197.80206867,5.0600
1622384270274000,1,163.28305679,5.0300
1622384270274000,1,496.35696309,5.0300
1622384270274000,1,391.11331341,5.0300
1622384270274000,1,386.23700000,5.0300
1622384270274000,1,198.49634048,5.0300
1622384270274000,1,485.50303742,5.0300
1622384270843000,1,806.52677883,5.0300
1622384270843000,1,23.90981160,5.0300
1622384298877000,1,50.00000000,5.0300
1622384298877000,1,198.92160659,5.0300
1622384298877000,1,31.22065542,5.0200
1622384326538000,1,199.75546995,5.0100
1622384333536000,1,199.76814026,5.0100
1622384337610000,1,199.73869500,5.0100
1622384368470000,1,199.65178033,5.0100
1622384520340000,1,5.64701285,5.0200
1622384564091000,0,381.72133738,5.0400
1622384606885000,1,198.41844634,5.0400
1622384626257000,1,198.95769599,5.0300
1622384674810000,1,15.66448902,4.9900
1622384675253000,1,84.33551098,4.9900
1622384675253000,1,215.66448902,4.9800
1622384675295000,1,50.89000000,4.9800
1622384790104000,1,152.46681537,4.9800
1622384814694000,1,50.00000000,4.9600
1622384814694000,1,201.76281344,4.9600
1622384818732000,1,201.76699332,4.9600
1622384872979000,1,201.68889424,4.9600
1622385094194000,1,4.15151515,4.9500
1622385094194000,1,165.73448291,4.9500
1622385094194000,1,386.23700000,4.9500
1622385094194000,1,302.70641370,4.9500
1622385104261000,1,201.72965716,4.9500
1622385104261000,1,22.20066170,4.9500
1622385364023000,0,375.93740333,5.0000
1622385383099000,0,15.00200000,5.0000
1622385455723000,0,199.14903146,5.0200
1622385455723000,0,497.87060007,5.0200
1622385455723000,0,147.46443221,5.0200
1622385990762000,1,199.70579928,5.0100
1622385993896000,1,49.65699267,5.0100
1622386003378000,1,4.20000000,5.0000
1622386080313000,0,9.83850025,4.9800
1622386381483000,1,200.96354017,4.9800
1622386402393000,1,48.41803635,4.9700
1622386402918000,1,201.32101693,4.9700
1622386404960000,1,503.24369781,4.9700
1622386404960000,1,48.43483835,4.9700
1622386411999000,1,201.32240168,4.9700
1622386415484000,1,503.33910162,4.9700
1622386422350000,1,201.37642172,4.9700
1622386428080000,1,201.38473507,4.9700
1622386440339000,1,201.33300760,4.9700
1622386440339000,1,48.59109802,4.9700
1622386471357000,1,201.34395063,4.9700
1622386479141000,1,201.37858294,4.9700
1622386520843000,1,201.33148591,4.9700
1622386520843000,1,12.87874409,4.9700
1622386836789000,0,374.70569539,5.0000
1622386986582000,0,165.32449648,4.9800
1622386986582000,0,130.25783283,4.9800
1622387671133000,0,377.01862976,4.9800
1622387671133000,0,165.40777533,4.9800
1622387671133000,0,386.23700000,4.9800
1622387671133000,0,200.67932180,4.9800
1622387671133000,0,501.72256922,4.9800
1622387671133000,0,138.45427000,4.9900
1622387671133000,0,310.00000000,4.9900
1622387671133000,0,57.04369099,4.9900
1622388266496000,0,844.48406374,5.0000
1622388404234000,1,370.97373806,4.9700
1622388447496000,1,6.73504274,4.9700
1622389283213000,0,373.86475586,5.0000
1622389283213000,0,199.89268418,5.0000
1622389417477000,1,387.27056959,5.0000
1622389517767000,1,397.34919428,4.9900
1622389751738000,0,83.49799599,5.0200
1622389824145000,0,370.09370725,5.0200
1622389893038000,0,388.02633153,5.0300
1622389907247000,1,389.69309459,5.0200
1622389907247000,1,163.36120026,5.0200
1622389907247000,1,399.71800000,5.0100
1622389907247000,1,163.70931316,5.0100
1622389907247000,1,299.00000000,5.0100
1622389907247000,1,137.49767000,5.0100
1622389907247000,1,386.23700000,5.0100
1622389907247000,1,197.34697909,5.0100
1622390040295000,0,10.13229450,5.0300
1622390108481000,0,379.54801512,5.0400
1622390235049000,1,378.29968304,5.0700
1622390250157000,0,386.23700000,5.0800
1622390250157000,0,303.00000000,5.0800
1622390250157000,0,137.53484000,5.0800
1622390250157000,0,152.58335254,5.0800
1622390381321000,0,331.57142915,5.0800
1622390772784000,1,387.30773084,5.0500
1622391051739000,1,163.80177847,5.0100
1622391051739000,1,383.51608140,5.0100
1622391051739000,1,394.71933826,5.0100
1622391091045000,0,17.30139721,5.0500
1622391593599000,0,365.93993446,5.0900
1622391593599000,0,161.79141260,5.0900
1622391593599000,0,196.09780746,5.1000
1622391593599000,0,490.40731309,5.1000
1622391593599000,0,882.12771150,5.1000
1622391737885000,0,129.02514506,5.1700
1622391809288000,1,303.56601941,5.1500
1622392081109000,1,344.85603112,5.1400
1622392190797000,1,159.66323741,5.1400
1622392190797000,1,383.18820132,5.1400
1622392190797000,1,294.00000000,5.1400
1622392190797000,1,293.00000000,5.1300
1622392190797000,1,399.21833951,5.1300
1622392190797000,1,134.28135000,5.1300
1622392190797000,1,399.71800000,5.1300
1622392190797000,1,33.29505087,5.1300
1622392283596000,0,371.47834154,5.1500
1622392284181000,0,29.00000000,5.1600
1622392479099000,0,22.28100775,5.1600
1622392529997000,0,76.98451649,5.1600
1622392724604000,1,386.05276966,5.1400
1622392990817000,1,160.49774612,5.1100
1622392990817000,1,197.22812832,5.1100
1622393070509000,0,397.62166162,5.1300
1622393188790000,1,215.65069860,5.1200
1622393437490000,0,195.57349450,5.1100
1622393437490000,0,134.99862000,5.1200
1622393437490000,0,160.99295252,5.1200
1622393437490000,0,374.55674796,5.1200
1622393437490000,0,386.23700000,5.1200
1622393437490000,0,845.49582075,5.1200
1622394368648000,1,2500.00000000,5.1800
1622394556125000,0,1000.00000000,5.2000
1622394924531000,0,7.50578034,5.1900
1622394941264000,1,15.00200000,5.1800
1622395910829000,0,1000.00000000,5.2000
1622395910829000,0,374.09297310,5.2000
1622395944195000,0,4.18100000,5.2200
1622396109815000,1,381.16880935,5.2300
1622396122477000,1,372.16734566,5.2200
1622396349450000,1,375.65794748,5.2100
1622396401027000,0,366.36104354,5.2100
1622396449763000,0,654.00000000,5.2000
1622396595766000,0,366.85778284,5.2000
1622396727522000,0,53.47408829,5.2100
1622396942199000,0,810.00000000,5.1900
1622396948433000,0,498.00000000,5.2000
1622397071246000,0,690.00000000,5.2100
1622397071246000,0,372.32752872,5.2100
1622397120273000,0,29.71892605,5.2200
1622397291154000,0,762.00000000,5.2200
1622397521182000,1,23.57819905,5.2000
1622397727122000,1,192.08767022,5.2100
1622397794998000,1,408.08960880,5.2000
1622397794998000,1,393.44961744,5.2000
1622397861301000,1,191.67223559,5.2200
1622398053405000,1,362.53561241,5.2000
1622398053405000,1,192.38815533,5.2000
1622398373235000,1,31.70386261,5.2300
1622398400945000,1,190.58504471,5.2500
1622398487264000,1,10.57179222,5.2600
1622398595922000,1,0.25334404,5.2500
1622398599499000,1,190.58769559,5.2500
1622398687336000,1,190.25537562,5.2600
1622399026815000,1,191.64209145,5.2200
1622399211221000,1,190.62239287,5.2500
1622399267455000,1,190.57123345,5.2400
1622399323026000,1,190.63690603,5.2500
1622399364929000,1,190.62039309,5.2500
1622399409114000,1,190.62039309,5.2400
1622399409114000,1,409.43817972,5.2400
1622399414877000,1,50.00000000,5.2300
1622399427243000,1,190.96522667,5.2400
1622399452522000,1,5.00000000,5.2200
1622399503159000,1,13.98467433,5.2100
1622399673077000,1,82.53358925,5.2200
1622399695280000,0,157.59339912,5.2300
1622399695280000,0,366.76615746,5.2400
1622399695280000,0,132.39766000,5.2400
1622399695280000,0,291.00000000,5.2400
1622399695280000,0,236.17330517,5.2400
1622399992352000,0,21.00191204,5.2300
1622400462621000,1,385.80619026,5.2100
1622401085336000,1,192.03890244,5.2100
1622401105531000,1,157.98820778,5.2000
1622401105531000,1,386.23700000,5.2000
1622401105531000,1,262.05736024,5.2000
1622401105634000,1,42.00000000,5.2000
1622401342860000,1,45.19556451,5.1900
1622401385649000,0,44.57389635,5.2100
1622401441052000,1,192.46279644,5.2000
1622401624881000,1,192.45144465,5.2000
1622401735479000,0,93.95384615,5.2000
1622401805697000,1,192.39926203,5.2000
1622401805697000,1,1250.00000000,5.2000
1622401805697000,1,480.80064309,5.2000
1622401811412000,1,192.46707462,5.2000
1622401822068000,1,192.46998145,5.2000
1622401825908000,1,192.47349621,5.2000
1622401840949000,1,192.34302486,5.2000
1622401862438000,1,192.45827641,5.2000
1622401869357000,1,192.46588601,5.2000
1622402388503000,1,192.10688382,5.2000
1622402388503000,1,372.19267206,5.2000
1622402388503000,1,15.52263198,5.2000
1622402515023000,0,32.44009399,5.2300
1622402669676000,1,191.73350211,5.2200
1622402672845000,1,191.69483810,5.2200
1622402786449000,0,66.58699808,5.2300
1622402817048000,0,5.13683970,5.2200
1622402860405000,0,186.31276415,5.2200
1622402860405000,0,157.76763928,5.2200
1622402860405000,0,478.68394569,5.2200
1622402860405000,0,361.92423163,5.2200
1622402860514000,1,157.76763928,5.2200
1622402860675000,1,3155.92996021,5.2200
1622402861151000,1,923.60232000,5.2200
1622402861169000,1,0.00000550,5.2200
1622402965002000,1,192.03340700,5.2100
1622403001727000,1,192.03645350,5.2100
1622403001727000,1,480.09113374,5.2100
1622403055633000,1,192.98882609,5.1800
1622403056201000,1,386.23700000,5.1700
1622403056201000,1,88.98150393,5.1700
1622403117436000,0,95.41133795,5.1800
1622403117436000,0,193.09443407,5.1800
1622403117436000,0,482.34695590,5.1800
1622403117436000,0,36.76117169,5.1800
1622403129726000,0,95.41133795,5.1800
1622403129726000,0,192.95563166,5.1800
1622403129726000,0,461.63303039,5.1800
1622403149953000,1,145.69572245,5.1800
1622403336558000,1,22.28100775,5.1500
1622403572589000,1,193.18206546,5.1800
1622403612977000,1,193.19936414,5.1800
1622403612977000,1,383.60587171,5.1800
1622403771491000,1,192.47062620,5.2000
1622404527906000,1,80.86138613,5.1700
1622404850682000,1,400.08265054,5.1200
1622404850682000,1,134.52156000,5.1200
1622404850682000,1,273.00968907,5.1200
1622404901788000,0,402.61425883,5.1400
1622405001884000,1,50.00000000,5.1100
1622405002027000,1,195.84626805,5.1000
1622405002027000,1,489.19347084,5.1000
1622405002027000,1,386.23700000,5.1000
1622405002027000,1,160.73285411,5.1000
1622405002027000,1,374.99297891,5.1000
1622405002027000,1,303.00000000,5.0900
1622405002027000,1,400.00000000,5.0900
1622405002027000,1,401.77764976,5.0900
1622405002027000,1,1274.69356776,5.0900
1622405002027000,1,535.32866405,5.0800
1622405002680000,1,196.06239614,5.0900
1622405002680000,1,133.93760386,5.0900
1622405238532000,0,400.40923238,5.1200
1622405365473000,1,195.47053589,5.1100
1622405462195000,0,395.36120432,5.1400
1622405462195000,0,160.17189818,5.1400
1622405462195000,0,247.17312318,5.1400
1622405520041000,1,195.08608747,5.1300
1622405532464000,0,160.17189818,5.1400
1622405532464000,0,296.92343255,5.1400
1622405590532000,1,401.72245106,5.1300
1622405943138000,1,193.55495068,5.1700
1622405952520000,1,193.59006210,5.1700
1622405999930000,0,22.02702702,5.1800
1622406187398000,1,342.57105150,5.1600
1622406187398000,1,388.44355342,5.1600
1622406239191000,0,159.10743807,5.1700
1622406239191000,0,391.53088164,5.1700
1622406239191000,0,193.38964191,5.1700
1622406239191000,0,483.47410477,5.1700
1622406239191000,0,303.00000000,5.1800
1622406239191000,0,61.94291829,5.1800
1622406330573000,1,192.79963032,5.1900
1622406330573000,1,481.74692167,5.1900
1622406330573000,1,380.47613235,5.1900
1622406461920000,0,10.12820513,5.2000
1622406520039000,0,82.52596154,5.2000
1622406801643000,0,7.00000000,5.2000
1622406921284000,1,193.16319877,5.1800
1622406941630000,1,193.19504095,5.1800
1622406942254000,1,482.80032825,5.1800
1622406985867000,1,193.17506127,5.1800
1622407006242000,0,100.00000000,5.1800
1622407139233000,1,193.13140665,5.1800
1622407222641000,1,386.42854496,5.1700
1622407222641000,1,193.16726420,5.1700
1622407246153000,1,193.58594367,5.1700
1622407274652000,1,12.15211154,5.1700
1622407321071000,1,20.00000000,5.1500
1622407323136000,1,139.10744068,5.1500
1622407323136000,1,485.03623220,5.1500
1622407323136000,1,193.98637312,5.1500
1622407323136000,1,378.16942339,5.1500
1622407323136000,1,397.77337518,5.1400
1622407323136000,1,503.78179116,5.1400
1622407339126000,0,9.00000000,5.1500
1622407532340000,1,194.70420012,5.1400
1622407612876000,1,194.68186201,5.1400
1622407665189000,1,194.71768979,5.1400
1622407665189000,1,486.70187792,5.1400
1622407914390000,0,379.16095056,5.1500
1622407914390000,0,159.70356869,5.1500
1622407914390000,0,306.00000000,5.1600
1622407914390000,0,399.24172482,5.1600
1622407914390000,0,386.23700000,5.1600
1622407914390000,0,458.14680344,5.1600
1622408016336000,0,19.16753787,5.1700
1622408188600000,1,26.16146990,5.1500
1622408188634000,1,23.83853010,5.1500
1622408482876000,1,479.64383561,5.1100
1622408557733000,1,364.30160243,5.0900
1622408557733000,1,160.97290525,5.0900
1622408557733000,1,59.08719444,5.0900
1622408608872000,0,376.05458161,5.1200
1622408642686000,1,195.47129272,5.1100
1622408750966000,1,22.02702702,5.1000
1622409314048000,0,330.00000000,5.1000
1622409418672000,1,129.02514506,5.1000
1622409858624000,1,11.68108355,5.0900
1622409858707000,1,184.56310217,5.0900
1622410212877000,1,196.58190734,5.0900
1622410385763000,1,490.86491182,5.0900
1622410499326000,1,196.61079489,5.0900
1622410513460000,1,196.62532201,5.0900
1622410565281000,1,196.60509394,5.0900
1622410569247000,1,196.60907676,5.0900
1622410569247000,1,300.00000000,5.0900
1622410569247000,1,491.47954764,5.0900
1622410714482000,1,196.48568444,5.0900
1622410714482000,1,19.16501416,5.0900
1622411027514000,1,15.81170526,5.1100
1622411104612000,1,13.44928632,5.1100
1622411168551000,1,195.81057140,5.1100
1622411620317000,1,450.00000000,5.1100
1622411638821000,1,600.00000000,5.1000
1622411786915000,1,20.48701617,5.0800
1622411824965000,1,14.58508179,5.0800
1622411827452000,1,38.86650964,5.0800
1622411841674000,1,296.54840857,5.0800
1622411897071000,1,12.77422758,5.0800
1622412005789000,1,25.26948475,5.0900
1622412019256000,1,56.00605438,5.0800
1622412294687000,1,195.48790846,5.1100
1622412296677000,1,36.39827128,5.1000
1622412498369000,1,25.95141777,5.0900
1622412505901000,1,274.04858223,5.0900
1622412545457000,1,17.93652792,5.0900
1622412919924000,1,84.67413790,5.1100
1622412971855000,0,195.18297454,5.1200
1622413476181000,1,42.75353419,5.0900
1622413634893000,0,399.80498340,5.1100
1622413733011000,0,195.98047024,5.1000
1622413733011000,0,4.01952976,5.1000
1622413813795000,1,50.00000000,5.0700
1622413819529000,1,700.00000000,5.0600
1622413825831000,1,4.30099009,5.0500
1622413826055000,1,344.85603112,5.0300
1622413876404000,1,198.28213000,5.0400
1622413879650000,1,342.65850731,5.0400
1622413887761000,1,297.77731278,5.0300
1622414134295000,1,198.14722709,5.0500
1622414138006000,1,95.31683342,5.0400
1622414238495000,1,162.52322000,5.0600
1622414238495000,1,450.00000000,5.0600
1622414252613000,1,35.61198113,5.0600
1622414263122000,1,9.99296125,5.0600
1622414269143000,1,9.94651612,5.0600
1622414276462000,1,1194.44854150,5.0600
1622414302590000,1,198.19940274,5.0400
1622414318477000,1,199.06229565,5.0200
1622414318477000,1,296.00000000,5.0100
1622414318477000,1,497.87494273,5.0100
1622414318477000,1,384.82801126,5.0100
1622414318477000,1,710.72479787,5.0100
1622414578023000,1,53.78766399,5.0300
1622414580512000,1,121.24508737,5.0300
1622414645553000,1,163.25110300,5.0200
1622414645553000,1,1294.70233375,5.0200
1622414645553000,1,153.92236995,5.0200
1622414679641000,1,0.69618091,5.0300
1622414688646000,1,36.01778571,5.0300
1622414778868000,0,404.06522273,5.0500
1622414819282000,1,89.05779593,5.0500
1622414912413000,1,31.31236174,5.0500
1622414915857000,0,500.00000000,5.0600
1622414915857000,0,392.58249798,5.0600
1622414915857000,0,1168.80721108,5.0700
1622414960103000,1,197.74850396,5.0600
1622414977717000,1,197.78534980,5.0600
1622415018625000,1,19.72732343,5.0500
1622415022576000,1,23.26413915,5.0500
1622415027610000,1,26.60195579,5.0500
1622415117218000,1,24.45260464,5.0500
1622415178350000,1,63.09360491,5.0500
1622415180807000,1,20.90000000,5.0500
1622415183353000,1,27.67618263,5.0500
1622415241414000,1,14.20325911,5.0400
1622415360244000,1,11.22162181,5.0400
1622415498765000,1,68.82352226,5.0200
1622415523803000,1,22.61205287,5.0200
1622415542733000,0,12.74900398,5.0200
1622415543890000,0,3.98605578,5.0200
1622415547428000,0,13.94422311,5.0200
1622415650288000,1,199.71541341,5.0100
1622415677905000,1,2061.38970906,5.0000
1622415910530000,1,128.38715883,5.0100
1622415929870000,0,199.48181000,5.0100
1622415932097000,0,100.00000000,5.0100
1622415943243000,1,438.61029094,5.0000
1622415943243000,1,421.06200000,5.0000
1622415974072000,1,200.40882500,4.9900
1622416029493000,1,502.01164131,4.9800
1622416029493000,1,200.89458340,4.9800
1622416029493000,1,395.32531774,4.9800
1622416195496000,1,200.96165814,4.9800
1622416214171000,1,200.89249004,4.9800
1622416221216000,0,501.60183911,4.9900
1622416221216000,0,85.08266026,4.9900
1622416221287000,0,115.53064475,4.9900
1622416238132000,0,15.47504990,5.0100
1622416417117000,0,250.50213739,5.0100
1622416450541000,1,22.76066303,5.0000
1622416450688000,1,28.15158979,5.0000
1622416451887000,1,55.71724285,5.0000
1622416471645000,1,200.48343531,4.9900
1622416742990000,0,395.88335580,5.0100
1622416825227000,0,400.11878020,5.0100
1622417183312000,1,0.32210380,5.0100
1622417195702000,1,499.20836787,5.0100
1622417202470000,1,199.76008612,5.0100
1622417213045000,1,199.74376488,5.0100
1622417292963000,1,200.27223979,4.9900
1622417506343000,1,200.13207836,5.0000
1622417525717000,1,200.53239621,4.9900
1622418217202000,0,11.24448897,4.9900
1622419254929000,1,165.73286332,4.9600
1622419257222000,1,165.73344714,4.9600
1622419315226000,1,48.13174284,4.9400
1622419315683000,1,273.97102514,4.9300
1622419316022000,0,165.88004491,4.9600
1622419316022000,0,33.91711533,4.9600
1622419461293000,0,393.54477179,5.0100
1622419461293000,0,164.70769540,5.0200
1622419461293000,0,199.40239122,5.0200
1622419461293000,0,498.09268430,5.0200
1622419461293000,0,575.47509053,5.0300
1622419461293000,0,216.64872325,5.0300
1622419610966000,0,163.28679454,5.0500
1622419610966000,0,33.74686882,5.0500
1622419851497000,0,12.74900397,5.1400
1622419851547000,0,0.00000001,5.1400
1622419890544000,0,13.94422310,5.1500
1622419890564000,0,0.00000001,5.1500
1622419952509000,0,154.15516147,5.1600
1622419953917000,0,325.48867413,5.1600
1622419953972000,0,0.00000001,5.1600
1622420773099000,0,12.22444890,4.9900
1622420773592000,1,164.59510562,4.9700
1622420773592000,1,680.27864556,4.9700
1622420773601000,0,10.82164329,4.9900
1622420831003000,1,13.34689260,5.0100
1622421480286000,0,12.10954400,4.9700
1622421514579000,1,32.12216086,4.9700
1622422176047000,1,161.33569709,5.0800
1622422176047000,1,64.96386238,5.0800
1622422477920000,0,10.82164329,5.1100
1622422492538000,0,12.22444890,5.1200
1622424733613000,1,25.50401605,4.9800
1622424733654000,1,0.00000001,4.9800
1622424736138000,0,10.04016064,4.9800
1622424737804000,0,10.84337349,4.9800
1622425032595000,1,99.99999999,4.9100
1622425050382000,1,0.00000001,4.9100
1622425217380000,1,99.99999999,4.9000
1622425217790000,1,0.00000001,4.9000
1622425217790000,1,82.69151137,4.8900
1622425217820000,1,301.61185548,4.8900
1622425217820000,1,4.22131147,4.8800
1622425217820000,1,179.77104357,4.8700
1622425218515000,1,8.00000000,4.8700
1622425548143000,0,4.06122448,4.9000
1622426164179000,0,167.11245331,4.9100
1622427517938000,0,157.00000000,4.9100
1622427597849000,1,154.15516147,4.8600
1622427597849000,1,14.99279728,4.8600
1622427605975000,1,310.49587685,4.8600
1622427605975000,1,0.00000001,4.8600
1622427607556000,0,9.25925926,4.8600
1622427608619000,0,9.87654321,4.8600
1622427609220000,0,4.11728395,4.8600
1622427612173000,0,169.19321771,4.8600
1622427991649000,0,168.68575555,4.8600
1622427991898000,0,37.00730613,4.8600
1622427991898000,0,212.99269387,4.8600
1622427991989000,0,109.58431299,4.8600
1622427992161000,0,191.65564735,4.8600
1622428005421000,0,168.72207859,4.8600
1622428030810000,0,168.76884610,4.8600
1622428031971000,0,37.16387120,4.8600
1622428031971000,0,131.52571108,4.8600
1622428033086000,0,168.68014315,4.8600
1622428034037000,0,193.11900000,4.8600
1622428034183000,0,20.95774504,4.8600
1622428034183000,0,147.68861500,4.8600
1622428053002000,0,168.72633910,4.8600
1622428054094000,0,168.72633910,4.8600
1622429526204000,0,203.61108982,4.9400
1622429943055000,0,202.24809506,4.9400
1622429943055000,0,20.28226931,4.9400
1622430071150000,1,511.30258923,4.8900
1622430071150000,1,167.63526719,4.8900
1622430071150000,1,384.00509789,4.8900
1622430071150000,1,984.92840218,4.8900
1622430367343000,1,26.94762011,4.8300
1622430367929000,1,53.47408829,4.8300
1622430367979000,1,90.29257731,4.8300
1622430367979000,1,403.58809088,4.8200
1622430367979000,1,197.95218295,4.8100
1622430367979000,1,304.00000000,4.8100
1622430367979000,1,400.00000000,4.8100
1622430367979000,1,169.84920741,4.8100
1622430367979000,1,5.00000000,4.8000
1622430367979000,1,529.31794145,4.8000
1622430368642000,1,69.17643000,4.8100
1622430368642000,1,305.00000000,4.8100
1622430368642000,1,386.23700000,4.8100
1622430368642000,1,170.12802521,4.8100
1622430368642000,1,143.10921000,4.8100
1622430368642000,1,310.68205855,4.8000
1622430368642000,1,136.54166666,4.8000
1622430368642000,1,594.30764806,4.8000
1622430368642000,1,306.00000000,4.8000
1622430368642000,1,1276.00000000,4.8000
1622430368642000,1,1617.01911213,4.8000
1622430413177000,1,51.17708811,4.8400
1622430418169000,1,206.70150000,4.8400
1622430479236000,1,34.32521821,4.8500
1622430479253000,1,134.64856839,4.8500
1622430752965000,0,169.43944523,4.8400
1622430780158000,1,169.39584416,4.8400
1622431117427000,1,168.56739000,4.8600
1622431117444000,1,0.00000570,4.8600
1622431131773000,0,300.00000000,4.8600
1622431131773000,0,350.00000000,4.8600
1622431131773000,0,368.25974075,4.8600
1622431131773000,0,168.83188942,4.8700
1622431131773000,0,140.96759000,4.8700
1622431131773000,0,386.23700000,4.8700
1622431131773000,0,205.53394782,4.8700
1622431131773000,0,134.02252141,4.8700
1622431558684000,0,371.11536650,4.9000
1622431558684000,0,482.06626615,4.9000
1622432019656000,1,168.41748190,4.8800
1622432323282000,0,13.07472867,4.8600
1622432325169000,0,286.92527132,4.8600
1622432337422000,0,0.00000001,4.8600
1622432343231000,1,15.56502322,4.8600
1622432344175000,1,271.36024677,4.8600
1622432344201000,1,0.00000001,4.8600
1622432346758000,1,200.00000000,4.8600
1622432346758000,1,107.89576851,4.8600
1622432390207000,1,167.96156000,4.8800
1622432595310000,0,34.52977412,4.8700
1622434018810000,1,1151.59058000,4.9000
1622434018821000,1,167.80402797,4.9000
1622434018936000,1,325.60539203,4.9000
1622434019050000,1,75.00000000,4.8900
1622434019140000,1,325.98830612,4.8900
1622434019140000,1,6.00669388,4.8800
1622434630693000,0,169.36861323,4.8700
1622434630693000,0,48.64370709,4.8700
1622434931667000,1,20.00000000,4.8300
1622434960722000,0,10.32712215,4.8300
1622435016912000,0,28.97339031,4.8300
1622435135253000,1,30.00000000,4.8200
1622435833180000,0,358.87983706,4.9100
1622436168814000,0,133.65987780,4.9100
1622436975055000,0,168.13558904,4.8900
1622436975055000,0,204.48574209,4.8900
1622436975055000,0,6.70586723,4.8900
1622437226682000,1,136.54166666,4.8800
1622438582126000,0,167.42842848,4.9100
1622438582126000,0,250.00000000,4.9100
1622438582126000,0,39.31902569,4.9100
1622438863956000,0,25.00000000,4.9100
1622438883911000,0,20.26476578,4.9100
1622438898252000,0,10.13263621,4.9200
1622439361108000,0,266.21609311,4.9400
1622439472376000,0,268.06896551,4.9300
1622439529118000,1,10.00000000,4.9100
1622439639559000,1,167.70607888,4.9000
1622439921880000,0,100.00000000,4.9000
1622440118948000,1,168.82179977,4.8700
1622440121766000,1,106.21105443,4.8700
1622440238303000,1,34.52977412,4.8500
1622440351949000,0,40.00000000,4.9000
1622440522181000,0,10.05102041,4.9000
1622440966749000,0,167.37285379,4.9200
1622440966749000,0,98.52145515,4.9200
1622441040275000,0,301.50237884,4.9200
1622441059288000,0,400.00000000,4.9300
1622441059288000,0,203.06555982,4.9300
1622441059288000,0,507.66389956,4.9300
1622441059288000,0,167.03295848,4.9300
1622441059288000,0,359.60472209,4.9300
1622441241551000,0,73.51917922,4.9200
1622441245626000,0,20.32520325,4.9300
1622441421891000,0,67.65656565,4.9500
1622441546637000,1,300.00000000,4.9600
1622441651835000,0,9.25925926,4.9800
1622441651835000,0,16.00222564,4.9800
1622441652447000,0,149.15431615,4.9800
1622441652447000,0,200.85964795,4.9800
1622441711363000,1,165.42041990,4.9700
1622441711720000,1,1075.22215000,4.9700
1622441712484000,1,0.00000038,4.9700
1622441902023000,0,22.37349397,4.9800
1622441935809000,0,9.87654321,4.9900
1622441935809000,0,10.00000000,4.9900
1622442069207000,0,163.82705439,5.0200
1622442069216000,0,0.00000001,5.0200
1622442069722000,0,207.75413603,5.0300
1622442069722000,0,317.72498921,5.0300
1622442155431000,0,67.51815422,5.0400
1622442155431000,0,129.90741634,5.0400
1622442384911000,0,4.15900000,5.0500
1622442388987000,1,97.64496000,5.0500
1622442389196000,1,0.00000039,5.0500
1622442524781000,1,28.76907887,5.0500
1622442869644000,0,56.16798418,5.0500
1622442920732000,1,7.49619482,5.0200
1622443003770000,0,163.14223804,5.0300
1622443032969000,0,163.15161960,5.0300
1622443033875000,0,97.18199000,5.0300
1622443033949000,0,0.00000379,5.0300
1622443240875000,0,74.72332015,5.0600
1622443752652000,1,650.00000000,5.0100
1622443752652000,1,338.87628613,5.0100
1622443802431000,1,10.00000000,5.0100
1622443868676000,1,396.08167496,5.0100
1622443868676000,1,300.00000000,5.0100
1622443868676000,1,350.00000000,5.0100
1622443868676000,1,137.56536000,5.0100
1622443868676000,1,293.00000000,5.0000
1622443868676000,1,386.23700000,5.0000
1622443868676000,1,399.71800000,5.0000
1622443868676000,1,272.00000000,4.9900
1622443868676000,1,265.44246648,4.9900
1622443931245000,1,9.50713275,5.0100
1622443931245000,1,386.23700000,5.0100
1622443931245000,1,163.48700223,5.0100
1622443931245000,1,243.47509070,5.0100
1622444082397000,1,383.98122816,5.0300
1622444082397000,1,162.86535020,5.0300
1622444082397000,1,386.23700000,5.0300
1622444082397000,1,137.00714000,5.0300
1622444082553000,0,162.86535020,5.0300
1622444082672000,0,3257.17215944,5.0300
1622444082792000,0,193.11900000,5.0300
1622444083219000,0,66.22067594,5.0300
1622444083238000,0,3258.24260396,5.0300
1622444083735000,0,162.95497654,5.0300
1622444083742000,0,3259.09953062,5.0300
1622444084301000,0,3257.98203338,5.0300
1622444084807000,0,3258.45963791,5.0300
1622444084869000,0,162.94069648,5.0300
1622444084879000,1,50.18775852,5.0200
1622444085336000,0,3259.85035542,5.0300
1622444085851000,0,3259.61791241,5.0300
1622444143352000,0,3261.37384894,5.0300
1622444177011000,0,3260.72461765,5.0300
1622444177200000,0,193.11900000,5.0300
1622444177506000,0,3259.92309381,5.0300
1622444195501000,0,193.11900000,5.0300
1622444269951000,0,74.74155069,5.0300
1622444280321000,0,196.62090100,5.0300
1622444342005000,0,3261.11900051,5.0300
1622444342499000,0,3260.15746070,5.0300
1622444343958000,0,3259.30821581,5.0300
1622444344465000,0,3258.42434867,5.0300
1622444344989000,0,3256.98556888,5.0300
1622444345061000,0,124.07110000,5.0300
1622444346644000,0,3254.67831613,5.0300
1622444346791000,0,12.27280223,5.0300
1622444346866000,0,5206.42886430,5.0300
1622444346911000,0,64.67429427,5.0500
1622444346997000,0,68.84965584,5.0500
1622444542132000,1,156.74315962,5.0500
1622444542360000,1,41.39112477,5.0500
1622444723126000,0,10.04016064,5.1000
1622444730997000,0,10.84337349,5.1100
1622444773085000,1,698.00619343,5.0900
1622444781513000,0,31.24803921,5.1000
1622444982219000,0,4.11728395,5.1200
1622444982219000,0,19.22695433,5.1200
1622445283728000,0,366.63112159,5.1100
1622445283728000,0,24.24950463,5.1100
1622445322431000,1,368.76415946,5.0900
1622445360099000,1,388.45443231,5.0800
1622445455237000,1,54.59227749,5.0800
1622446080307000,0,8.04215300,5.1500
1622446282331000,0,50.00000000,5.1400
1622446327637000,0,50.00000000,5.1300
1622446343808000,1,220.00000000,5.1200
1622446380933000,0,27.95203669,5.1300
1622446685314000,0,384.45728078,5.1800
1622446694590000,0,10.00000000,5.1900
1622446732031000,0,11.20849420,5.1800
1622446998892000,1,400.00000000,5.1600
1622446998892000,1,395.37738298,5.1600
1622447211803000,1,1933.98058252,5.1500
1622447211803000,1,327.82135922,5.1500
1622447236274000,1,67.65656565,5.1400
1622447236652000,1,91.43219894,5.1400
1622447236652000,1,376.98775753,5.1400
1622447236652000,1,700.00000000,5.1400
1622447236652000,1,72.22261381,5.1300
1622447447045000,0,381.40441209,5.1700
1622447535501000,1,1232.74854932,5.1600
1622447662514000,0,367.14882306,5.1800
1622447928954000,0,19.13461538,5.2000
1622447937400000,1,157.99189038,5.1800
1622447937400000,1,142.00810962,5.1800
1622448049802000,0,19.61084453,5.2100
1622448085469000,0,4.23900000,5.2200
1622448085469000,0,10.44107663,5.2200
1622448141498000,1,250.00000000,5.2100
1622448141498000,1,300.00000000,5.2100
1622448141498000,1,250.00000000,5.2100
1622448177923000,1,15.47504990,5.1900
1622448445559000,1,50.00000000,5.1400
1622448913705000,0,700.00000000,5.1300
1622448913705000,0,399.60950359,5.1300
1622449118878000,0,500.00000000,5.1400
1622449219189000,1,300.00000000,5.1300
1622449274457000,0,1645.00000000,5.1500
1622449325575000,0,50.00000000,5.1600
1622449350235000,0,50.00000000,5.1600
1622449622678000,1,100.00000000,5.1800
1622449734958000,1,450.00000000,5.1700
1622449734958000,1,386.18244825,5.1700
1622449991803000,1,295.58232931,5.1800
1622450076612000,1,199.79716024,5.1900
1622450140933000,1,650.00000000,5.2000
1622450140933000,1,393.95040703,5.2000
1622450140933000,1,623.09772948,5.1900
1622450140933000,1,386.80455289,5.1900
1622450203421000,0,127.38387715,5.2100
1622450208152000,1,192.37761058,5.2000
1622450579735000,1,158.16078895,5.1800
1622450579735000,1,20.62747100,5.1700
1622451037106000,0,158.15818683,5.2000
1622451037106000,0,109.73312584,5.2000
1622451346697000,1,11.24448897,5.1800
1622451510106000,0,368.78869968,5.2000
1622451610998000,0,300.00000000,5.2000
1622451733893000,1,350.00000000,5.2000
1622451733893000,1,382.01433323,5.2000
1622451923749000,0,139.74276002,5.2000
1622452001168000,1,25.50401606,5.1900
1622452001714000,1,132.17065032,5.1900
1622452001714000,1,388.69415202,5.1900
1622452001714000,1,394.29283380,5.1800
1622452001714000,1,134.84236386,5.1800
1622452057402000,0,383.07974974,5.2000
1622452080317000,0,191.80160933,5.2200
1622452096998000,0,191.80070097,5.2100
1622452097278000,1,483.17338732,5.2100
1622452146297000,0,387.49630315,5.2100
1622452284739000,0,300.00000000,5.2300
1622452461969000,1,16.07289719,5.2400
1622452486057000,0,345.39246119,5.2500
1622452486057000,0,382.62175261,5.2500
1622452486057000,0,475.77537205,5.2600
1622452486057000,0,152.54694307,5.2600
1622452504255000,0,3.81229691,5.2600
1622452504255000,0,17.04131525,5.2600
1622452566693000,1,250.00000000,5.2400
1622452725240000,1,392.38955448,5.2300
1622452950562000,0,201.99783080,5.2300
1622452950562000,0,150.00000000,5.2300
1622452950562000,0,156.95746329,5.2300
1622452950562000,0,289.22826231,5.2300
1622452995397000,1,37.59746402,5.2200
1622453066864000,1,12.40253598,5.2200
1622453300225000,1,40.41953714,5.2100
1622453310936000,0,92.48659003,5.2200
1622453494684000,0,62.63549618,5.2400
1622453538973000,1,392.37696114,5.2200
1622453651670000,1,20.85361216,5.2300
1622453759058000,0,38.26391850,5.2400
1622453785380000,0,156.72797496,5.2400
1622453785380000,0,389.06852205,5.2400
1622453785458000,1,3135.26199256,5.2400
1622453785468000,1,156.72797496,5.2400
1622453785999000,1,3135.24136553,5.2400
1622453786245000,1,702.32580000,5.2400
1622453786319000,1,1150.00000000,5.2400
1622453786386000,1,2100.00000000,5.2400
1622453786469000,1,96.52286000,5.2400
1622453786542000,1,702.32580001,5.2400
1622453843425000,0,100.00000000,5.2500
1622453936398000,0,190.02537452,5.2600
1622453936398000,0,138.30352281,5.2600
1622454193267000,1,191.91880928,5.2100
1622454193267000,1,108.08119072,5.2100
1622454415004000,1,300.00000000,5.2300
1622454538296000,1,157.67687284,5.1900
1622454538296000,1,370.15246329,5.1900
1622454538296000,1,419.39370000,5.1900
1622454538296000,1,132.79431000,5.1900
1622454538296000,1,386.23700000,5.1900
1622454538296000,1,158.36712719,5.1800
1622454538468000,1,158.36712000,5.1900
1622454538468000,1,157.67687284,5.1900
1622454538468000,1,392.31372562,5.1800
1622454538468000,1,399.71800000,5.1800
1622454538468000,1,124.67283086,5.1800
1622454543521000,1,192.59742593,5.1900
1622454543521000,1,481.49675181,5.1900
1622454543521000,1,157.73767650,5.1900
1622454543521000,1,133.05067000,5.1800
1622454543521000,1,399.71800000,5.1800
1622454543521000,1,260.02094909,5.1800
1622454573511000,1,22.37349397,5.1700
1622454583476000,1,1118.37742248,5.1600
1622454654115000,0,132.31034000,5.1600
1622454654115000,0,159.25207367,5.1600
1622454654115000,0,395.83297621,5.1700
1622454654115000,0,400.00000000,5.1700
1622454654115000,0,386.23700000,5.1700
1622454654115000,0,292.00000000,5.1700
1622454654115000,0,294.21395908,5.1700
1622454863784000,0,158.89310093,5.1700
1622454863784000,0,141.10689907,5.1700
1622455075487000,0,125.85807038,5.1900
1622455110007000,1,9.28266666,5.1600
1622455420450000,0,157.84847215,5.2100
1622455420450000,0,372.87982895,5.2100
1622455420450000,0,191.96673335,5.2100
1622455420450000,0,1205.64872087,5.2100
1622455420450000,0,295.00000000,5.2200
1622455420450000,0,394.60712699,5.2200
1622455420450000,0,606.75092565,5.2200
1622455474590000,0,66.21983301,5.2100
1622455476112000,0,0.00000001,5.2100
1622456009650000,0,47.03438180,5.2600
1622456021939000,0,0.00000001,5.2600
1622456142076000,0,3.98605578,5.2800
1622456164811000,0,2048.51940594,5.2800
1622456268535000,1,387.86733615,5.2700
1622456306958000,1,600.00000000,5.2600
1622456306958000,1,371.79042902,5.2600
1622456371476000,1,700.00000000,5.2500
1622456371586000,1,45.88117851,5.2400
1622456371586000,1,4.11882149,5.2400
1622456447571000,1,21.71933085,5.2500
1622456966335000,1,250.00000000,5.2600
1622456966335000,1,10.23753686,5.2600
1622456966335000,1,26.61759584,5.2600
1622457093612000,1,34.29092116,5.2400
1622457209741000,1,250.00000000,5.2500
1622457268908000,1,403.91302649,5.2400
1622457268908000,1,385.17274618,5.2400
1622457349479000,1,3.85622006,5.2600
1622457406089000,0,5.30929791,5.2700
1622457654314000,1,275.03285420,5.2500
1622458628226000,0,80.00000000,5.2700
1622458748994000,1,450.00000000,5.2800
1622458748994000,1,361.52688940,5.2800
1622458860110000,1,12.99202880,5.3100
1622458860110000,1,5.19681152,5.3100
1622458880270000,0,20.00000000,5.3200
1622458888178000,0,4.20000000,5.3300
1622458888178000,0,0.06078799,5.3300
1622458938698000,1,3097.62143244,5.3000
1622458939570000,1,672.37856756,5.3000
1622459266520000,0,45.58490566,5.3000
1622459531540000,0,7.07527358,5.3000
1622459626340000,1,92.49354838,5.2900
1622459756033000,1,6.16213538,5.3100
1622460007959000,0,9.00000000,5.3100
1622460077531000,1,19.66403162,5.3000
1622460178290000,0,46.84674556,5.3300
1622460610707000,1,7.39974000,5.3300
1622460696546000,0,35.00000000,5.3400
1622460719922000,1,4.76919184,5.3300
1622460925216000,0,154.09084813,5.3300
1622460925216000,0,396.40784937,5.3300
1622460925216000,0,681.53694977,5.3300
1622461029676000,0,5.82661290,5.3400
1622461059545000,1,372.26367743,5.3300
1622461059545000,1,153.70694207,5.3300
1622461059545000,1,272.21293690,5.3300
1622461225511000,0,361.04859813,5.3500
1622461244293000,0,138.95140187,5.3500
1622461244293000,0,251.42945375,5.3500
1622461244293000,0,379.07996358,5.3500
1622461443603000,1,358.42744770,5.3200
1622461443603000,1,153.90672034,5.3200
1622461443603000,1,384.55052182,5.3100
1622461443603000,1,399.71800000,5.3100
1622461443603000,1,297.00000000,5.3100
1622461443603000,1,489.58258833,5.3100
1622461448227000,1,153.90672034,5.3200
1622461448227000,1,1179.13927000,5.3200
1622461448227000,1,182.50650000,5.3200
1622461448227000,1,96.79841364,5.3200
1622461513701000,0,370.59022707,5.3400
1622461521397000,0,489.58258833,5.3500
1622461521397000,0,450.00000000,5.3500
1622461521397000,0,375.83097269,5.3500
1622461521397000,0,186.75559486,5.3600
1622461521397000,0,96.76631718,5.3600
1622461698451000,0,188.62128697,5.3000
1622461698451000,0,250.00000000,5.3000
1622461698451000,0,155.12548232,5.3000
1622461698451000,0,129.33245000,5.3000
1622461698451000,0,235.63694612,5.3100
1622461707228000,1,132.94715447,5.2900
1622461907626000,0,120.32888457,5.3100
1622461984932000,1,550.00000000,5.3200
1622462114604000,0,187.49375725,5.3300
1622462114604000,0,350.00000000,5.3300
1622462114604000,0,350.00000000,5.3300
1622462114604000,0,146.74312244,5.3300
1622462128064000,0,4.66604127,5.3300
1622462363941000,1,157.00000000,5.3200
1622462388825000,1,218.01232032,5.2900
1622462399678000,1,367.81942468,5.2900
1622462399678000,1,1237.82376384,5.2900
1622462419552000,1,188.09972764,5.3200
1622462456891000,1,450.00000000,5.3200
1622462521671000,1,100.00000000,5.3100
1622462555016000,0,350.00000000,5.3100
1622462716817000,0,100.00000000,5.3500
1622462722971000,0,1167.73635652,5.3500
1622462811227000,1,186.71287000,5.3600
1622463174360000,1,58.77513711,5.3200
1622463288123000,0,336.03091484,5.3300
1622463312499000,1,187.84555796,5.3200
1622463549392000,0,379.32719836,5.3200
1622463551878000,0,470.77126654,5.3300
1622463584430000,1,133.65987780,5.3200
1622463963254000,1,469.65952047,5.3200
1622464041078000,0,188.18271578,5.3100
1622464041474000,1,1202.83161173,5.3100
1622464205888000,0,188.86279644,5.3000
1622464229613000,1,143.27272727,5.3000
1622464429617000,1,389.70113851,5.2500
1622464429617000,1,190.25848283,5.2500
1622464429617000,1,368.30955071,5.2500
1622464429617000,1,657.37401647,5.2400
1622464430020000,1,300.00000000,5.2400
1622464542831000,0,369.19675672,5.2500
1622464550845000,1,190.36680000,5.2500
1622464568545000,0,71.43370599,5.2600
1622464594375000,1,156.18229425,5.2400
1622464594375000,1,373.68412744,5.2400
1622464594375000,1,190.58082646,5.2400
1622464594375000,1,476.96597197,5.2400
1622464594375000,1,386.23700000,5.2400
1622464594375000,1,163.56693502,5.2400
1622464669445000,1,39.75031864,5.2400
1622464680321000,1,8.53281904,5.2400
1622464920338000,0,10.33122768,5.2100
1622464920750000,1,350.00000000,5.2000
1622464920750000,1,157.41125329,5.1900
1622464920750000,1,345.77037936,5.1900
1622464921330000,1,25.00000000,5.1900
1622464980083000,1,157.48832433,5.1900
1622464980083000,1,61.74321259,5.1900
1622465042801000,1,49.73331107,5.1700
1622465093416000,1,197.04112817,5.1700
1622465166736000,0,391.79413635,5.2000
1622465520389000,0,156.74280953,5.2400
1622465520389000,0,376.13956494,5.2400
1622465520389000,0,179.88032038,5.2400
1622465573813000,1,400.00000000,5.2300
1622465573813000,1,386.82307764,5.2300
1622465767592000,0,404.19076148,5.2000
1622465999705000,0,9.52353617,5.2000
1622466049390000,0,2048.51940594,5.2200
1622466049390000,0,157.10653453,5.2200
1622466049508000,1,157.10653453,5.2200
1622466049689000,1,1505.73112653,5.2200
1622466058294000,1,127.38387715,5.2100
1622466092075000,1,2048.51940594,5.2100
1622466245300000,1,15.34615384,5.2000
1622466246160000,0,192.18696731,5.2000
1622466246160000,0,100.84957115,5.2000
1622466355917000,0,456.74745417,5.1900
1622466660409000,1,193.19882651,5.1800
1622466660413000,1,0.00000001,5.1800
1622466770672000,0,300.00000000,5.1900
1622466954501000,0,700.00000000,5.2000
1622467426087000,1,478.23334837,5.2300
1622467426200000,0,191.29333935,5.2300
1622467508391000,1,669.52668772,5.2200
1622467534656000,1,68.57159026,5.2100
1622468022607000,1,192.16824000,5.2000
1622468051041000,1,74.74155069,5.1900
1622468134521000,0,8.05758157,5.2100
1622468150190000,1,135.00000000,5.1900
1622468234670000,1,41.70383000,5.1900
1622468398683000,1,350.00000000,5.2000
1622468501131000,1,400.00000000,5.1900
1622468710739000,1,222.53036437,5.1400
1622468711236000,1,15.00000000,5.1400
1622469148552000,1,158.37673725,5.1700
1622469148552000,1,482.50628035,5.1700
1622469148552000,1,193.19954492,5.1700
1622469148552000,1,150.00000000,5.1700
1622469148552000,1,158.63371529,5.1600
1622469148552000,1,296.00000000,5.1600
1622469148552000,1,399.71800000,5.1600
1622469148552000,1,192.69326377,5.1600
1622469201545000,1,193.23207985,5.1700
1622469208580000,1,193.55684180,5.1700
1622469214679000,1,0.30817358,5.1700
1622469472321000,1,194.30445322,5.1500
1622469472321000,1,485.76113305,5.1500
1622469755550000,1,159.39990406,5.1300
1622469755550000,1,194.83963882,5.1300
1622469755550000,1,50.00000000,5.1300
1622469755550000,1,391.37146325,5.1300
1622469755550000,1,487.48632987,5.1300
1622469755550000,1,102.87421968,5.1300
1622469897111000,1,89.04933453,5.1000
1622469897410000,1,210.95066547,5.1000
1622469897410000,1,34.31133963,5.1000
1622469946137000,1,191.71962921,5.1100
1622470047619000,1,160.24049914,5.1000
1622470047619000,1,147.40344780,5.1000
1622470160562000,0,100.00000000,5.0900
1622470200391000,1,160.80238299,5.0900
1622470200391000,1,196.55499481,5.0900
1622470218783000,0,63.70645792,5.1100
1622470329019000,1,432.55490196,5.1000
1622470410724000,1,432.55294117,5.1000
1622470497003000,1,389.77609386,5.1000
1622470519256000,1,387.20438282,5.0900
1622470519256000,1,196.20793157,5.0900
1622470519256000,1,160.72977213,5.0900
1622470519256000,1,399.71800000,5.0900
1622470519256000,1,491.30024239,5.0900
1622470519256000,1,160.95993013,5.0800
1622470519256000,1,263.72608992,5.0800
1622470519802000,1,328.32889733,5.0900
1622470524103000,1,386.23700000,5.1000
1622470550126000,0,4.86802777,5.1200
1622470601750000,0,65.06447149,5.1200
1622470652715000,0,160.57464705,5.1100
1622470652715000,0,391.02223040,5.1100
1622470652874000,1,160.57464705,5.1100
1622470652883000,1,495.06526610,5.1100
1622470805282000,0,160.29824062,5.1200
1622470805282000,0,160.27661945,5.1200
1622470812746000,0,2038.46783625,5.1300
1622470821087000,1,2038.46783625,5.1200
1622471090820000,1,161.27146667,5.0700
1622471090820000,1,0.53516104,5.0700
1622471094815000,0,3.94674556,5.0700
1622471214599000,0,137.49212598,5.0800
1622471330927000,1,155.03438113,5.0900
1622471333135000,0,861.35294117,5.1000
1622471343938000,1,409.79388727,5.0800
1622471465217000,1,490.50088325,5.1000
1622471465217000,1,196.20035330,5.1000
1622472033442000,0,160.87424782,5.1000
1622472033442000,0,2.11398747,5.1000
1622472112781000,1,196.20769409,5.1000
1622472285354000,1,393.41165572,5.0900
1622472393698000,0,160.68373109,5.1100
1622472393698000,0,397.37869738,5.1100
1622472393698000,0,401.29090684,5.1200
1622472393698000,0,308.00000000,5.1200
1622472393698000,0,1270.83633261,5.1200
1622472393698000,0,386.23700000,5.1200
1622472393698000,0,324.17111026,5.1200
1622472755798000,0,10.05156000,5.1300
1622472756117000,0,0.00000969,5.1300
1622472857295000,0,60.66081871,5.1300
1622472875742000,1,195.46380112,5.1200
1622473020151000,1,1244.79532163,5.1200
1622473020151000,1,195.41480187,5.1200
1622473044629000,1,195.43343712,5.1200
1622473076255000,1,195.82607107,5.1100
1622473169514000,0,63.53838697,5.1300
1622473169514000,0,77.44017053,5.1300
1622473180236000,1,19.90000000,5.1100
1622473511674000,1,159.10690677,5.1500
1622473595741000,0,321.20656370,5.1800
1622473818029000,0,24.56415058,5.1600
1622473818616000,1,387.38384946,5.1500
1622473818616000,1,194.34036754,5.1500
1622473818616000,1,485.58543700,5.1500
1622473818616000,1,158.87323637,5.1400
1622473818616000,1,18.61243126,5.1400
1622473948244000,0,192.87952479,5.1900
1622473948244000,0,157.99985326,5.1900
1622473948244000,0,133.41747000,5.1900
1622473952521000,0,210.95066547,5.2000
1622474385883000,0,2038.46783625,5.2600
1622474444868000,0,474.69351903,5.2700
1622474444868000,0,189.89849975,5.2700
1622474444868000,0,240.85959412,5.2700
1622474557082000,1,60.66081871,5.2400
1622474698773000,0,263.10056925,5.2700
1622475072232000,0,214.63377609,5.2700
1622475132849000,1,190.59380193,5.2400
1622475433863000,0,3103.10527366,5.2700
1622475445509000,0,3102.53834713,5.2700
1622475445599000,0,193.11900000,5.2700
1622475446026000,0,3102.13857336,5.2700
1622475446599000,0,1745.50596259,5.2700
1622475469668000,1,2048.51940594,5.2800
1622475708142000,1,590.00000000,5.2600
1622475708499000,1,50.00000000,5.2500
1622475837637000,1,189.88621531,5.2700
1622475837637000,1,1.18320021,5.2600
1622476067541000,0,100.00000000,5.2800
1622476067541000,0,379.30061270,5.2800
1622476067541000,0,155.21522482,5.2800
1622476067541000,0,166.27014732,5.2800
1622476304337000,1,190.62368350,5.2500
1622476367142000,1,363.39432084,5.2300
1622476367142000,1,57.66767916,5.2300
1622476420503000,1,5.61350000,5.2300
1622476624808000,0,190.23407000,5.2600
1622476757814000,1,190.20928000,5.2600
1622476879484000,1,18.34449456,5.2800
1622476961714000,1,400.00000000,5.2500
1622476991977000,0,1233.32834411,5.2700
1622477232388000,1,12.63950448,5.2600
1622477427405000,0,1609.52325854,5.3000
1622477427405000,0,266.21609311,5.3000
1622477553632000,0,350.00000000,5.3100
1622477584834000,0,958.71616541,5.3200
1622477669878000,0,10.00000000,5.3400
1622477669878000,0,3.94674556,5.3400
1622477669878000,0,200.00000000,5.3400
1622477840663000,1,500.00000000,5.3400
1622477846284000,0,33.20224719,5.3400
1622478016075000,0,40.94559099,5.3300
1622478207830000,1,10.00000000,5.3000
1622478274177000,0,4.69351356,5.3000
1622478293021000,0,188.52507068,5.3000
1622478299894000,0,188.58673114,5.3000
1622478303870000,0,188.59063489,5.3000
1622478402570000,0,188.09451795,5.2900
1622478456459000,1,200.00000000,5.2800
1622478477678000,1,640.00000000,5.2700
1622478477750000,1,391.40620242,5.2600
1622478477750000,1,301.00000000,5.2500
1622478477750000,1,190.01286692,5.2500
1622478477750000,1,155.36698315,5.2500
1622478477750000,1,12.21394751,5.2400
1622478478460000,1,386.23700000,5.2500
1622478478460000,1,35.75042907,5.2400
1622478478460000,1,443.12041406,5.2400
1622478666353000,0,70.71833648,5.2900
1622478701972000,1,474.25990103,5.2700
1622478701972000,1,189.81893478,5.2700
1622478701972000,1,396.75151612,5.2700
1622479023093000,1,3.82000000,5.2500
1622479200344000,1,8.18632314,5.2400
1622479279725000,1,1050.88028570,5.2400
1622479397373000,1,550.00000000,5.2400
1622479459358000,1,191.00677813,5.2300
1622479581953000,1,24.99280678,5.2400
1622480587823000,1,344.56550221,5.2200
1622480588781000,1,134.60715831,5.2200
1622480588792000,1,0.00000001,5.2200
1622480609909000,1,427.27911596,5.2000
1622480670601000,0,350.00000000,5.2100
1622480790157000,1,334.68116892,5.2000
1622481020533000,1,200.00000000,5.2100
1622481054747000,1,92.13977201,5.1900
1622481054747000,1,50.00000000,5.1900
1622481136625000,1,136.96285598,5.2000
1622481536172000,1,387.39663690,5.1500
1622481536172000,1,158.40020610,5.1500
1622481536172000,1,660.00000000,5.1500
1622481536172000,1,194.22030702,5.1500
1622481536172000,1,485.69624771,5.1500
1622481536172000,1,396.00051524,5.1400
1622481536172000,1,966.88386521,5.1400
1622481536806000,1,158.40020610,5.1500
1622481536806000,1,297.51414344,5.1400
1622481536806000,1,133.64746000,5.1400
1622481536806000,1,315.88980336,5.1400
1622481716278000,0,106.40812379,5.1700
1622481793049000,1,193.81441000,5.1600
1622481793085000,1,0.00000974,5.1600
1622481801283000,1,12.77573747,5.1600
1622481842956000,1,12.07623318,5.1500
1622482089490000,1,164.22092067,5.1500
1622482121328000,1,150.00000000,5.1500
1622482221997000,0,968.43615783,5.1600
1622482492526000,1,4.20000000,5.1300
1622482705152000,0,372.18746895,5.1500
1622482705152000,0,490.00000000,5.1500
1622482952849000,1,193.93865134,5.1600
1622483645247000,1,16.88762214,5.1500
1622483664373000,1,194.30252000,5.1500
1622483709175000,0,158.99787386,5.1500
1622483709175000,0,41.00212614,5.1500
1622484027974000,0,193.27799903,5.1700
1622484120353000,0,28.65244223,5.1700
1622484412233000,0,194.13032119,5.1500
1622484483102000,1,7.09909910,5.1400
1622484508784000,0,350.00000000,5.1500
1622484508784000,0,194.05851107,5.1500
1622484508784000,0,485.26244681,5.1500
1622484542094000,1,20.32520325,5.1500
1622484625733000,0,450.00000000,5.1600
1622484645082000,0,193.31009500,5.1700
1622484645082000,0,483.38848138,5.1700
1622484645082000,0,158.44169385,5.1700
1622484645082000,0,665.00000000,5.1700
1622484645082000,0,112.68178006,5.1700
1622484788943000,1,27.75823835,5.1400
1622484962459000,0,158.37379355,5.1700
1622484962459000,0,193.33086410,5.1700
1622484962459000,0,295.00000000,5.1800
1622484962459000,0,963.68280307,5.1800
1622485802941000,0,6.74919974,5.1600
1622486359605000,1,10.00000000,5.1700
1622486755897000,1,50.33032787,5.1600
1622486917620000,1,300.00000000,5.1500
1622486951616000,1,391.64958076,5.1300
1622486951616000,1,159.17104268,5.1300
1622486951616000,1,487.36964033,5.1300
1622486951616000,1,194.70343318,5.1300
1622486951616000,1,386.23700000,5.1300
1622486951616000,1,1267.60677672,5.1300
1622486951616000,1,336.47203734,5.1300
1622487136446000,1,40.94559099,5.1300
1622487324198000,0,396.87769835,5.1600
1622488083126000,1,450.00000000,5.1600
1622488129856000,0,9.62306456,5.1700
1622488672222000,0,400.00000000,5.1600
1622488760105000,1,485.74667589,5.1400
1622488760105000,1,372.63609051,5.1400
1622488760105000,1,194.34804538,5.1400
1622488783394000,1,300.00000000,5.1400
1622488783394000,1,194.67235410,5.1400
1622488800293000,1,6.23969683,5.1300
1622489152913000,1,194.69438084,5.1300
1622489181596000,1,66.34415508,5.1200
1622489572560000,1,11.75166030,5.1100
1622489645273000,1,96.59772734,5.1000
1622489663232000,1,160.52907228,5.0900
1622489663232000,1,407.83490027,5.0900
1622489663232000,1,196.42895097,5.0900
1622489663232000,1,235.20707648,5.0900
1622489705268000,0,216.40956000,5.1000
1622489832046000,0,60.67906066,5.1100
1622489944903000,0,300.00000000,5.1000
1622489944903000,0,100.00000000,5.1000
1622490003816000,0,300.00000000,5.1000
1622490106510000,0,390.45492048,5.1200
1622490324956000,0,195.11483744,5.1300
1622490324956000,0,406.03829056,5.1300
1622490477897000,0,3.88888888,5.1300
1622490786889000,0,194.49099979,5.1400
1622490802974000,0,373.12682799,5.1500
1622490802974000,0,194.37710872,5.1500
1622490802974000,0,485.49739822,5.1500
1622490802974000,0,323.39340000,5.1500
1622490802974000,0,321.00000000,5.1600
1622490802974000,0,384.00000000,5.1600
1622490802974000,0,1118.05951843,5.1600
1622490917056000,0,193.66897971,5.1600
1622491017653000,0,193.60509066,5.1700
1622491065275000,0,193.20316801,5.1800
1622491165263000,0,192.40030223,5.2000
1622491165263000,0,480.74054726,5.2000
1622491170588000,1,193.11900000,5.2000
1622491170594000,1,2.41707358,5.2000
1622491266933000,0,7.70383654,5.2200
1622491320364000,0,10.55949188,5.2100
1622491389844000,0,755.00000000,5.2200
1622491709677000,1,5.00000000,5.2100
1622491859506000,0,6.19232424,5.1900
1622491859635000,0,392.56241545,5.1900
1622491859825000,0,351.24526031,5.1900
1622491884664000,0,10.85192307,5.2000
1622492040310000,0,81.87613901,5.2000
1622492526705000,0,193.27787309,5.1700
1622493265701000,1,33.22823419,5.2100
1622493354772000,1,24.92117564,5.2100
1622493396729000,0,191.41411291,5.2200
1622493785760000,1,37.38176346,5.1800
1622493913472000,1,37.38176347,5.1900
1622493916708000,0,192.50519957,5.2000
1622494145601000,1,100.00000000,5.2100
1622494145601000,1,192.07222637,5.2100
1622494145601000,1,156.82497006,5.2100
1622494145601000,1,40.15213810,5.2100
1622494399053000,1,8.47500000,5.1900
1622494647182000,1,9.98984771,5.1900
1622494878100000,0,300.00000000,5.2100
1622494881112000,0,191.77589050,5.2100
1622494957128000,1,4.00000000,5.2000
1622495032577000,0,191.05864174,5.2300
1622495040237000,1,156.37862526,5.2200
1622495040237000,1,136.65791320,5.2200
1622495073792000,0,191.04721560,5.2300
1622496196791000,1,4.97474747,5.2100
1622496594140000,0,191.11285742,5.2300
1622496594140000,0,477.70375251,5.2300
1622496720349000,1,78.96351418,5.2000
1622496852663000,1,92.68846153,5.2000
1622496929086000,0,1025.68896095,5.1900
1622498547782000,0,441.75692964,5.2500
1622498646804000,0,189.97715442,5.2600
1622498646804000,0,27.60918334,5.2600
1622498670454000,0,138.67172675,5.2700
1622499031987000,0,300.00000000,5.2800
1622499031987000,0,363.95490821,5.2800
1622499076877000,0,189.27365000,5.2800
1622499106872000,1,900.00000000,5.2800
1622499106872000,1,362.25354395,5.2800
1622499106872000,1,776.21429230,5.2700
1622499491133000,0,1250.00000000,5.3000
1622499495477000,1,188.83749288,5.3000
1622499495477000,1,550.00000000,5.3000
1622499495477000,1,350.00000000,5.3000
1622499495477000,1,471.99433116,5.3000
1622499495477000,1,600.00000000,5.3000
1622499546582000,0,154.53162430,5.3000
1622499546681000,1,154.53162430,5.3000
1622499546915000,1,1973.74429856,5.3000
1622500395900000,1,100.00000000,5.3000
1622500920308000,1,6.04561591,5.3100
1622501164095000,0,193.11900000,5.3300
1622501167971000,0,106.88100000,5.3300
1622501208010000,0,60.67906066,5.3400
1622501433127000,0,12.74205607,5.3500
1622501611018000,1,350.00000000,5.3300
1622501611018000,1,187.76105029,5.3300
1622501740673000,1,188.18527111,5.3100
1622501740673000,1,142.73060167,5.3100
1622502191966000,0,188.90095750,5.2900
1622502191966000,0,400.00000000,5.2900
1622502191966000,0,194.81772355,5.3000
1622503051798000,0,17.38435880,5.3500
1622503052729000,0,19.87358512,5.3500
1622503062138000,0,0.00000001,5.3500
1622503113236000,1,328.74653642,5.3600
1622503180935000,0,4.20000000,5.3700
1622503180935000,0,400.00000000,5.3700
1622503180935000,0,350.00000000,5.3700
1622503180935000,0,369.26870277,5.3700
1622503180935000,0,300.00000000,5.3700
1622503180935000,0,18.85714286,5.3800
1622503180935000,0,10.00000000,5.3800
1622503180935000,0,132.91293677,5.3800
1622503180935000,0,412.14870589,5.3800
1622503466050000,0,330.46915887,5.3500
1622504248748000,1,330.46915887,5.3600
1622504706931000,1,350.00000000,5.3500
1622504706931000,1,400.00000000,5.3500
1622504706931000,1,370.10516981,5.3500
1622504706931000,1,21.29860377,5.3500
1622504984391000,0,15.58935000,5.4000
1622504984391000,0,0.00000361,5.4000
1622504984391000,0,3.94000000,5.4000
1622504984391000,0,4.99994639,5.4000
1622504984479000,0,0.00005361,5.4000
1622505038868000,1,185.33331000,5.4000
1622505038871000,1,0.00000522,5.4000
1622505096661000,1,154.35741771,5.4000
1622505096667000,1,30.80728847,5.4000
1622505096667000,1,400.00000000,5.4000
1622505096667000,1,108.86562980,5.4000
1622505096674000,1,354.32806066,5.4000
1622505096674000,1,31.15259525,5.3900
1622505096682000,1,361.60996661,5.3900
1622505096682000,1,1180.31265702,5.3900
1622505096684000,1,23.88310368,5.3900
1622505096684000,1,386.23700000,5.3900
1622505096684000,1,290.00000000,5.3900
1622505096684000,1,70.84120814,5.3900
1622505128775000,0,150.00000000,5.4100
1622505128775000,0,387.62006704,5.4100
1622505440407000,1,400.00000000,5.4100
1622505484036000,1,151.07111073,5.4000
1622505484036000,1,383.69796815,5.4000
1622505484036000,1,184.98029444,5.4000
1622505484036000,1,463.22809528,5.4000
1622505484036000,1,386.23700000,5.4000
