timestamp ms,type,amount,price
1628295356251000,1,0.30000000,310.1100
1628295356418000,1,3.00000000,309.9800
1628296257399000,0,0.30000000,312.3000
1628301053425000,0,0.27036488,317.0900
1628301171906000,1,6.70197030,316.5800
1628301171906000,1,13.38671370,316.5300
1628301171906000,1,9.38200013,316.4900
1628303156878000,0,0.07825595,318.5700
1628304166657000,0,5.02529901,319.3800
1628306534429000,1,1.13172043,317.4000
1628309275476000,0,0.44463711,322.0000
1628309359609000,0,0.07737670,322.1900
1628309437268000,0,4.01670000,322.2600
1628309592385000,0,0.00007885,322.2600
1628309747018000,1,0.60358227,321.9000
1628310145916000,1,6.48300000,321.4200
1628311228941000,0,0.62349135,321.4800
1628313470826000,0,0.20865970,322.6400
1628313470826000,0,0.09972737,322.6600
1628313721962000,0,3.38236936,322.2800
1628314352015000,0,0.21939612,322.0000
1628314352015000,0,0.21585302,322.0800
1628314352015000,0,2.66764275,322.0800
1628314919436000,0,0.10000000,323.0000
1628315167978000,1,0.68970951,323.5600
1628315376633000,0,0.30706572,323.8200
1628316025272000,1,0.10000000,321.1100
1628317062533000,0,3.76500375,321.6700
1628317176864000,0,1.54786656,322.2500
1628318096025000,1,0.22411176,317.9600
1628318096025000,1,0.14929133,317.9500
1628318775792000,1,0.30000000,318.2000
1628319534632000,1,6.64269959,319.4100
1628319534632000,1,0.21655476,319.3800
1628319534632000,1,10.38700000,319.3100
1628319534632000,1,0.22330792,319.2800
1628319534632000,1,9.29977942,319.2700
1628319534632000,1,0.22485583,319.2100
1628319534632000,1,3.09623644,319.1300
1628319534632000,1,3.09617543,319.1300
1628319534632000,1,0.21155826,319.1200
1628319534632000,1,13.28964198,319.0200
1628319534632000,1,6.69908372,319.0200
1628319673981000,1,1.03163088,319.3000
1628321447770000,0,0.22229107,320.0000
1628321447770000,0,0.20982795,320.0500
1628321447770000,0,0.71655925,320.1600
1628321447770000,0,0.81580574,320.1700
1628323169355000,1,2.00000000,320.1300
1628324548333000,0,0.78999501,321.0400
1628325412263000,1,0.44684782,318.9900
1628325412729000,1,1.26554007,318.9900
1628325998756000,0,0.70000000,321.0000
1628326126915000,1,1.63477422,320.8400
1628326964840000,0,0.21140990,321.7900
1628326965517000,0,0.21140850,321.8000
1628327174617000,0,0.10000000,324.3300
1628327174617000,0,0.10772738,324.3300
1628327174617000,0,0.07817262,324.3300
1628327174735000,0,0.00008333,324.3300
1628327206378000,0,6.53515421,325.0000
1628327206381000,0,5.12206454,325.0000
1628327206381000,0,0.07076923,325.0000
1628327307787000,0,0.09092308,324.6500
1628328133579000,0,0.38340000,326.6400
1628328133661000,0,0.00004281,326.6400
1628328265384000,1,3.00000000,326.7000
1628328422677000,0,0.22014431,326.9600
1628328422677000,0,1.25072229,326.9700
1628328422677000,0,29.05102131,326.9800
1628328645403000,0,0.10000000,327.3300
1628328673603000,0,7.05383308,328.1800
1628329081510000,1,0.17000000,328.8300
1628329275888000,0,0.22235488,329.2800
1628329275888000,0,0.21024040,329.3100
1628329275888000,0,0.47422510,329.4400
1628329491625000,0,4.63111165,328.8800
1628329770744000,1,0.07000000,329.1700
1628330152812000,0,1.00000000,329.5300
1628330153141000,0,0.23323333,330.0000
1628330153141000,0,0.06966667,330.0000
1628330153220000,0,0.00003029,330.0000
1628330188006000,0,0.20570664,330.9200
1628330330503000,0,0.79429336,330.9200
1628330463055000,0,1.29189842,330.8000
1628330549779000,0,1.77163680,331.6100
1628330550491000,0,0.07934301,331.8600
1628330558450000,0,0.29598073,332.1500
1628330665874000,0,0.46441571,332.4000
1628330665874000,0,6.40047000,332.6100
1628330665874000,0,0.50710193,332.6300
1628330665874000,0,8.96342281,332.6400
1628330665874000,0,6.85414618,332.7100
1628330665874000,0,22.97814090,332.8300
1628330850680000,0,0.13051877,334.0000
1628330850680000,0,0.07737670,334.0000
1628331013820000,0,8.96600311,334.6900
1628331023199000,0,0.62000000,335.0000
1628331023199000,0,0.80458232,335.0000
1628331023199000,0,0.06865671,335.0000
1628331023199000,0,1.00000000,335.0000
1628331246252000,0,0.21048426,333.8800
1628331246252000,0,0.78951574,333.9000
1628331334052000,1,6.38524926,333.0100
1628331334052000,1,0.22228156,333.0000
1628331334149000,0,6.38524926,333.0000
1628331334169000,0,25.54291532,333.0000
1628331334702000,0,7.63200213,333.0000
1628331612684000,0,0.23160050,334.2400
1628331668537000,1,5.58051882,332.7400
1628331669127000,1,2.10000000,332.2600
1628331669127000,1,0.90000000,331.9200
1628332144673000,1,0.67809171,331.3200
1628333140823000,0,0.64300411,331.5400
1628333140823000,0,2.36541347,331.6200
1628333612078000,1,1.00000000,330.9300
1628334590147000,1,0.21398979,329.7800
1628334590147000,1,3.16837957,329.6600
1628334618188000,0,0.07944498,330.1200
1628335177295000,0,0.24230404,330.9900
1628335177295000,0,0.50913694,331.0500
1628335279804000,1,0.10542537,331.2900
1628335417448000,0,0.21169796,333.4100
1628335417448000,0,3.35688561,333.4900
1628335473596000,1,0.65923231,332.6900
1628336408329000,0,0.22212788,331.9800
1628336408329000,0,1.25822921,332.0600
1628336463370000,1,0.06100000,331.9200
1628336785298000,1,0.07000000,331.2200
1628336921792000,1,0.29590000,331.3700
1628337220184000,1,0.07353340,332.5900
1628337229320000,1,1.00000000,332.4900
1628337512007000,0,0.07436907,335.2200
1628337544193000,0,0.07453137,334.4900
1628337693195000,0,0.18500000,335.3000
1628337693195000,0,0.22579879,335.3000
1628337701522000,1,0.32246622,335.5300
1628337902324000,0,0.28372715,336.0000
1628337902339000,0,0.01627285,336.0000
1628337928362000,0,0.05962156,336.1200
1628337964510000,0,0.24873431,336.6500
1628338048946000,0,0.21229663,337.7400
1628338048946000,0,3.07324337,337.9000
1628338315101000,0,0.08859669,336.9200
1628338472317000,1,0.62190988,336.1200
1628338497648000,1,3.28554000,335.9700
1628339034636000,0,4.00000000,337.5000
1628339133324000,1,0.06000000,337.8600
1628339149608000,0,0.10000000,338.4000
1628339660272000,0,5.57514902,338.6700
1628339660274000,0,3.23163955,338.6700
1628339660274000,0,0.12971190,338.7400
1628339660274000,0,0.34745873,338.7500
1628339660274000,0,0.32427974,338.8400
1628339660274000,0,1.54205910,338.8500
1628339660274000,0,11.04459708,338.8500
1628339660274000,0,10.38700000,338.8900
1628339660274000,0,0.84335710,338.9000
1628339660274000,0,3.40475000,339.0000
1628339660301000,0,5.57514902,339.0100
1628339660317000,0,5.57486090,339.0100
1628339660342000,1,18.89029582,339.0000
1628339676182000,0,25.07959419,339.4400
1628339713907000,0,0.12713187,339.3600
1628340051277000,1,0.21664081,333.4200
1628340051277000,1,0.21423670,333.3300
1628340051277000,1,5.15597737,333.2300
1628340051282000,1,1.21545074,333.2300
1628340051282000,1,4.37140414,333.1800
1628340051286000,1,4.53900309,333.1800
1628340051286000,1,1.04785179,333.1700
1628340051324000,1,5.58527386,333.1700
1628340051324000,1,6.09602754,333.1700
1628340079392000,0,0.21297094,333.4700
1628340079392000,0,0.21823686,333.4900
1628340079392000,0,0.21285125,333.5800
1628340079392000,0,8.94402485,333.6300
1628340079392000,0,0.33753619,333.7800
1628340079392000,0,6.75014404,333.7900
1628340079392000,0,3.55091549,334.1700
1628340115728000,1,0.22211452,332.2100
1628340115728000,1,6.26088548,332.0700
1628340157084000,0,3.29924049,333.1100
1628340205418000,0,25.61971044,332.1000
1628340710762000,0,0.29659741,330.3000
1628340711354000,1,1.00010001,329.9300
1628340712041000,1,2.89315974,329.9300
1628340712071000,1,0.61484542,329.9300
1628340737690000,1,1.39258641,329.4200
1628340836122000,1,3.29924049,328.6700
1628340864028000,1,0.21832067,328.2400
1628340864028000,1,0.68849971,328.1900
1628340926182000,1,0.64652568,327.6600
1628340926323000,1,3.08207590,327.2000
1628340981988000,1,1.03201959,326.4600
1628340982094000,1,1.75279548,326.2700
1628341078657000,1,0.21207220,328.5600
1628341078657000,1,0.21426173,328.5500
1628341078657000,1,1.57366607,328.4000
1628341359448000,0,3.40347071,326.8300
1628341395359000,1,0.08859669,326.3600
1628341986052000,0,0.24440979,327.8700
1628342163025000,0,4.05847935,328.1500
1628342593905000,1,7.00585730,328.0800
1628342593905000,1,0.20848770,328.0500
1628342593905000,1,0.22347294,327.9500
1628342593905000,1,6.47268027,327.9300
1628342593905000,1,0.21605723,327.8600
1628342593905000,1,6.10012418,327.8200
1628344777485000,1,4.42342962,324.6600
1628344777826000,1,1.00000000,324.6500
1628344927253000,1,1.50000000,325.1200
1628344995614000,1,0.54062500,325.5300
1628345146794000,1,0.54062500,325.2500
1628345356831000,1,0.22168151,324.8900
1628345356831000,1,2.17519349,324.8400
1628345805633000,0,5.65708717,326.8000
1628345861903000,1,6.53321264,326.6800
1628345874048000,0,0.06500000,326.9200
1628345939484000,0,0.16629969,326.8300
1628346202666000,1,0.50000000,325.7600
1628346972214000,1,3.10289190,326.4700
1628347426516000,0,0.22362026,327.1700
1628347426516000,0,0.21346346,327.2400
1628347426516000,0,1.49306150,327.2500
1628349105151000,0,0.30000000,326.9400
1628349241197000,1,7.06792835,326.7900
1628349270827000,1,0.22225592,327.0100
1628349270827000,1,0.21644326,326.9000
1628349270827000,1,1.59054050,326.8500
1628349778996000,1,0.20786664,327.3500
1628349778996000,1,0.79213336,327.2700
1628349948965000,0,5.19800000,327.1600
1628350371108000,0,0.20876004,328.1300
1628350371108000,0,0.67061631,328.1900
1628351703853000,0,0.21766377,324.7400
1628351703853000,0,0.20976039,324.8100
1628351703853000,0,0.57286007,324.8500
1628351769618000,1,11.64247733,325.3500
1628351931153000,0,0.07656869,325.5900
1628352340225000,1,0.10000000,321.1600
1628352340225000,1,0.10000000,321.1600
1628352340225000,1,0.10000000,321.1600
1628352416267000,0,0.09657481,321.1000
1628352439975000,0,0.40067415,320.4200
1628352573056000,1,1.00000000,321.5000
1628352587948000,1,0.21870085,321.2200
1628352587948000,1,0.58768652,321.0600
1628352589396000,1,0.21851210,321.2200
1628352592848000,1,0.22158647,321.3400
1628352592848000,1,0.04068006,321.2900
1628352865822000,1,1.00000000,320.5900
1628352874031000,1,0.58830141,320.5800
1628352995163000,1,2.00000000,320.0000
1628352995163000,1,0.02923967,320.0000
1628352996425000,1,0.97176044,320.0000
1628353044517000,1,0.06865671,319.0500
1628353053622000,1,0.50000000,318.2600
1628353055499000,1,3.10000000,318.0000
1628353055499000,1,3.00000000,318.0000
1628353088660000,1,0.21967121,317.4400
1628353088660000,1,0.22278593,317.4300
1628353088660000,1,0.20802567,317.4100
1628353088660000,1,0.21165585,317.3300
1628353088660000,1,0.13814557,317.2900
1628353202897000,1,26.74225304,317.5300
1628353203470000,1,19.30774696,317.5300
1628353253292000,0,0.14421594,316.5200
1628353255281000,0,1.08380785,317.2000
1628353273808000,0,1.85154265,317.6200
1628353273899000,0,0.90886099,317.6200
1628353902794000,1,1.00000000,319.2500
1628353970109000,1,6.64210303,318.9600
1628353970109000,1,10.38700000,318.8300
1628353970109000,1,9.29894424,318.8300
1628353970357000,0,26.57197149,318.8000
1628353970414000,0,6.20412161,318.8000
1628354004644000,0,0.21015706,319.5800
1628354004644000,0,0.22152263,319.5900
1628354004644000,0,0.21658660,319.6700
1628354004644000,0,3.44121528,319.7200
1628354396131000,1,0.22028920,321.7600
1628354396131000,1,0.20656055,321.6600
1628354396131000,1,1.50329547,321.6000
1628354503343000,0,0.61768631,322.1700
1628354640372000,0,0.07761036,321.2200
1628355036005000,0,0.06177438,322.1400
1628355311071000,1,0.19122711,322.0400
1628355588327000,1,0.21780187,322.3900
1628355588327000,1,0.22209064,322.3000
1628355588327000,1,0.21768665,322.2900
1628355588327000,1,1.38716162,322.2300
1628355736591000,1,2.04474079,321.2300
1628359243567000,1,0.35671480,316.9300
1628359719778000,1,6.68142992,317.0000
1628359719778000,1,4.00685000,316.8900
1628359719778000,1,10.38700000,316.8000
1628359719778000,1,9.35717548,316.7900
1628359719867000,0,6.68161118,316.5000
1628359719895000,0,6.68142992,316.5000
1628359719958000,0,1.14420000,316.5000
1628359719971000,0,9.28856614,316.5000
1628360042145000,1,26.65489401,318.1900
1628360042724000,1,21.53640678,318.1900
1628360203191000,1,5.34917355,317.8300
1628362214297000,0,0.22268061,320.2000
1628362214297000,0,2.14826447,320.2900
1628362484942000,1,0.07826086,319.7000
1628364194597000,0,2.04804025,319.9400
1628364282489000,0,2.04845567,319.8800
1628366336073000,0,0.21987036,321.1700
1628366336073000,0,0.08991202,321.2500
1628366448456000,0,0.21716170,321.1100
1628366456212000,0,0.45531021,321.8200
1628366456228000,0,1.45025315,321.8200
1628366649755000,1,0.90162192,319.9900
1628367064979000,1,0.63006269,319.0000
1628367098021000,0,0.21868679,319.1400
1628367098021000,0,0.23166743,319.2500
1628367098021000,0,0.64973679,319.2500
1628367780007000,0,0.22015561,320.7600
1628367780007000,0,0.09097476,320.7800
1628368195328000,1,0.22829153,319.8900
1628368195328000,1,0.04971693,319.7900
1628368439212000,1,0.15398986,320.3800
1628369044538000,1,2.45752997,321.0500
1628369293741000,0,0.22480076,320.2500
1628369293859000,1,0.21937231,320.2900
1628369293940000,1,0.38974307,320.2900
1628369991246000,0,0.21871249,320.2500
1628369991246000,0,6.62743882,320.3500
1628369991246000,0,0.20939986,320.3600
1628369991246000,0,9.28061087,320.3900
1628369991246000,0,0.55829468,320.5300
1628369991246000,0,0.22639677,320.5400
1628369991246000,0,0.23162502,320.5400
1628369991246000,0,1.39569181,320.5500
1628369991246000,0,45.52000000,320.6100
1628369991246000,0,3.62868418,320.6300
1628369991246000,0,10.38700000,320.6300
1628369991246000,0,2.00000000,320.6500
1628369991246000,0,3.95987000,320.6600
1628369991246000,0,13.25977954,320.6700
1628369991246000,0,13.25154754,320.7200
1628369991246000,0,3.80326357,321.0500
1628370482498000,1,0.42799560,321.5400
1628371051163000,0,0.45950737,323.0300
1628371141158000,0,6.57810138,322.6700
1628371141158000,0,0.21858789,322.7400
1628371141158000,0,9.20951584,322.8100
1628371141158000,0,0.22072274,322.8400
1628371141158000,0,0.40360123,322.9200
1628371141158000,0,4.05674157,322.9400
1628372645655000,1,1.30281370,322.3100
1628372646108000,1,1.21385835,322.3100
1628372819811000,0,6.57994335,322.6100
1628372819811000,0,0.23162502,322.8100
1628372819811000,0,7.81182579,322.8200
1628373625972000,1,0.22141323,319.5400
1628373625972000,1,0.21192543,319.4700
1628373625972000,1,0.12514207,319.4000
1628373808237000,1,0.17607669,319.8600
1628374245377000,1,1.50000000,319.3400
1628379983067000,0,0.31612203,324.4600
1628380175138000,0,0.07761036,325.0000
1628380175138000,0,2.37088964,325.0000
1628380177146000,0,0.00005544,325.0000
1628380417552000,0,5.80736892,327.2900
1628380418256000,0,0.37369736,328.1800
1628380997988000,1,0.09453277,326.4700
1628382213526000,0,0.40067414,329.4200
1628382213804000,0,0.00000001,329.4200
1628382221493000,0,0.90162192,329.9900
1628382222019000,0,1.00000000,330.0000
1628384146055000,0,6.46584423,327.5300
1628384146220000,0,25.86048032,327.5300
1628384595938000,1,0.49815432,325.1100
1628385393930000,1,4.59168661,322.7300
1628385402390000,0,0.20765384,322.1300
1628385402390000,0,0.21690126,322.2500
1628385402390000,0,0.10044569,322.2500
1628385447252000,0,4.64187114,322.3700
1628387208791000,1,0.22316613,318.9900
1628387293659000,0,0.07809171,319.2400
1628389605207000,1,5.35122693,316.8100
1628389605207000,1,0.53335643,316.6800
1628389605209000,1,5.88458336,316.6800
1628389605210000,1,1.07378137,316.6800
1628389605210000,1,4.81080199,316.5100
1628389605211000,1,5.88458336,316.5100
1628389605212000,1,1.33944385,316.5100
1628389605212000,1,4.54513951,316.5000
1628389605519000,1,0.22233918,315.3300
1628389605519000,1,1.19972707,315.2600
1628389605519000,1,10.22041108,315.0000
1628389605622000,1,0.77958892,315.0000
1628389605622000,1,2.00000000,314.4400
1628389605622000,1,3.70341108,314.3100
1628389606226000,1,43.21000000,315.5500
1628389606226000,1,2.00000000,314.8900
1628389606226000,1,2.98130079,314.3100
1628389616277000,0,3.99619000,316.7000
1628389667517000,1,7.17448041,316.6200
1628389728574000,0,0.31570103,316.9300
1628389728574000,0,0.28262251,316.9900
1628389979517000,1,0.12713187,317.3100
1628389983801000,0,3.39589821,317.9100
1628390701647000,1,7.31562520,315.1300
1628391166410000,0,1.93383500,317.4100
1628391672246000,0,0.21697169,316.8700
1628391672246000,0,0.25142831,316.9600
1628392006036000,0,0.23970939,317.5800
1628392017082000,0,0.00000001,317.5800
1628393277130000,0,0.21078057,320.3900
1628396420934000,0,0.07784543,320.2500
1628398633509000,0,0.16189492,319.5900
1628398633568000,1,0.30706572,318.9900
1628400108244000,1,26.52624471,319.7400
1628400135810000,0,3.97261000,320.7200
1628400135810000,0,4.66403055,320.7300
1628400142794000,1,8.00352904,320.2000
1628401684373000,0,5.90265390,322.3000
1628401684374000,0,0.68268486,322.3000
1628401684484000,1,0.54062500,322.4600
1628401684505000,0,0.23248563,322.4600
1628402490978000,1,0.23780739,322.3100
1628403367814000,0,0.07809171,324.3200
1628403406158000,0,0.07784543,324.6600
1628403409451000,0,10.22041108,325.0000
1628403409451000,0,0.77958892,325.0000
1628405197157000,0,1.74858064,327.3900
1628405260502000,0,3.05119120,327.3900
1628405533529000,1,25.98293958,326.7500
1628405534139000,1,2.43303593,326.7500
1628405792247000,0,6.50155054,326.5900
1628405792247000,0,0.22057132,326.6300
1628405792247000,0,8.58009696,326.6600
1628406301316000,0,2.45137889,326.7100
1628406611266000,0,0.25528018,327.6400
1628407857728000,1,3.06982195,325.4100
1628407858395000,1,0.21410192,325.0900
1628407858395000,1,3.07331930,325.0300
1628407858395000,1,0.21126287,325.0200
1628407858395000,1,1.36488921,324.9500
1628407858395000,1,3.13995574,324.9300
1628408134402000,1,2.04824796,324.4200
1628408238625000,0,2.00000000,325.2400
1628409522547000,1,0.31644568,322.8800
1628410206334000,1,0.32134151,324.7200
1628410447715000,1,3.90400000,325.0800
1628411586391000,1,0.15570814,322.4900
1628411879265000,1,5.92710426,322.0100
1628411879265000,1,8.29785115,321.8800
1628411879265000,1,0.22256297,321.8700
1628411879265000,1,13.96845713,321.8200
1628412244889000,1,0.22298186,322.4400
1628412244889000,1,0.56701315,322.4000
1628413012312000,0,1.00000000,321.2800
1628417953039000,1,17.00000000,319.3000
1628418844640000,1,0.45277043,318.1600
1628419410557000,1,2.45752997,317.2000
1628419569574000,1,4.00054000,317.3900
1628419569574000,1,5.99946000,317.3800
1628419893593000,1,5.99982567,317.8400
1628419893593000,1,8.62356849,317.8400
1628420612182000,1,4.64412194,319.3800
1628420612182000,1,3.97723000,319.2500
1628420612182000,1,6.68086688,319.2500
1628420914919000,1,26.61583968,318.8400
1628420915523000,1,4.42122231,318.8400
1628421442076000,0,1.00000000,316.7400
1628422016467000,1,2.04824796,316.7300
1628425276438000,1,1.00000000,320.4300
1628425385027000,0,0.21928124,321.5400
1628425385027000,0,0.21678064,321.5900
1628425385027000,0,0.21477904,321.6900
1628425385027000,0,17.00000000,321.7000
1628425385027000,0,0.21924391,321.7700
1628425385027000,0,54.62000000,321.8500
1628425385027000,0,0.44705692,322.1000
1628425385027000,0,0.44720317,322.1100
1628425385027000,0,1.11791677,322.1100
1628425385027000,0,2.00000000,322.3900
1628425385027000,0,7.21784736,322.4600
1628425385027000,0,1.06682036,322.4700
1628429189652000,0,0.21093922,321.1500
1628429189652000,0,6.60867286,321.1700
1628429189652000,0,0.22032683,321.2400
1628429189652000,0,1.01037184,321.2900
1628431004326000,0,0.38721574,319.6000
1628431004352000,0,0.00000001,319.6000
1628431004372000,1,0.22220254,319.4600
1628431004372000,1,2.65209561,319.4600
1628431004372000,1,10.38700000,319.4600
1628431004372000,1,0.21928299,319.3800
1628431004372000,1,17.55648085,319.3600
1628432150521000,1,0.20790515,317.3000
1628432150521000,1,0.21989984,317.2100
1628432150521000,1,43.05000000,317.1600
1628432150521000,1,0.21817106,317.1100
1628432150521000,1,3.33865008,317.1100
1628432150521000,1,4.67475379,316.9900
1628432150521000,1,0.20720870,316.9900
1628432150521000,1,1.97900000,316.9700
1628432150521000,1,7.45103828,316.9600
1628432150521000,1,6.67208122,316.9400
1628432150521000,1,6.34200000,316.8300
1628432150521000,1,6.67535038,316.8200
1628432150521000,1,2.00000000,316.8200
1628432150521000,1,13.34940230,316.6500
1628432150521000,1,6.80000000,316.2100
1628432150521000,1,11.37285435,316.2000
1628432151123000,1,0.21676386,317.4200
1628432151123000,1,0.21174190,317.3200
1628432151123000,1,0.22396297,317.3100
1628432151123000,1,7.39784202,317.3000
1628432299326000,1,1.10009101,316.9000
1628432326952000,0,1.00000000,317.0800
1628432720491000,1,5.62714565,316.2000
1628432733808000,1,1.00000000,316.1100
1628433020928000,1,0.14925601,315.2800
1628433022396000,1,11.00000000,315.0000
1628433022396000,1,2.42193650,315.0000
1628433086805000,0,0.36507937,314.7300
1628433189470000,1,0.06969696,314.2900
1628433194726000,1,2.27142720,313.9700
1628433195126000,1,1.67851988,313.3800
1628433254659000,1,1.00000000,314.0000
1628433672792000,1,1.00000000,312.4500
1628433673089000,1,3.00000000,312.0300
1628434003094000,0,0.22241384,312.3900
1628434003094000,0,6.79539339,312.4100
1628434003094000,0,27.60430548,312.4600
1628434333393000,0,0.21279314,311.5200
1628434333393000,0,0.21330106,311.5300
1628434333393000,0,0.22133125,311.6000
1628434333393000,0,0.47431398,311.6800
1628434594940000,1,1.00000000,310.2800
1628434629052000,0,0.09024107,310.2100
1628434629315000,1,0.37369736,310.0000
1628434631730000,1,0.62630264,310.0000
1628434631730000,1,0.80000000,310.0000
1628434631730000,1,0.32257031,310.0000
1628434633629000,1,0.21519234,309.5900
1628434633629000,1,2.73657718,309.5700
1628434633629000,1,0.07076923,309.5200
1628434633629000,1,0.30000000,309.5100
1628434633629000,1,0.21843514,309.5100
1628434633629000,1,10.38700000,309.4700
1628434633629000,1,3.83093742,309.4600
1628434633629000,1,5.46622580,309.4500
1628434633629000,1,0.21533488,309.3900
1628434633629000,1,6.34200000,309.3800
1628434633629000,1,44.70000000,309.3400
1628434633629000,1,0.21200566,309.3200
1628434633629000,1,0.22491127,309.2500
1628434633629000,1,5.47333537,309.1200
1628434633629000,1,2.58204261,308.9400
1628434633629000,1,10.94771854,308.9300
1628434633629000,1,2.00000000,308.6900
1628434633629000,1,3.01538596,308.3200
1628434818389000,0,0.29811752,309.2000
1628434821609000,0,2.00000000,309.5500
1628434890900000,0,0.24739937,309.3800
1628434921388000,0,0.15258796,310.7900
1628434921679000,0,0.12775393,310.7900
1628434921679000,0,0.28031322,311.0000
1628434921679000,0,0.59018051,311.0200
1628436313555000,0,1.02002693,310.2400
1628436378379000,1,1.50000000,309.5000
1628436524318000,0,0.22480913,308.3800
1628436524318000,0,0.17519087,308.4200
1628436528211000,1,0.30000000,308.1100
1628436661123000,0,1.20000000,307.5100
1628436661580000,1,0.14000000,307.2500
1628436663720000,1,0.21171735,307.2400
1628436663720000,1,0.22137940,307.2200
1628436663720000,1,0.21239494,307.1200
1628436663720000,1,2.18053117,307.0900
1628436915522000,0,0.30000000,309.9000
1628437224630000,1,0.25528018,308.8200
1628438465943000,0,0.22288164,308.1000
1628438465943000,0,0.10086378,308.1400
1628438470389000,1,0.30000000,308.0100
1628438491132000,1,0.24680561,307.6700
1628438580248000,0,0.22008249,307.5600
1628438580248000,0,0.10819131,307.6200
1628438643013000,1,0.30000000,306.5600
1628438724990000,0,0.30000000,308.3000
1628439268350000,0,0.30000000,309.9000
1628439300538000,1,5.19300000,310.0000
1628439300568000,1,3.03003225,310.0000
1628441136959000,0,4.81213844,308.1100
1628441532618000,1,0.30000000,305.5600
1628441919852000,0,0.22289036,305.9900
1628441919852000,0,0.21266883,306.0700
1628441919852000,0,0.41503567,306.1400
1628441919852000,0,0.21024952,306.1500
1628441919852000,0,1.03757400,306.1900
1628441919852000,0,1.02539038,306.2000
1628442243511000,1,0.07187500,304.7600
1628442244195000,1,1.00000000,304.2000
1628442460840000,1,3.00000000,303.0000
1628442720446000,1,0.21827100,303.0800
1628442720446000,1,3.17762721,302.9900
1628442780575000,1,1.00000000,303.0000
1628442912527000,0,0.37174782,302.3200
1628442914263000,0,28.00289848,302.4300
1628442914785000,0,0.37173803,302.5100
1628442914785000,0,27.62604307,302.5100
1628442917682000,0,0.34932316,302.7500
1628442922107000,0,0.87336901,303.0200
1628442922107000,0,0.34932316,303.0200
1628442955879000,0,0.30232897,303.3700
1628442955879000,0,0.19767103,303.3800
1628443367062000,0,0.21765907,303.2600
1628443367062000,0,0.22230409,303.3600
1628443367062000,0,0.73306339,303.3600
1628443367062000,0,0.90259814,303.4600
1628444273914000,0,0.22935850,304.9000
1628444273914000,0,0.16634155,304.9500
1628444331256000,0,0.16252858,306.1000
1628444926195000,0,0.21833198,305.3400
1628444926343000,1,0.28166802,305.3500
1628445750414000,1,27.99189362,303.0000
1628445750906000,1,22.04860142,303.0000
1628445809389000,1,0.20000000,303.0000
1628446538501000,0,0.18036791,303.7400
1628446539322000,0,27.45091811,303.7400
1628446972807000,1,0.21001604,302.0800
1628446972807000,1,8.01301621,302.0200
1628447815067000,0,0.26835835,304.7100
1628447815067000,0,3.09352365,304.7200
1628449046564000,1,0.22745192,301.0000
1628449046564000,1,0.00000001,301.0000
1628449073592000,1,0.32809462,300.6000
1628449089581000,1,0.21412948,301.1100
1628449089581000,1,0.22409790,301.0500
1628449089581000,1,0.22019064,300.9700
1628449089581000,1,2.70346398,300.9600
1628449097119000,1,0.21087174,301.5300
1628449097119000,1,0.18482830,301.5000
1628449242600000,1,1.12173943,300.7400
1628449357296000,1,1.96882825,301.2000
1628449357296000,1,0.10679644,301.1300
1628449595896000,1,0.07301587,300.0000
1628449595896000,1,1.00000000,300.0000
1628449595896000,1,0.16667843,300.0000
1628449595896000,1,0.11536686,300.0000
1628449596327000,1,1.00000000,299.6100
1628449656789000,1,0.50000000,299.4200
1628449658642000,0,0.08344181,299.5900
1628449718762000,1,1.00000000,299.8000
1628449833042000,0,0.22240052,299.7600
1628449833042000,0,0.06445739,299.7900
1628449846009000,1,27.25332513,299.1900
1628449909726000,0,0.40108292,298.8200
1628449929800000,0,1.59891708,298.8200
1628450319465000,1,2.12061742,299.5300
1628450319558000,0,24.99351390,299.4300
1628450338720000,1,1.41373466,299.3800
1628450338784000,0,0.21728458,299.2800
1628450338952000,0,11.92604642,299.2800
1628450582730000,0,0.16456161,300.1000
1628450597363000,1,0.21353972,299.5400
1628450597363000,1,0.20766608,299.5200
1628450597363000,1,0.20946861,299.4500
1628450597363000,1,29.89121350,299.4000
1628450717153000,1,0.70290529,300.9900
1628450717419000,0,0.22315993,301.2800
1628450717419000,0,0.21675893,301.3500
1628450717419000,0,0.26028781,301.4300
1628450717419000,0,0.22337463,301.4400
1628450717419000,0,0.07675091,301.5400
1628450721189000,1,0.64711729,300.9900
1628450775305000,1,0.21127677,301.7500
1628451033158000,0,3.31774469,303.6400
1628452342102000,0,0.20000000,301.7200
1628452433766000,0,0.09793849,301.7800
1628452806384000,1,3.28353222,303.7300
1628452806384000,1,8.21554581,303.7300
1628453912275000,0,2.00000000,306.9000
1628453912439000,0,0.38016528,307.3400
1628455714421000,0,3.07439800,302.0500
1628456030344000,0,5.19800000,304.7200
1628456043653000,0,5.19800000,304.7200
1628456044699000,0,6.95400775,304.7200
1628456044730000,0,27.81397215,304.7200
1628456045251000,0,4.87651514,304.7200
1628458154916000,1,0.21578992,306.0500
1628458154916000,1,0.78421008,306.0100
1628459371433000,0,0.22240052,308.0000
1628459371433000,0,0.06445739,308.0000
1628459378314000,0,0.61659480,308.1100
1628460455961000,0,0.30000000,309.4000
1628460971567000,0,1.00000000,311.0000
1628461010160000,1,0.40108292,310.8400
1628461317532000,0,0.30000000,311.4000
1628462177305000,0,0.32119568,309.7800
1628464344465000,0,1.47255492,313.1000
1628464351900000,0,2.11713882,313.0000
