timestamp ms,type,amount,price
1628295356251000,1,0.30000000,310.1100
1628295356418000,1,3.00000000,309.9800
1628296257399000,0,0.30000000,312.3000
1628301053425000,0,0.27036488,317.0900
1628301171906000,1,6.70197030,316.5800
1628301171906000,1,13.38671370,316.5300
1628301171906000,1,9.38200013,316.4900
1628303156878000,0,0.07825595,318.5700
1628304166657000,0,5.02529901,319.3800
1628306534429000,1,1.13172043,317.4000
1628309275476000,0,0.44463711,322.0000
1628309359609000,0,0.07737670,322.1900
1628309437268000,0,4.01670000,322.2600
1628309592385000,0,0.00007885,322.2600
1628309747018000,1,0.60358227,321.9000
1628310145916000,1,6.48300000,321.4200
1628311228941000,0,0.62349135,321.4800
1628313470826000,0,0.20865970,322.6400
1628313470826000,0,0.09972737,322.6600
1628313721962000,0,3.38236936,322.2800
1628314352015000,0,0.21939612,322.0000
1628314352015000,0,0.21585302,322.0800
1628314352015000,0,2.66764275,322.0800
1628314919436000,0,0.10000000,323.0000
1628315167978000,1,0.68970951,323.5600
1628315376633000,0,0.30706572,323.8200
1628316025272000,1,0.10000000,321.1100
1628317062533000,0,3.76500375,321.6700
1628317176864000,0,1.54786656,322.2500
1628318096025000,1,0.22411176,317.9600
1628318096025000,1,0.14929133,317.9500
1628318775792000,1,0.30000000,318.2000
1628319534632000,1,6.64269959,319.4100
1628319534632000,1,0.21655476,319.3800
1628319534632000,1,10.38700000,319.3100
1628319534632000,1,0.22330792,319.2800
1628319534632000,1,9.29977942,319.2700
1628319534632000,1,0.22485583,319.2100
1628319534632000,1,3.09623644,319.1300
1628319534632000,1,3.09617543,319.1300
1628319534632000,1,0.21155826,319.1200
1628319534632000,1,13.28964198,319.0200
1628319534632000,1,6.69908372,319.0200
1628319673981000,1,1.03163088,319.3000
1628321447770000,0,0.22229107,320.0000
1628321447770000,0,0.20982795,320.0500
1628321447770000,0,0.71655925,320.1600
1628321447770000,0,0.81580574,320.1700
1628323169355000,1,2.00000000,320.1300
1628324548333000,0,0.78999501,321.0400
1628325412263000,1,0.44684782,318.9900
1628325412729000,1,1.26554007,318.9900
1628325998756000,0,0.70000000,321.0000
1628326126915000,1,1.63477422,320.8400
1628326964840000,0,0.21140990,321.7900
1628326965517000,0,0.21140850,321.8000
1628327174617000,0,0.10000000,324.3300
1628327174617000,0,0.10772738,324.3300
1628327174617000,0,0.07817262,324.3300
1628327174735000,0,0.00008333,324.3300
1628327206378000,0,6.53515421,325.0000
1628327206381000,0,5.12206454,325.0000
1628327206381000,0,0.07076923,325.0000
1628327307787000,0,0.09092308,324.6500
1628328133579000,0,0.38340000,326.6400
1628328133661000,0,0.00004281,326.6400
1628328265384000,1,3.00000000,326.7000
1628328422677000,0,0.22014431,326.9600
1628328422677000,0,1.25072229,326.9700
1628328422677000,0,29.05102131,326.9800
1628328645403000,0,0.10000000,327.3300
1628328673603000,0,7.05383308,328.1800
1628329081510000,1,0.17000000,328.8300
1628329275888000,0,0.22235488,329.2800
1628329275888000,0,0.21024040,329.3100
1628329275888000,0,0.47422510,329.4400
1628329491625000,0,4.63111165,328.8800
1628329770744000,1,0.07000000,329.1700
1628330152812000,0,1.00000000,329.5300
1628330153141000,0,0.23323333,330.0000
1628330153141000,0,0.06966667,330.0000
1628330153220000,0,0.00003029,330.0000
1628330188006000,0,0.20570664,330.9200
1628330330503000,0,0.79429336,330.9200
1628330463055000,0,1.29189842,330.8000
1628330549779000,0,1.77163680,331.6100
1628330550491000,0,0.07934301,331.8600
1628330558450000,0,0.29598073,332.1500
1628330665874000,0,0.46441571,332.4000
1628330665874000,0,6.40047000,332.6100
1628330665874000,0,0.50710193,332.6300
1628330665874000,0,8.96342281,332.6400
1628330665874000,0,6.85414618,332.7100
1628330665874000,0,22.97814090,332.8300
1628330850680000,0,0.13051877,334.0000
1628330850680000,0,0.07737670,334.0000
1628331013820000,0,8.96600311,334.6900
1628331023199000,0,0.62000000,335.0000
1628331023199000,0,0.80458232,335.0000
1628331023199000,0,0.06865671,335.0000
1628331023199000,0,1.00000000,335.0000
1628331246252000,0,0.21048426,333.8800
1628331246252000,0,0.78951574,333.9000
1628331334052000,1,6.38524926,333.0100
1628331334052000,1,0.22228156,333.0000
1628331334149000,0,6.38524926,333.0000
1628331334169000,0,25.54291532,333.0000
1628331334702000,0,7.63200213,333.0000
1628331612684000,0,0.23160050,334.2400
1628331668537000,1,5.58051882,332.7400
1628331669127000,1,2.10000000,332.2600
1628331669127000,1,0.90000000,331.9200
1628332144673000,1,0.67809171,331.3200
1628333140823000,0,0.64300411,331.5400
1628333140823000,0,2.36541347,331.6200
1628333612078000,1,1.00000000,330.9300
1628334590147000,1,0.21398979,329.7800
1628334590147000,1,3.16837957,329.6600
1628334618188000,0,0.07944498,330.1200
1628335177295000,0,0.24230404,330.9900
1628335177295000,0,0.50913694,331.0500
1628335279804000,1,0.10542537,331.2900
1628335417448000,0,0.21169796,333.4100
1628335417448000,0,3.35688561,333.4900
1628335473596000,1,0.65923231,332.6900
1628336408329000,0,0.22212788,331.9800
1628336408329000,0,1.25822921,332.0600
1628336463370000,1,0.06100000,331.9200
1628336785298000,1,0.07000000,331.2200
1628336921792000,1,0.29590000,331.3700
1628337220184000,1,0.07353340,332.5900
1628337229320000,1,1.00000000,332.4900
1628337512007000,0,0.07436907,335.2200
1628337544193000,0,0.07453137,334.4900
1628337693195000,0,0.18500000,335.3000
1628337693195000,0,0.22579879,335.3000
1628337701522000,1,0.32246622,335.5300
1628337902324000,0,0.28372715,336.0000
1628337902339000,0,0.01627285,336.0000
1628337928362000,0,0.05962156,336.1200
1628337964510000,0,0.24873431,336.6500
1628338048946000,0,0.21229663,337.7400
1628338048946000,0,3.07324337,337.9000
1628338315101000,0,0.08859669,336.9200
1628338472317000,1,0.62190988,336.1200
1628338497648000,1,3.28554000,335.9700
1628339034636000,0,4.00000000,337.5000
1628339133324000,1,0.06000000,337.8600
1628339149608000,0,0.10000000,338.4000
1628339660272000,0,5.57514902,338.6700
1628339660274000,0,3.23163955,338.6700
1628339660274000,0,0.12971190,338.7400
1628339660274000,0,0.34745873,338.7500
1628339660274000,0,0.32427974,338.8400
1628339660274000,0,1.54205910,338.8500
1628339660274000,0,11.04459708,338.8500
1628339660274000,0,10.38700000,338.8900
1628339660274000,0,0.84335710,338.9000
1628339660274000,0,3.40475000,339.0000
1628339660301000,0,5.57514902,339.0100
1628339660317000,0,5.57486090,339.0100
1628339660342000,1,18.89029582,339.0000
1628339676182000,0,25.07959419,339.4400
1628339713907000,0,0.12713187,339.3600
1628340051277000,1,0.21664081,333.4200
1628340051277000,1,0.21423670,333.3300
1628340051277000,1,5.15597737,333.2300
1628340051282000,1,1.21545074,333.2300
1628340051282000,1,4.37140414,333.1800
1628340051286000,1,4.53900309,333.1800
1628340051286000,1,1.04785179,333.1700
1628340051324000,1,5.58527386,333.1700
1628340051324000,1,6.09602754,333.1700
1628340079392000,0,0.21297094,333.4700
1628340079392000,0,0.21823686,333.4900
1628340079392000,0,0.21285125,333.5800
1628340079392000,0,8.94402485,333.6300
1628340079392000,0,0.33753619,333.7800
1628340079392000,0,6.75014404,333.7900
1628340079392000,0,3.55091549,334.1700
1628340115728000,1,0.22211452,332.2100
1628340115728000,1,6.26088548,332.0700
1628340157084000,0,3.29924049,333.1100
1628340205418000,0,25.61971044,332.1000
1628340710762000,0,0.29659741,330.3000
1628340711354000,1,1.00010001,329.9300
1628340712041000,1,2.89315974,329.9300
1628340712071000,1,0.61484542,329.9300
1628340737690000,1,1.39258641,329.4200
1628340836122000,1,3.29924049,328.6700
1628340864028000,1,0.21832067,328.2400
1628340864028000,1,0.68849971,328.1900
1628340926182000,1,0.64652568,327.6600
1628340926323000,1,3.08207590,327.2000
1628340981988000,1,1.03201959,326.4600
1628340982094000,1,1.75279548,326.2700
1628341078657000,1,0.21207220,328.5600
1628341078657000,1,0.21426173,328.5500
1628341078657000,1,1.57366607,328.4000
1628341359448000,0,3.40347071,326.8300
1628341395359000,1,0.08859669,326.3600
1628341986052000,0,0.24440979,327.8700
1628342163025000,0,4.05847935,328.1500
1628342593905000,1,7.00585730,328.0800
1628342593905000,1,0.20848770,328.0500
1628342593905000,1,0.22347294,327.9500
1628342593905000,1,6.47268027,327.9300
1628342593905000,1,0.21605723,327.8600
1628342593905000,1,6.10012418,327.8200
1628344777485000,1,4.42342962,324.6600
1628344777826000,1,1.00000000,324.6500
1628344927253000,1,1.50000000,325.1200
1628344995614000,1,0.54062500,325.5300
1628345146794000,1,0.54062500,325.2500
1628345356831000,1,0.22168151,324.8900
1628345356831000,1,2.17519349,324.8400
1628345805633000,0,5.65708717,326.8000
1628345861903000,1,6.53321264,326.6800
1628345874048000,0,0.06500000,326.9200
1628345939484000,0,0.16629969,326.8300
1628346202666000,1,0.50000000,325.7600
1628346972214000,1,3.10289190,326.4700
1628347426516000,0,0.22362026,327.1700
1628347426516000,0,0.21346346,327.2400
1628347426516000,0,1.49306150,327.2500
1628349105151000,0,0.30000000,326.9400
1628349241197000,1,7.06792835,326.7900
1628349270827000,1,0.22225592,327.0100
1628349270827000,1,0.21644326,326.9000
1628349270827000,1,1.59054050,326.8500
1628349778996000,1,0.20786664,327.3500
1628349778996000,1,0.79213336,327.2700
1628349948965000,0,5.19800000,327.1600
1628350371108000,0,0.20876004,328.1300
1628350371108000,0,0.67061631,328.1900
1628351703853000,0,0.21766377,324.7400
1628351703853000,0,0.20976039,324.8100
1628351703853000,0,0.57286007,324.8500
1628351769618000,1,11.64247733,325.3500
1628351931153000,0,0.07656869,325.5900
1628352340225000,1,0.10000000,321.1600
1628352340225000,1,0.10000000,321.1600
1628352340225000,1,0.10000000,321.1600
1628352416267000,0,0.09657481,321.1000
1628352439975000,0,0.40067415,320.4200
1628352573056000,1,1.00000000,321.5000
1628352587948000,1,0.21870085,321.2200
1628352587948000,1,0.58768652,321.0600
1628352589396000,1,0.21851210,321.2200
1628352592848000,1,0.22158647,321.3400
1628352592848000,1,0.04068006,321.2900
1628352865822000,1,1.00000000,320.5900
1628352874031000,1,0.58830141,320.5800
1628352995163000,1,2.00000000,320.0000
1628352995163000,1,0.02923967,320.0000
1628352996425000,1,0.97176044,320.0000
1628353044517000,1,0.06865671,319.0500
1628353053622000,1,0.50000000,318.2600
1628353055499000,1,3.10000000,318.0000
1628353055499000,1,3.00000000,318.0000
1628353088660000,1,0.21967121,317.4400
1628353088660000,1,0.22278593,317.4300
1628353088660000,1,0.20802567,317.4100
1628353088660000,1,0.21165585,317.3300
1628353088660000,1,0.13814557,317.2900
1628353202897000,1,26.74225304,317.5300
1628353203470000,1,19.30774696,317.5300
1628353253292000,0,0.14421594,316.5200
1628353255281000,0,1.08380785,317.2000
1628353273808000,0,1.85154265,317.6200
1628353273899000,0,0.90886099,317.6200
1628353902794000,1,1.00000000,319.2500
1628353970109000,1,6.64210303,318.9600
1628353970109000,1,10.38700000,318.8300
1628353970109000,1,9.29894424,318.8300
1628353970357000,0,26.57197149,318.8000
1628353970414000,0,6.20412161,318.8000
1628354004644000,0,0.21015706,319.5800
1628354004644000,0,0.22152263,319.5900
1628354004644000,0,0.21658660,319.6700
1628354004644000,0,3.44121528,319.7200
1628354396131000,1,0.22028920,321.7600
1628354396131000,1,0.20656055,321.6600
1628354396131000,1,1.50329547,321.6000
1628354503343000,0,0.61768631,322.1700
1628354640372000,0,0.07761036,321.2200
1628355036005000,0,0.06177438,322.1400
1628355311071000,1,0.19122711,322.0400
1628355588327000,1,0.21780187,322.3900
1628355588327000,1,0.22209064,322.3000
1628355588327000,1,0.21768665,322.2900
1628355588327000,1,1.38716162,322.2300
1628355736591000,1,2.04474079,321.2300
1628359243567000,1,0.35671480,316.9300
1628359719778000,1,6.68142992,317.0000
1628359719778000,1,4.00685000,316.8900
1628359719778000,1,10.38700000,316.8000
1628359719778000,1,9.35717548,316.7900
1628359719867000,0,6.68161118,316.5000
1628359719895000,0,6.68142992,316.5000
1628359719958000,0,1.14420000,316.5000
1628359719971000,0,9.28856614,316.5000
1628360042145000,1,26.65489401,318.1900
1628360042724000,1,21.53640678,318.1900
1628360203191000,1,5.34917355,317.8300
1628362214297000,0,0.22268061,320.2000
1628362214297000,0,2.14826447,320.2900
1628362484942000,1,0.07826086,319.7000
1628364194597000,0,2.04804025,319.9400
1628364282489000,0,2.04845567,319.8800
1628366336073000,0,0.21987036,321.1700
1628366336073000,0,0.08991202,321.2500
1628366448456000,0,0.21716170,321.1100
1628366456212000,0,0.45531021,321.8200
1628366456228000,0,1.45025315,321.8200
1628366649755000,1,0.90162192,319.9900
1628367064979000,1,0.63006269,319.0000
1628367098021000,0,0.21868679,319.1400
1628367098021000,0,0.23166743,319.2500
1628367098021000,0,0.64973679,319.2500
1628367780007000,0,0.22015561,320.7600
1628367780007000,0,0.09097476,320.7800
1628368195328000,1,0.22829153,319.8900
1628368195328000,1,0.04971693,319.7900
1628368439212000,1,0.15398986,320.3800
1628369044538000,1,2.45752997,321.0500
1628369293741000,0,0.22480076,320.2500
1628369293859000,1,0.21937231,320.2900
1628369293940000,1,0.38974307,320.2900
1628369991246000,0,0.21871249,320.2500
1628369991246000,0,6.62743882,320.3500
1628369991246000,0,0.20939986,320.3600
1628369991246000,0,9.28061087,320.3900
1628369991246000,0,0.55829468,320.5300
1628369991246000,0,0.22639677,320.5400
1628369991246000,0,0.23162502,320.5400
1628369991246000,0,1.39569181,320.5500
1628369991246000,0,45.52000000,320.6100
1628369991246000,0,3.62868418,320.6300
1628369991246000,0,10.38700000,320.6300
1628369991246000,0,2.00000000,320.6500
1628369991246000,0,3.95987000,320.6600
1628369991246000,0,13.25977954,320.6700
1628369991246000,0,13.25154754,320.7200
1628369991246000,0,3.80326357,321.0500
1628370482498000,1,0.42799560,321.5400
1628371051163000,0,0.45950737,323.0300
1628371141158000,0,6.57810138,322.6700
1628371141158000,0,0.21858789,322.7400
1628371141158000,0,9.20951584,322.8100
1628371141158000,0,0.22072274,322.8400
1628371141158000,0,0.40360123,322.9200
1628371141158000,0,4.05674157,322.9400
1628372645655000,1,1.30281370,322.3100
1628372646108000,1,1.21385835,322.3100
1628372819811000,0,6.57994335,322.6100
1628372819811000,0,0.23162502,322.8100
1628372819811000,0,7.81182579,322.8200
1628373625972000,1,0.22141323,319.5400
1628373625972000,1,0.21192543,319.4700
1628373625972000,1,0.12514207,319.4000
1628373808237000,1,0.17607669,319.8600
1628374245377000,1,1.50000000,319.3400
1628379983067000,0,0.31612203,324.4600
1628380175138000,0,0.07761036,325.0000
1628380175138000,0,2.37088964,325.0000
1628380177146000,0,0.00005544,325.0000
1628380417552000,0,5.80736892,327.2900
