timestamp ms,type,amount,price
1624924820243000,0,0.11000000,190.4900
1624924894839000,1,0.11000000,190.0100
1624924953236000,0,0.33333137,189.7600
1624924971788000,0,0.44106154,189.7000
1624924971788000,0,0.07801519,189.7500
1624925245176000,1,0.43250000,192.1200
1624925245567000,1,5.32202841,192.1200
1624925618147000,1,0.18217781,191.5900
1624925691319000,1,0.18268177,191.0000
1624925783575000,0,0.35454843,191.3800
1624925847397000,1,0.26126032,190.6500
1624925876154000,0,0.11000000,191.2600
1624926172849000,1,0.43250000,192.5000
1624926233036000,0,1.08119475,192.6000
1624926233057000,0,0.00000001,192.6000
1624926394982000,0,0.29790369,193.1100
1624926560643000,0,0.43250000,193.3500
1624926745915000,1,0.42414307,194.2500
1624926745915000,1,0.22752895,194.2300
1624928121187000,0,5.12056808,195.4200
1624928121187000,0,2.38640548,195.4400
1624928373649000,0,2.63099314,195.7500
1624928488554000,1,0.43250000,194.5400
1624928492107000,1,4.68679031,194.5400
1624928567013000,1,0.43250000,194.9100
1624932050758000,0,0.43250000,194.3100
1624932696506000,0,6.12225805,195.8200
1624932696528000,0,0.43250000,195.8200
1624932700400000,0,0.46096069,196.2500
1624932704331000,0,0.44194147,196.4300
1624932704331000,0,0.42004181,196.4400
1624932704331000,0,0.44086841,196.4700
1624932704331000,0,5.09200884,196.5100
1624932704331000,0,1.02705141,196.5300
1624932704334000,0,2.83905014,196.5300
1624932785286000,0,0.42620000,196.9900
1624932791362000,0,0.42146425,198.8100
1624933464286000,0,0.43250000,196.8700
1624936861054000,0,0.43250000,194.9300
1624936864471000,0,0.43250000,194.9300
1624936867473000,0,4.26807893,194.9300
1624937363466000,1,0.10500000,194.6100
1624940132389000,0,0.41612853,197.6800
1624940132389000,0,2.15018317,197.6900
1624940384268000,1,2.56631170,196.5500
1624941541250000,0,3.64155412,198.4400
1624941591787000,1,2.00000000,198.3600
1624941591787000,1,1.90073603,198.3600
1624941772238000,0,0.43393661,198.4600
1624941772238000,0,10.58005004,198.4700
1624941772238000,0,0.43321469,198.5100
1624941772238000,0,17.44888678,198.5600
1624941934411000,0,0.57591622,198.9700
1624942003421000,1,0.43250000,199.0000
1624942004578000,1,12.39625062,199.0000
1624942467382000,0,2.46025723,199.3700
1624942467415000,0,0.43250000,199.3700
1624942724078000,1,0.43250000,199.3000
1624942777055000,1,1.90073603,198.7900
1624942949435000,0,0.20000000,199.9000
1624942951381000,0,0.43250000,200.0000
1624943031840000,1,12.82875062,199.4500
1624943139985000,1,12.86803253,199.0000
1624944547290000,1,1.00000000,197.7000
1624945230388000,1,10.33054153,198.3600
1624945821372000,0,7.44559055,198.8500
1624945924558000,0,0.12525050,199.6000
1624945996876000,0,0.42176876,199.2800
1624946238222000,0,0.43250000,198.4100
1624946238264000,0,39.56750000,198.4100
1624946241191000,0,0.47805958,198.7200
1624946312248000,0,0.61630127,198.6200
1624946471889000,0,2.22345569,198.6100
1624946855152000,0,3.95796006,199.8100
1624947020097000,0,1.16492441,199.7700
1624947102674000,0,0.34876743,199.9900
1624947163729000,0,9.31144339,199.8700
1624947215780000,0,1.95167755,200.0000
1624947287361000,0,0.43250000,200.0000
1624947287428000,0,0.18332245,200.0000
1624947287428000,0,2.33674804,200.0000
1624947287428000,0,1.00000000,200.0000
1624947355230000,0,0.41924988,201.0200
1624947355230000,0,0.10198777,201.0400
1624947355230000,0,0.47855748,201.0600
1624947400980000,0,2.51162674,200.8300
1624947600492000,0,2.04179728,200.9700
1624947771364000,1,0.10023420,200.5200
1624947773151000,0,0.20895671,200.5200
1624947852140000,0,0.79256379,200.6400
1624947988669000,1,1.00000000,200.7500
1624948128264000,0,0.82189780,201.4600
1624948224200000,0,10.39370844,201.9800
1624948224200000,0,0.55844768,202.0400
1624948265074000,0,0.41574549,201.9300
1624948265148000,1,0.43250000,201.9900
1624948265163000,1,41.59887816,201.9900
1624948265200000,1,6.19506195,201.9900
1624948265204000,1,13.47836492,201.9900
1624948274608000,1,41.66857396,201.6000
1624948274838000,1,0.43250000,201.6000
1624948275039000,1,7.25288580,201.6000
1624948275090000,1,7.25288580,201.6000
1624948275157000,1,20.17232110,201.6000
1624948276119000,1,0.43249999,201.7600
1624948276173000,1,0.00000001,201.7600
1624948475621000,0,0.52000000,202.5000
1624948739828000,0,10.32933234,203.3300
1624948739935000,1,6.19648867,203.3300
1624948739936000,1,0.47417899,203.3300
1624948806512000,0,0.74455000,204.3000
1624948806512000,0,0.41688979,204.3600
1624948806512000,0,0.44600538,204.4700
1624948806512000,0,22.24000000,204.5300
1624948806512000,0,6.32011093,204.7200
1624948806512000,0,9.90000000,204.7500
1624948806512000,0,31.83481683,204.7700
1624948806512000,0,0.09996503,205.0800
1624948806512000,0,19.86489362,205.5900
1624948863046000,0,4.89928674,204.2300
1624948863046000,0,5.93005075,204.3100
1624948863356000,1,0.10023420,203.9200
1624948864226000,1,1.00000000,203.9200
1624949100659000,0,10.29795589,203.9200
1624949100659000,0,0.47460944,203.9800
1624949128347000,1,10.28947650,203.7400
1624949128347000,1,0.48308883,203.7300
1624949146786000,0,7.20496656,203.9900
1624949146787000,0,3.08847809,203.9900
1624949147989000,0,6.19812381,204.0400
1624949151435000,0,1.12421052,204.2500
1624949202621000,0,0.12236307,204.3100
1624949213030000,0,4.68571932,204.2400
1624949516298000,0,0.33759303,203.5100
1624949589640000,0,0.16940199,204.0700
1624949750349000,0,0.43250000,204.3600
1624949750828000,0,0.09923664,204.3600
1624949752411000,0,0.43250000,204.3600
1624949753186000,0,30.88478117,204.3600
1624949764314000,1,0.42990075,204.5800
1624949777507000,1,7.83560672,204.5400
1624949842097000,1,0.43250000,204.2100
1624949844452000,1,3.49164671,204.2100
1624949860718000,1,15.72194428,203.8800
1624949867123000,0,6.70952404,204.0100
1624950120491000,1,2.00000000,203.1000
1624950137427000,1,1.12421052,202.5100
1624950137972000,1,10.34538910,202.6000
1624950137972000,1,0.42198235,202.5100
1624950137972000,1,14.48398938,202.5100
1624950137972000,1,3.64472729,202.5000
1624950166102000,0,0.43250000,203.1700
1624950166603000,0,4.49235196,203.1700
1624950168644000,0,4.92361079,203.3700
1624950255496000,1,42.01000000,203.1500
1624950255496000,1,0.43820081,203.1200
1624950255496000,1,10.31977882,203.0700
1624950255496000,1,0.44248034,203.0700
1624950255496000,1,0.42854866,203.0200
1624950255496000,1,0.41889395,202.9700
1624950255496000,1,14.45228733,202.9300
1624950255496000,1,3.00000000,202.9200
1624950255496000,1,0.44782308,202.9100
1624950255496000,1,4.92626700,202.8600
1624950255496000,1,14.98295159,202.8200
1624950283726000,0,0.90641435,203.4500
1624950542379000,0,0.67759509,203.7100
1624950565275000,1,5.73637112,203.3700
1624950844664000,0,1.31701700,204.0900
1624950850293000,0,0.42886417,204.1600
1624950850293000,0,3.92757550,204.1700
1624950899570000,0,1.00000000,204.1700
1624950998233000,0,4.90260799,204.1100
1624951388250000,0,2.45242299,203.8800
1624951391599000,0,0.12262114,203.8800
1624951462909000,1,1.03071531,203.6500
1624951582929000,1,1.03016317,203.3700
1624951612947000,1,0.10000000,203.5600
1624951675856000,0,10.26976176,204.5800
1624951675856000,0,14.16501582,204.6600
1624951683767000,0,1.03071531,204.5700
1624951683767000,0,10.26620676,204.6700
1624951683767000,0,13.12801968,204.7500
1624951691496000,0,10.26620676,204.6700
1624951691496000,0,4.88809099,204.7400
1624951691496000,0,1.24397153,204.7500
1624951691496000,0,0.44106408,204.7500
1624951691496000,0,6.16425000,204.7800
1624951691496000,0,0.44016020,204.8100
1624951691496000,0,0.97911607,204.8300
1624951700170000,0,10.26890429,204.6000
1624951700170000,0,4.89060728,204.6100
1624951700170000,0,0.41848270,204.6200
1624951700170000,0,8.85705607,204.6600
1624951702958000,1,1.03014137,204.3700
1624951714655000,0,10.26836320,204.6100
1624951714655000,0,0.43699261,204.7300
1624951714655000,0,4.88749808,204.7400
1624951714655000,0,14.37199121,204.7500
1624951714655000,0,4.83977712,204.8200
1624951802259000,0,1.00126990,204.7400
1624951823297000,1,1.02618565,204.3100
1624951943331000,1,1.03016317,203.2500
1624951946219000,0,10.32183932,203.5400
1624951946219000,0,14.23776065,203.6200
1624951952645000,0,10.31737547,203.6300
1624951952645000,0,0.43079193,203.6500
1624951952645000,0,0.44308501,203.7200
1624951952645000,0,13.35628909,203.7300
1624951965653000,0,5.00000000,203.3100
1624951967581000,0,6.36375181,203.3000
1624951967581000,0,14.99025800,203.3200
1624952053111000,0,9.36191180,202.9500
1624952063245000,1,0.43673089,202.5000
1624952063245000,1,0.59769479,202.4700
1624952119377000,1,9.36191180,202.0500
1624952119697000,1,0.09923664,202.0500
1624952176596000,1,6.70104055,202.5700
1624952391009000,0,10.39905888,202.0600
1624952391117000,1,3.75742929,202.0600
1624952431245000,0,0.20000000,201.8000
1624952431542000,1,0.34876743,201.7000
1624952531259000,0,10.40482509,201.9100
1624952531259000,0,17.83388695,201.9300
1624952531259000,0,4.95506582,201.9300
1624952531259000,0,0.42449187,201.9400
1624952531259000,0,0.41375435,202.0100
1624952531259000,0,14.56494330,202.0100
1624952531259000,0,32.97000000,202.0200
1624952531259000,0,6.54707888,202.0300
1624952531259000,0,6.08455425,202.0500
1624952543675000,1,1.03889627,201.6600
1624952761755000,1,42.72000000,200.6900
1624952761755000,1,0.43401202,200.6200
1624952761755000,1,0.42359939,200.5100
1624952761755000,1,3.00000000,200.4900
1624952761755000,1,4.98398372,200.4500
1624952761755000,1,20.89056308,200.4400
1624952761755000,1,20.89120521,200.4300
1624952761755000,1,0.85523709,200.3300
1624952762084000,1,0.43250000,200.5900
1624952762084000,1,0.44739830,200.5900
1624952762084000,1,6.34200000,200.5100
1624952762084000,1,0.42543055,200.4800
1624952762084000,1,3.18200864,200.3300
1624952762173000,1,0.94449545,200.3300
1624952762173000,1,4.98398372,200.3300
1624952762173000,1,6.93955336,200.3200
1624952762220000,1,6.25702000,200.3400
1624952762220000,1,4.69513612,200.3300
1624953001335000,0,7.28192025,200.8700
1624953001353000,0,0.43250000,200.8700
1624953010490000,1,0.41680237,200.8100
1624953010490000,1,1.58319763,200.7800
1624953404158000,0,0.15870286,202.5500
1624953548506000,0,1.48529557,201.9800
1624953828385000,1,1.68892561,201.2300
1624953975473000,0,10.46337204,200.8400
1624954092994000,1,0.10000000,200.1600
1624954174343000,0,2.33172354,200.7600
1624954221920000,0,0.15917144,200.3500
1624954227111000,0,0.15916350,200.3600
1624954232018000,1,0.43250000,199.9500
1624954249521000,1,0.42607958,199.4200
1624954249588000,0,0.25151551,199.4200
1624954509793000,0,0.43392399,200.7300
1624954509793000,0,2.05657437,200.7700
1624954518361000,1,0.17432883,200.3700
1624954561545000,0,0.29185731,200.8500
1624954858286000,0,5.19800000,202.6000
1624954897004000,0,0.34716943,202.6100
1624955000377000,0,3.92868482,203.0200
1624955000781000,0,0.19869963,203.0200
1624955001354000,0,0.43250000,203.0200
1624955001386000,0,5.44011555,203.0200
1624955017986000,0,0.10000000,203.3000
1624955140485000,0,0.39224573,202.7000
1624955288594000,0,1.00000000,203.3000
1624955302100000,0,0.25129852,203.3000
1624955607964000,1,0.11000000,204.2800
1624955724770000,1,1.02935726,204.3500
1624955818701000,0,0.42426017,204.8700
1624955819690000,0,0.02293715,204.8700
1624955819690000,0,0.41224345,204.8700
1624955844954000,1,0.44410815,204.4300
1624955844954000,1,0.58258589,204.4000
1624955879095000,0,0.42611642,204.9200
1624955919195000,0,0.44471750,205.0400
1624955964940000,1,1.02509430,204.7500
1624956046468000,0,0.43877752,205.1500
1624956084933000,1,1.02509430,204.6400
1624956100349000,0,3.26832443,204.9500
1624956161692000,1,2.00000000,205.0000
1624956161692000,1,0.51162674,204.9900
1624956188474000,0,10.23530635,205.3400
1624956188474000,0,14.33278980,205.4100
1624956188474000,0,0.42367786,205.4400
1624956188474000,0,3.50276637,205.4900
1624956205024000,1,1.02425434,205.2800
1624956210822000,1,0.44310936,205.3300
1624956222546000,0,0.43287802,204.9900
1624956228042000,0,0.81522517,205.1600
1624956325113000,1,1.02349954,205.2400
1624956334227000,0,0.14568057,205.9300
1624956367188000,1,12.58336585,205.0000
1624956445202000,1,1.02349954,204.7300
1624956445724000,1,0.19869963,204.7300
1624956656573000,1,0.30000000,204.8900
1624956805612000,1,1.02530451,205.1500
1624956903946000,1,19.08884126,205.3100
1624956918526000,0,3.07319331,205.2100
1624956977097000,1,10.27548329,204.3700
1624956977097000,1,8.81335797,204.3600
1624957011441000,0,6.28481079,204.6400
1624957012869000,0,0.43161089,204.8100
1624957161537000,0,0.24314335,205.6400
1624957602971000,0,0.44951702,204.4000
1624957602971000,0,0.43117292,204.4300
1624957602971000,0,0.43918859,204.4600
1624957602971000,0,8.68012147,204.4700
1624957635088000,0,0.48933255,204.3600
1624957936044000,0,0.43250000,203.6800
1624957940883000,0,21.46503226,203.6800
1624958116902000,0,0.43250000,203.8900
1624958119415000,0,0.43250000,203.8900
1624958119461000,0,39.55000000,203.8900
1624958120430000,0,0.43250000,203.8900
1624958121891000,0,0.43250000,203.8900
1624958123207000,0,0.43250000,203.8900
1624958124315000,0,0.43250000,203.8900
1624958126112000,0,0.43250000,203.8900
1624958127365000,0,5.86060200,203.8900
1624958127369000,0,0.43250000,203.8900
1624958130104000,0,0.43250000,203.8900
1624958136011000,0,0.43250000,203.8900
1624958138075000,0,8.50410000,203.8900
1624958142889000,0,7.45289480,203.8900
1624958154335000,1,0.31800000,203.9700
1624958702607000,0,0.42937696,205.7800
1624958702607000,0,0.43111840,205.8100
1624958702607000,0,4.13950464,205.8600
1624958705408000,0,0.19768685,205.7800
1624958750091000,0,0.43575293,205.7400
1624958750091000,0,0.44772135,205.8000
1624958750091000,0,0.08845286,205.8400
1624959037358000,0,0.41870037,206.9500
1624959037358000,0,0.44975790,207.0300
1624959198330000,1,0.10000000,206.5500
1624959410800000,1,0.10000000,205.1100
1624959853005000,0,0.36017259,206.9300
1624960418411000,1,0.30171837,206.6800
1624960418749000,1,0.19768685,206.7300
1624960469655000,0,1.97392224,206.8700
1624960685709000,0,0.10000000,207.3000
1624960827605000,0,1.10171533,207.5400
1624960956102000,0,0.44094642,206.4600
1624960956102000,0,0.28553124,206.5000
1624960987836000,1,6.84155872,205.7400
1624960988031000,1,0.43250000,205.7400
1624960988756000,1,10.15910935,205.7400
1624961252809000,0,1.20000000,205.9300
1624961604559000,0,1.01486715,205.7300
1624961604986000,0,5.11348520,205.7300
1624961644973000,0,0.45879391,205.9100
1624961662819000,1,0.20000000,205.6100
1624962087554000,0,2.41440919,207.0900
1624962734382000,0,1.00000000,207.4800
1624962930036000,0,1.22000000,208.0000
1624963014399000,0,0.43366178,208.1300
1624963015081000,0,0.09815980,208.1300
1624963047092000,0,0.66817842,208.1300
1624963080119000,0,0.12319154,208.0500
1624963253256000,0,0.29048397,208.2900
1624963265657000,1,5.89145052,208.2000
1624963419426000,0,0.45405905,208.1700
1624963456941000,0,0.95633597,208.4300
1624963644417000,0,0.59183972,207.9000
1624963876811000,0,0.43250000,208.4600
1624963878222000,0,0.43250000,208.4600
1624963880895000,0,0.43250000,208.4600
1624963882392000,0,0.43250000,208.4600
1624963885064000,0,0.43250000,208.4600
1624963892735000,0,0.43250000,208.4600
1624963893114000,0,5.29645052,208.4600
1624964023596000,0,30.54044743,209.2700
1624964125226000,0,0.43250000,209.8000
1624964255420000,0,2.56750000,209.8000
1624964255747000,0,0.49365652,210.0000
1624964255747000,0,0.06618970,210.0000
1624964256031000,0,4.93381030,210.0000
1624964256031000,0,4.58956212,210.0200
1624964345097000,1,0.43250000,210.0000
1624964345118000,1,9.56750000,210.0000
1624964352280000,1,0.43250000,209.8000
1624964353016000,1,7.00000000,209.8000
1624964353016000,1,9.56749281,209.8000
1624964365415000,1,0.43250000,209.8000
1624964405021000,1,0.00000719,209.8000
1624964434488000,0,10.02950858,209.7000
1624964454500000,0,1.00597606,209.2600
1624964488059000,0,0.24654408,209.4800
1624964562211000,0,1.81626807,209.4500
1624964620155000,0,0.28613738,209.3600
1624964621117000,0,0.85712775,209.3600
1624964622180000,0,8.90170614,209.3600
1624964622180000,0,14.06809447,209.3700
1624964665571000,0,0.09756216,210.1300
1624964679646000,0,0.20000000,210.5400
1624964759185000,0,0.43250000,211.4500
1624964759597000,0,1.38376807,211.4500
1624964794845000,0,0.44580433,212.0800
1624964794845000,0,0.44398764,212.1700
1624964794845000,0,1.53705797,212.1800
1624964797817000,1,0.43250000,211.6600
1624964823455000,0,3.88637221,211.8800
1624964826209000,0,5.00000000,211.9200
1624964910033000,1,1.10171533,210.9600
1624964910567000,0,2.16866985,211.2500
1624964948711000,1,0.43802095,211.4200
1624964948711000,1,9.93375700,211.3800
1624964948711000,1,0.42098293,211.3500
1624964948711000,1,13.90444149,211.3400
1624964948711000,1,0.43538086,211.2900
1624964948711000,1,7.79241677,211.2500
1624965027641000,1,7.06667657,211.2300
1624965028094000,0,0.38925000,211.1400
1624965028340000,0,0.04325000,211.1400
1624965028340000,0,23.90259277,211.1500
1624965242779000,0,6.95493811,211.6600
1624965243225000,0,0.99155291,211.8000
1624965243272000,0,1.17711694,211.8000
1624965619482000,0,3.18597825,210.7300
1624965670136000,0,0.43270476,210.7400
1624965670545000,0,0.31385356,210.7400
1624966044460000,0,0.43668778,211.3700
1624966044460000,0,0.03641281,211.3900
1624966402687000,1,0.43250000,211.8500
1624966410344000,1,0.56749999,211.8500
1624966410344000,1,0.00000001,211.8500
1624966461493000,1,0.43250000,211.1700
1624966518405000,0,5.00000000,211.5100
1624966597473000,0,1.19127665,211.0400
1624966646350000,0,0.42863277,210.6400
1624966646350000,0,0.28341541,210.6900
1624966647015000,1,0.09815980,210.2700
1624966653540000,0,0.27846515,210.7900
1624967220308000,0,0.15824006,209.6800
1624967572453000,0,2.80676728,209.4800
1624967572453000,0,10.03775406,209.4900
1624967572453000,0,0.41623136,209.5400
1624967572453000,0,14.05285568,209.5800
1624967572453000,0,10.38700000,209.5800
1624967572453000,0,0.43287477,209.5900
1624967572453000,0,0.41869658,209.6500
1624967572453000,0,7.44782027,209.6600
1624967573014000,1,0.34716943,209.1300
1624967573746000,1,9.69329947,209.1300
1624967573746000,1,0.42844602,209.1100
1624967573746000,1,2.46162036,209.1000
1624967737818000,1,10.00000000,208.7000
1624967737850000,1,0.20895671,208.5700
1624967758650000,1,9.79104329,208.5700
1624967759155000,1,10.00000000,208.5500
1624967864438000,1,2.58455995,208.3300
1624967864440000,1,7.17877194,208.3300
1624967864674000,1,0.15824006,207.8400
1624968080587000,0,0.43250000,209.0700
1624968080588000,0,0.45859803,209.0700
1624968095392000,0,4.78839460,209.7300
1624968108270000,0,0.43250000,209.8200
1624968109934000,0,0.43250000,209.8200
1624968176267000,1,0.64545000,207.8900
1624968181494000,0,0.43250000,207.5300
1624968207910000,0,0.43250000,207.0600
1624968208048000,0,0.47391435,207.0600
1624968228076000,0,40.57369819,207.1100
1624968228679000,0,19.42630181,207.1100
1624968448331000,0,6.05353000,207.3300
1624968448906000,0,10.15332300,207.2700
1624968448911000,0,0.00000501,207.2700
1624968529562000,0,0.09600000,208.7900
1624968607772000,0,0.34763249,208.8700
1624968948078000,1,0.10000000,207.0100
1624969044037000,1,0.36179272,207.4500
1624969044334000,1,0.42502935,207.4300
1624969102414000,0,9.66977711,206.8300
1624969130327000,0,3.88637221,206.8200
1624969247746000,1,0.43250000,206.6300
1624969276739000,0,0.33368824,206.8200
1624969303561000,0,0.42634213,206.7800
1624969303561000,0,0.43041766,206.8300
1624969303561000,0,8.81312038,206.8300
1624969533368000,0,4.82680000,207.3600
1624969533400000,0,0.00000559,207.3600
1624969533660000,0,0.09925498,208.0500
1624969809734000,0,10.11003485,208.2200
1624969809734000,0,8.51235485,208.2600
1624969880170000,0,1.24692009,208.6100
1624969952883000,0,0.10000000,208.9000
1624970111500000,1,10.07894593,208.5500
1624970111500000,1,0.42747630,208.4900
1624970111500000,1,1.49357777,208.4800
1624970983544000,1,1.08860828,207.9600
1624970983545000,1,1.85675512,207.9600
1624970983549000,1,1.85675512,207.9600
1624970983578000,1,0.00132513,207.9600
1624971072601000,0,16.56816807,207.5400
1624971995702000,0,5.00000000,208.0300
1624972322628000,1,2.09318944,208.5000
1624972393697000,0,1.00709764,208.5200
1624973296749000,0,7.29696317,209.0200
1624973296749000,0,7.29696317,209.0200
1624973296757000,0,7.29696317,209.0200
1624973296758000,0,7.29696317,209.0200
1624973316301000,0,0.11927480,209.6000
1624973342499000,0,0.50000000,210.0000
1624973378925000,1,0.43250000,210.1400
1624973380068000,1,1.41997288,210.1400
1624973380272000,0,2.98154959,210.3700
1624973380719000,0,2.98148872,210.4900
1624973389613000,0,0.44824592,210.8600
1624973389613000,0,5.09124651,210.9200
1624973427808000,0,7.71772511,210.8400
1624973643899000,1,0.42915891,209.9800
1624973643899000,1,1.07084109,209.9600
1624973683564000,1,5.95000000,209.9800
1624973951407000,1,2.09318944,211.2400
1624974119830000,1,7.25310606,211.1600
1624974356511000,0,4.73690595,210.6100
1624974535466000,0,6.42207673,211.1400
1624974535466000,0,16.82240870,211.2000
1624974618727000,1,0.42453618,210.5200
1624974618727000,1,0.44542342,210.4700
1624974618727000,1,4.74475043,210.3300
1624974618727000,1,1.61426739,210.2100
1624974618736000,1,1.38573261,210.2100
1624974618736000,1,5.84324481,210.2000
1624974873513000,0,0.43250000,211.1400
1624974873711000,0,4.30430970,211.1400
1624974875355000,1,0.42458127,211.3600
1624974875355000,1,0.42929959,211.2900
1624974875355000,1,5.13106958,211.2200
1624974908669000,1,0.43250000,210.7200
1624975157858000,0,0.16360573,210.4200
1624975191508000,1,0.43250000,209.8800
1624975488949000,0,0.43250000,210.3500
1624975490430000,0,0.43250000,210.3500
1624975492570000,0,0.02948648,210.3500
1624975510669000,0,0.43250000,210.8100
1624975528142000,0,0.43250000,210.8100
1624975535824000,0,0.21622859,210.8100
1624975731007000,0,9.97815689,211.0100
1624975731007000,0,13.97059545,211.0800
1624975731007000,0,0.44002358,211.0800
1624975731007000,0,1.37554779,211.1200
1624975873581000,0,1.07459926,210.8600
1624976236946000,1,0.43250000,208.2700
1624976237659000,1,0.09925498,208.1700
1624977157782000,0,7.24402789,210.8000
1624977157792000,0,2.73938980,210.8000
1624977157792000,0,4.50463809,210.9500
1624977157793000,0,7.24402789,210.9500
1624977212777000,0,0.43250000,211.5300
1624977212814000,0,0.56750000,211.5300
1624977213164000,0,0.64545000,211.7500
1624977318598000,1,0.43250000,211.2600
1624977692716000,1,1.56749999,211.2600
1624977692728000,1,0.00000001,211.2600
1624977770351000,0,11.83351222,211.5800
1624977868468000,0,0.43250000,212.0000
1624977869088000,0,1.41997288,212.0000
1624977869686000,0,1.00000000,212.0100
1624978539472000,1,9.95101697,211.4300
1624978580543000,1,0.09500000,211.3000
1624978651459000,0,0.47261212,211.5900
1624978800636000,0,2.02169156,210.2200
1624978800790000,1,0.10000000,210.0100
1624978800790000,1,0.24763249,209.9300
1624978874529000,1,4.77112794,209.4000
1624978874529000,1,0.43573720,209.3700
1624978874529000,1,2.03716302,209.3600
1624978874529000,1,7.24402816,209.3600
1624978874530000,1,7.24402816,209.3600
1624978874533000,1,3.49163041,209.3600
1624978874533000,1,1.29878048,209.3300
1624979081620000,1,0.43250000,208.9300
1624979241164000,1,0.43250000,208.7900
1624979263244000,1,0.22211000,208.7900
1624979570564000,0,7.28310570,209.2500
1624979571208000,0,6.09068986,209.3300
1624979571289000,0,0.00000001,209.3300
1624979710975000,0,0.29895213,210.1900
1624979857360000,1,0.43250000,210.6100
1624979857401000,1,5.19300000,210.6100
1624980461574000,0,0.44907144,210.1400
1624980461574000,0,0.05092856,210.1500
1624980581137000,0,1.00387411,209.0800
1624980939577000,0,2.84462000,208.9200
1624981378623000,1,0.41909689,206.4700
1624981378623000,1,1.62270039,206.4200
1624981378897000,1,0.84950464,206.4300
1624981378941000,1,1.37729961,206.4200
1624981378941000,1,0.64439195,206.3700
1624981749189000,1,1.81601818,207.5500
1624981987847000,0,0.42581774,208.0000
1624981987847000,0,0.43288200,208.0200
1624981987847000,0,0.10274770,208.1000
1624982201927000,0,1.00719907,208.3600
1624982407022000,0,2.00314780,209.6700
1624983306813000,1,0.42830139,208.0500
1624983306813000,1,4.57169861,208.0400
1624983307487000,1,0.29895213,208.0400
1624985044932000,0,1.08367200,209.1500
1624985052059000,0,1.19875538,208.9000
1624985191790000,1,0.44308607,208.2600
1624985191790000,1,0.41809827,208.2400
1624985191790000,1,0.22248766,208.2400
1624987147588000,0,0.41720221,209.6400
1624987463919000,0,0.17000000,210.6400
1624987600004000,1,0.43250000,210.3200
1624987600022000,1,0.33000475,210.3200
1624987872493000,0,0.43250000,210.1200
1624988048373000,0,2.62446036,210.7900
1624989029915000,0,0.30000000,208.7500
1624989137400000,1,0.10000000,208.5100
1624989250638000,1,4.80052845,208.0600
1624989250638000,1,1.91040338,208.0500
1624989251201000,1,0.10000000,208.0100
1624989646587000,1,2.12576923,208.0000
1624990532212000,1,1.16774272,206.0000
1624990532585000,1,0.42490549,205.6400
1624990532585000,1,0.67568893,205.5900
1624990532724000,1,2.00314780,205.6000
1624991095444000,1,1.68499712,205.2200
1624991095917000,1,0.62020000,205.2200
1624991152574000,1,1.79990312,205.0000
1624991165152000,1,0.20009688,205.0000
1624991261891000,1,0.44051179,204.3100
1624991261891000,1,0.44734056,204.2600
1624991261891000,1,10.26875495,204.2600
1624991261891000,1,4.89362488,204.2300
1624991261891000,1,2.90000000,204.2200
1624991261891000,1,6.64808735,204.2100
1624991261891000,1,0.40773535,204.1700
1624991261891000,1,2.48848550,204.1700
1624991779674000,1,4.45135921,204.5100
1624991995924000,1,1.30090504,205.1700
1624992361806000,1,1.43025906,205.4500
1624992362421000,1,8.78408000,205.4500
1624992529817000,1,0.43250000,204.0500
1624992621506000,1,2.38425445,205.4100
1624995195542000,0,0.49062990,203.8400
1624995382670000,0,0.10000000,204.3300
1624995886200000,1,0.11000000,203.1600
1624995890117000,1,10.00000000,203.0000
1624995991755000,0,0.42111526,202.8200
1624995991755000,0,0.43615128,202.8800
1624995991755000,0,10.36856762,202.8900
1624995998987000,0,0.43590683,202.9300
1624995998987000,0,5.69648317,202.9500
1624996669597000,0,0.93125000,204.2100
1624996947540000,1,0.41525130,203.5800
1624997585741000,0,0.11000000,204.9000
1624997666305000,0,0.43250000,205.0000
1624997666360000,0,9.56750000,205.0000
1624997833723000,0,21.25111976,205.4000
1624998620095000,1,10.28680656,203.9400
1624998620095000,1,0.44291919,203.9300
1624998620095000,1,10.52139401,203.8800
1624999287267000,0,1.22989579,203.3800
1624999575643000,0,0.42966913,202.8700
1624999951490000,1,1.00000000,201.3500
1624999952066000,1,1.29213886,201.1300
1624999952098000,1,4.94816114,201.1300
1624999952098000,1,10.43535675,201.1200
1624999952098000,1,2.90000000,201.1100
1624999952098000,1,6.39963272,201.1000
1624999952098000,1,4.96777558,201.0500
1624999952098000,1,14.61013189,201.0400
1624999952098000,1,17.85949244,201.0300
1625000215320000,0,0.14923146,200.9200
1625000337103000,1,0.66809614,200.5400
1625000388881000,0,0.43250000,200.6600
1625000738899000,0,0.43250000,201.7200
1625000749123000,0,0.43250000,201.7200
1625000758551000,0,10.40767537,201.7200
1625000793067000,0,10.40735234,201.7200
1625000793090000,0,30.43960655,201.7200
1625000941898000,1,3.02304261,201.8000
1625000966725000,0,0.43250000,201.8900
1625001273152000,1,0.42163887,201.5600
1625001273152000,1,0.22635306,201.5300
1625001386631000,0,0.43250000,202.0000
1625001386795000,0,1.69326923,202.0000
1625001764728000,1,2.70328017,202.8600
1625001770956000,1,2.42684994,202.8600
1625002113017000,1,1.45000000,203.2100
1625002291067000,1,1.29000000,203.1600
1625003096964000,0,1.25000000,204.6500
1625003097524000,0,0.30476376,204.8800
1625003528364000,0,1.27493195,205.7600
1625003528506000,0,4.98153188,205.7600
1625003553716000,1,0.43250000,205.4200
1625005368210000,1,0.43250000,201.2500
1625005369101000,1,0.43250000,201.2500
1625005378247000,1,7.73769074,201.2500
1625005417792000,1,0.43250000,201.2500
1625005436172000,1,0.43250000,201.2500
1625005436268000,1,4.53230926,201.2500
1625005639621000,1,0.44553619,200.6700
1625005639621000,1,3.91090348,200.6500
1625005644197000,1,1.31701700,200.6500
1625005751108000,0,0.43250000,200.4400
1625005752404000,0,41.87311549,200.4400
1625005752809000,0,0.43250000,200.4400
1625005752907000,0,35.44133589,200.4400
1625005774417000,1,6.55341574,200.4700
1625005813119000,0,39.08972569,200.3500
1625005983712000,0,3.33471600,201.5200
1625006009395000,1,0.50866908,201.2900
1625006170952000,1,2.74602246,201.1400
1625006172076000,1,0.43250000,200.7600
1625006610344000,1,6.70952404,200.8700
1625007595985000,1,0.10000000,200.1600
1625007696239000,1,0.43250000,201.2900
1625007696311000,1,4.53216228,201.2900
1625007698083000,1,0.43250000,201.0900
1625007699641000,1,0.43250000,201.0900
1625007701279000,1,0.43250000,201.0900
1625007701545000,1,11.12123236,201.0900
1625007702044000,1,32.27578866,201.0600
1625007757755000,1,0.43250000,200.0000
1625007757980000,1,0.77030000,200.0000
1625007757980000,1,1.90027554,199.8100
1625010123181000,0,41.78848797,200.8900
1625010123714000,0,34.99067869,200.8900
