timestamp ms,type,amount,price
1622246527337000,0,0.24284693,265.9700
1622247180411000,0,0.15729280,265.8100
1622247334118000,0,0.86500000,266.0000
1622247334421000,0,2.13500000,266.0000
1622247656111000,1,0.24284693,266.5800
1622248156050000,0,3.22754718,269.0100
1622248156311000,0,4.12413007,269.0100
1622248157470000,1,1.11169759,269.0100
1622249323366000,0,0.19682059,269.4700
1622249340119000,0,0.23949393,270.3200
1622249589899000,0,0.09468125,270.4000
1622249807210000,1,0.23949393,271.3500
1622250088332000,0,0.32987573,273.0000
1622250097753000,0,0.23758683,273.5000
1622250177076000,0,0.76241317,273.5000
1622250178059000,0,0.21603904,273.8200
1622250179693000,0,0.86500000,274.0000
1622250179910000,0,1.13500000,274.0000
1622250243865000,1,0.86500000,273.8300
1622250258371000,1,0.49203332,273.6500
1622250258778000,0,0.87365000,273.5300
1622250258778000,0,0.26135000,273.5800
1622251111744000,0,1.14368000,273.7600
1622251111985000,0,1.35111714,273.8600
1622251112221000,0,4.28574133,273.8600
1622251112477000,1,1.35111714,273.8600
1622251112477000,1,1.20447212,273.8500
1622251112477000,1,1.14368000,273.7600
1622251117500000,1,0.27170000,273.8500
1622251494657000,0,0.09292854,275.5000
1622253309094000,1,0.85635000,270.5400
1622253309094000,1,3.85108471,270.5200
1622254348050000,1,3.34000000,273.4000
1622254382634000,0,0.86500000,273.7300
1622254711393000,1,2.57347156,272.0100
1622255335161000,1,0.09292854,270.1000
1622255970400000,1,0.87365000,270.6400
1622255970400000,1,0.84770000,270.5800
1622255970400000,1,7.59128380,270.5400
1622255970400000,1,1.82868992,270.5100
1622256206593000,1,6.48300000,270.8700
1622256207103000,1,1.01411101,270.7500
1622256207118000,1,2.57941050,270.7500
1622256207118000,1,3.99128923,270.7500
1622256207118000,1,2.32171077,270.7300
1622256207243000,1,2.57941050,270.7300
1622256207501000,1,1.25973623,270.7300
1622256207697000,1,1.25973623,270.7300
1622256207870000,1,1.25973623,270.7300
1622256210966000,1,3.59361288,270.6600
1622256211198000,1,1.94618174,270.6700
1622256234988000,0,0.86500000,270.6400
1622256312354000,1,0.88226348,270.6500
1622256312674000,0,0.86500000,270.7700
1622256313207000,1,3.59384512,270.6500
1622256313672000,1,2.29953900,270.6500
1622256314077000,1,1.69050348,270.6500
1622256314514000,1,1.26005500,270.6500
1622256314880000,1,1.26005500,270.6500
1622256318269000,0,0.86500000,270.7500
1622256319269000,0,0.02691300,270.7500
1622256319269000,0,0.83808700,270.7700
1622256320442000,0,7.58123820,270.8700
1622256320474000,0,0.86500000,270.8800
1622256321390000,1,0.89095000,270.7600
1622256321692000,0,4.67393118,270.7500
1622256323098000,0,14.21542656,270.7100
1622256323098000,0,11.47129937,270.7300
1622256323098000,0,0.87516252,270.8700
1622256323152000,1,1.97213100,270.9200
1622256326296000,0,0.72837499,270.9200
1622256368878000,0,2.47496600,271.1700
1622256730255000,1,0.86500000,269.5000
1622256730276000,1,10.31956400,269.5000
1622256763405000,0,0.25231911,269.4400
1622257681096000,0,0.85635000,270.2000
1622258277326000,0,11.18456400,270.7000
1622258497669000,0,0.87365000,270.9700
1622258706889000,1,0.86500000,273.5000
1622258706987000,1,10.20505484,273.5000
1622258827597000,1,0.86500000,272.5400
1622259339853000,1,4.51565000,271.2000
1622259669296000,1,0.86500000,270.3100
1622259669694000,1,2.47500000,270.3100
1622260090717000,0,0.75920041,270.6400
1622260117133000,1,0.86500000,270.0600
1622260290363000,1,0.83040000,270.2200
1622260718928000,0,8.60201492,271.8700
1622261771078000,0,0.76198598,269.6900
1622262289150000,0,0.83905000,268.8400
1622262289150000,0,7.64823973,268.9000
1622262289150000,0,0.88230000,268.9100
1622262289150000,0,0.88230000,268.9600
1622262289150000,0,10.70753562,269.0100
1622262289150000,0,9.04057465,269.0500
1622262551263000,0,0.76116583,270.0200
1622263473953000,0,7.67794973,267.6900
1622263473953000,0,10.75099573,267.7500
1622263473953000,0,0.83040000,267.8200
1622263473953000,0,0.84770000,267.8800
1622263473953000,0,0.16925660,267.9500
1622263473953000,0,1.74675600,267.9500
1622263473953000,0,7.97694194,267.9600
1622264004835000,1,0.09468125,265.1000
1622264005353000,1,0.12000000,264.1900
1622264328894000,1,0.88226603,264.0700
1622264328915000,1,0.00003397,264.0700
1622264328915000,1,0.83034478,264.0000
1622264329297000,1,0.88230000,264.0600
1622264329297000,1,0.00005522,264.0000
1622264329297000,1,6.89819638,263.9800
1622264329298000,1,0.88238329,263.9800
1622264329298000,1,10.89137795,263.9400
1622264329298000,1,3.78355548,263.7100
1622264329409000,1,0.86500000,264.0600
1622264329410000,1,5.45946045,263.7100
1622264329737000,0,0.83666200,263.9400
1622264329926000,1,2.58930500,263.8200
1622264329977000,1,3.79143719,263.8200
1622264330048000,1,0.88230000,263.9300
1622264330048000,1,1.40344077,263.8200
1622264330048000,1,6.31430340,263.7100
1622264330048000,1,3.79247397,263.5800
1622264330048000,1,11.42976386,263.5700
1622264330253000,1,3.79226744,263.5900
1622264330253000,1,0.16672756,263.5700
1622264330269000,1,3.97810292,263.5700
1622264330269000,1,0.43473508,263.4900
1622264330415000,0,0.86500000,263.9400
1622264330499000,1,0.83040000,263.6200
1622264330501000,0,0.83040000,263.5700
1622264330518000,1,3.35670211,263.4900
1622264330518000,1,3.81872389,263.4900
1622264330681000,0,5.27842800,263.5700
1622264330681000,0,1.29544612,263.8200
1622264330754000,1,2.27883800,263.4900
1622264331077000,1,3.79183421,263.4900
1622264331077000,1,9.23912579,263.4800
1622264331314000,1,2.49123700,263.4800
1622264331406000,1,3.69346300,263.4800
1622264331481000,0,5.80660419,263.4900
1622264331591000,0,3.75927600,263.4800
1622264332229000,0,3.95899500,263.4900
1622264332392000,1,6.89292043,263.4900
1622264332495000,0,2.80080200,263.5700
1622264333039000,0,4.61264080,263.7100
1622264333063000,1,0.86500000,263.7000
1622264333151000,1,0.85635000,263.6300
1622264333151000,1,1.73563700,263.5000
1622264333179000,1,0.89719900,263.5000
1622264333305000,1,0.87365000,263.5000
1622264333399000,1,4.31209974,263.5000
1622264333401000,1,2.56841426,263.5000
1622264333501000,0,1.23910000,263.5000
1622264333569000,0,3.08164974,263.5000
1622264333569000,0,1.98657500,263.5000
1622264333569000,0,2.71493520,263.5700
1622264333578000,0,0.71464673,263.5700
1622264333593000,0,1.93580200,263.7000
1622264333671000,1,0.87361247,263.6200
1622264333831000,1,0.87361247,263.6200
1622264333891000,1,7.50322600,263.6200
1622264334112000,1,0.93009575,263.6200
1622264334964000,1,0.00005779,263.6200
1622264334964000,1,3.79254134,263.5000
1622264335337000,1,1.97608924,263.5100
1622264335409000,1,0.90766006,263.5100
1622264335523000,1,1.98572800,263.5100
1622264335860000,1,0.90796800,263.6600
1622264335996000,1,1.38989349,263.6600
1622264336001000,1,3.39200057,263.6600
1622264336020000,1,1.47987693,263.6600
1622264336505000,1,0.00007987,263.5000
1622264336505000,1,1.47978709,263.5000
1622264336533000,1,3.39514400,263.5000
1622264336972000,1,0.13772300,263.5100
1622264337391000,1,2.74605100,263.5100
1622264337391000,1,0.65893600,263.5100
1622264337422000,1,2.74605100,263.5100
1622264337525000,1,4.09823900,263.5100
1622264337630000,0,1.32704471,263.5100
1622264337675000,0,0.95579886,263.6200
1622264338896000,1,0.05009708,263.4900
1622264345910000,0,7.17280592,263.4600
1622264346415000,0,4.77851922,263.6600
1622264411392000,1,7.81134617,262.7700
1622264411392000,1,3.25870867,262.6500
1622264412002000,1,0.23758683,262.6500
1622264437248000,0,0.56921700,263.4600
1622264534761000,0,0.88229944,264.0600
1622264534761000,0,8.32471480,264.0600
1622264832628000,1,0.58453778,265.6800
1622265388167000,0,0.09468125,270.4000
1622265415864000,0,0.89095000,270.5100
1622265415864000,0,0.86500000,270.5800
1622265415864000,0,10.64667977,270.6400
1622265507220000,0,1.74703080,270.5100
1622265530446000,1,6.52672219,271.9900
1622265577207000,0,0.86500000,271.6700
1622265577207000,0,0.74059457,271.7300
1622265585009000,0,0.88230000,272.4400
1622265585009000,0,0.89095000,272.4500
1622265585009000,0,0.81310000,272.5200
1622265585009000,0,2.38925961,272.5700
1622265585009000,0,1.88469570,272.5800
1622265729723000,0,0.86500000,269.8200
1622265939182000,1,6.86030531,271.2400
1622265994486000,0,5.98036164,273.1600
1622266013194000,0,0.84533295,273.5400
1622266049701000,1,3.66430215,272.4800
1622266106831000,0,0.86500000,273.8300
1622266113829000,0,0.83040000,274.1600
1622266124790000,0,0.83040000,273.9600
1622266151451000,0,0.25231910,274.8700
1622266151711000,0,0.00000001,274.8700
1622266157330000,0,0.84770000,274.8600
1622266157330000,0,0.83905000,274.8700
1622266157330000,0,7.47035085,274.9900
1622266157330000,0,0.91690000,275.0000
1622266157952000,0,7.47035085,274.9900
1622266551403000,0,4.46850000,273.1600
1622266551403000,0,7.19215454,273.1700
1622267053472000,1,0.75267198,272.8200
1622267167001000,1,0.86500000,271.8600
1622267293525000,1,0.75515012,271.5800
1622268246827000,0,1.00000000,273.3500
1622269134958000,0,1.45065274,272.4600
1622269629614000,0,3.61786826,273.1800
1622269820791000,0,7.52530329,273.2100
1622269820791000,0,1.42988290,273.2800
1622269820791000,0,0.19486073,273.2900
1622270213599000,1,0.08015505,271.5400
1622270235208000,1,0.75623571,271.8200
1622270537745000,0,7.56501766,271.8300
1622270539133000,0,0.86500000,271.8200
1622270775562000,1,0.75568974,271.5400
1622271198359000,0,3.59413400,270.7000
1622271404269000,1,10.80018566,269.3000
1622271846073000,0,7.63923247,269.2200
1622271854990000,0,7.36819834,269.2300
1622272011381000,0,0.86500000,269.8900
1622273822375000,1,0.21623938,268.2500
1622273823684000,1,7.43514751,268.2500
1622273823684000,1,0.86500000,268.1500
1622273823684000,1,3.36050703,268.1500
1622273823887000,1,0.50000000,268.2500
1622273944583000,1,25.80330263,268.0600
1622274297696000,0,0.86500000,266.5500
1622274334423000,1,0.08579262,266.9000
1622274555537000,0,0.87365000,267.0900
1622274555537000,0,0.12635000,267.1100
1622274563116000,1,0.50292441,266.7200
1622275145381000,1,0.09468125,265.1000
1622275148598000,0,0.28668427,265.0900
1622275289961000,0,0.32388390,266.3300
1622275324789000,0,0.42015416,266.6800
1622275324843000,1,0.89092874,266.4800
1622275791839000,1,0.86500000,264.0000
1622275792024000,1,1.13500000,264.0000
1622275792024000,1,2.86500000,263.7000
1622276737963000,1,0.19284313,263.6100
1622276879611000,1,3.34000000,262.7700
1622277025671000,1,0.09650134,260.1000
1622277025671000,1,0.16976032,259.9000
1622277026117000,1,0.10000000,259.5500
1622277029239000,0,0.20805240,259.4500
1622277105052000,1,0.86500000,261.2500
1622277748929000,1,0.24365676,259.5600
1622277749024000,1,0.86500000,259.5600
1622277749125000,1,2.23134324,259.5600
1622277916008000,1,0.86500000,259.0100
1622278300083000,0,0.18526760,260.6000
1622278727686000,1,4.72244000,259.1700
1622278731035000,1,0.86500000,259.0000
1622278889438000,1,0.32310658,259.2300
1622279121562000,1,0.89095000,256.7800
1622279121562000,1,0.85635000,256.6900
1622279121562000,1,7.99651968,256.6600
1622279121562000,1,2.65881009,256.6400
1622279149070000,0,3.71875818,257.6500
1622279149070000,0,20.76279575,257.6600
1622279527497000,0,4.05477905,256.8500
1622279629158000,0,0.39112918,255.6700
1622279698087000,0,0.86500000,256.0000
1622279698141000,0,1.28227272,256.0000
1622279831603000,1,0.09839278,255.1000
1622279929295000,1,4.05477905,253.7700
1622279934232000,1,8.09006903,253.6500
1622279934232000,1,3.34000000,253.6100
1622279934232000,1,6.34200000,253.5600
1622279934232000,1,0.85635000,253.5100
1622279934232000,1,2.00000000,253.5000
1622279934232000,1,3.85313490,253.2500
1622279960442000,1,0.80660773,253.9100
1622280080777000,1,0.80906148,254.6200
1622280128934000,0,0.18066138,254.6100
1622280195742000,0,0.57652629,254.0000
1622280200910000,1,0.80675374,254.0800
1622280320882000,1,0.81076698,253.7900
1622280563584000,0,0.80876601,253.2500
1622280574273000,0,0.25000000,253.3100
1622280604473000,0,3.16614965,253.6600
1622280723268000,0,0.80879334,253.8900
1622280723840000,0,12.80031508,253.9000
1622280747487000,0,0.38794801,253.8700
1622280808435000,1,6.48300000,252.0000
1622280914214000,0,0.86500000,253.1200
1622281513158000,0,0.34833195,256.4100
1622281513978000,0,0.23109902,256.3700
1622281610107000,0,2.93610260,258.0700
1622281782819000,1,0.68115436,257.9200
1622281958665000,1,0.40230639,257.5400
1622281989845000,0,4.79163295,257.6900
1622282154625000,0,7.97948861,258.0000
1622282154625000,0,0.86500000,258.0400
1622282158146000,0,7.97948861,258.0000
1622282158146000,0,0.88230000,258.0300
1622282679204000,0,2.96693600,258.4700
1622282679204000,0,7.96367365,258.5800
1622282679204000,0,8.29379884,258.6100
1622283693015000,0,0.83036890,257.5000
1622284277150000,1,0.80279728,255.3900
1622284277245000,1,0.18526760,255.3900
1622284502129000,1,0.10000000,257.2300
1622284644328000,1,0.79992246,258.0500
1622284934530000,0,0.85574394,256.8900
1622285177600000,0,0.30839652,255.7600
1622285490749000,0,0.39105271,255.7200
1622285635151000,0,0.86500000,257.9500
1622285635151000,0,1.84573968,257.9600
1622285774505000,1,1.05210077,256.8100
1622286099845000,1,1.39700000,256.6900
1622286175827000,0,8.02240648,256.7300
1622286175827000,0,0.84770000,256.7900
1622286175827000,0,0.36696929,256.8500
1622286176796000,0,0.84770000,256.7100
1622286176796000,0,1.66696929,256.7300
1622286374231000,0,0.84440274,256.2900
1622286378165000,0,0.89095000,256.2800
1622286385551000,0,1.10905000,256.3100
1622286556327000,0,0.21894260,257.4000
1622286758455000,0,0.08888975,257.5100
1622286962080000,1,3.91776379,255.1000
1622286962080000,1,0.85635000,255.0900
1622286962080000,1,3.97077336,255.0400
1622287084664000,0,0.56510000,254.4300
1622287120218000,1,0.10000000,253.0000
1622287120281000,1,0.08888975,252.5800
1622287273862000,1,0.21623938,254.3000
1622287325822000,1,0.21675701,253.0000
1622287356529000,1,0.86500000,253.0000
1622287356834000,1,0.57927065,253.0000
1622287360663000,1,1.00000000,253.0000
1622287365894000,1,0.34429787,252.0000
1622287835657000,0,0.18066138,259.7000
1622287855197000,0,0.09839278,260.2000
1622287858922000,0,0.86500000,261.1000
1622287858922000,0,7.89332478,261.1000
1622287858922000,0,0.84770000,261.1100
1622287858922000,0,2.69867521,261.7200
1622287858922000,0,10.38700000,263.2800
1622287858922000,0,0.97972508,263.2900
1622287860342000,0,0.86500000,261.1000
1622287861453000,0,0.79564570,261.1000
1622287898358000,1,0.86500000,261.3800
1622288014777000,1,0.86500000,261.0100
1622288014865000,0,0.11500000,261.0000
1622288193781000,1,1.09497081,261.0000
1622288527869000,1,1.00000000,260.5000
1622288619288000,1,0.18607389,261.2500
1622288640916000,0,0.14927900,261.3800
1622288907314000,1,5.75595900,261.6500
1622289035659000,0,0.83040000,262.5400
1622289035659000,0,7.84206149,262.6000
1622289035659000,0,0.79927474,262.6200
1622289620487000,0,0.18660268,260.5000
1622289693856000,1,1.40000000,258.7600
1622290696742000,1,0.09839278,255.1000
1622290885854000,0,8.01414473,257.2100
1622290993452000,1,0.86500000,256.6200
1622291179096000,1,9.10463035,256.0000
1622291571689000,1,0.20000000,256.1400
1622292157885000,1,1.00000000,253.0000
1622292160158000,0,0.17786561,252.9700
1622292231680000,0,0.45231869,253.0000
1622292433118000,1,0.86500000,253.2200
1622292433118000,1,0.83040000,253.2000
1622292448994000,1,0.10000000,252.6500
1622292572670000,0,0.71714060,253.2000
1622292701307000,0,7.91454557,253.5700
1622292800982000,0,0.84770000,252.7000
1622293222905000,1,0.86500000,251.3900
1622293222905000,1,0.13398103,251.3300
1622293321792000,0,0.50617914,254.1700
1622293327289000,0,0.86500000,253.8700
1622293327289000,0,0.82175000,253.9400
1622293329175000,0,0.86500000,253.8200
1622293329175000,0,1.53791635,253.8400
1622293329706000,0,1.20791635,253.8400
1622293405838000,1,0.18660268,253.2300
1622293613148000,0,0.18732159,252.2400
1622293699263000,0,4.41803293,251.9900
1622293755315000,1,0.83040000,250.2200
1622293755315000,1,3.99567192,250.1600
1622293755315000,1,0.88230000,250.1500
1622293755315000,1,0.10035985,250.1000
1622293755315000,1,0.50748826,250.0200
1622293829459000,1,2.44138234,250.0100
1622293829746000,1,0.40255996,250.0000
1622293829999000,1,4.59744004,250.0000
1622293829999000,1,0.40000000,250.0000
1622293829999000,1,2.00000000,250.0000
1622293829999000,1,3.00000000,250.0000
1622293829999000,1,2.00000000,250.0000
1622293829999000,1,0.34990864,250.0000
1622293829999000,1,1.00000000,250.0000
1622293830309000,1,0.85635000,249.0300
1622293830309000,1,3.34000000,248.9100
1622293830309000,1,4.95369692,248.9100
1622293831066000,1,0.88230000,249.1300
1622293831066000,1,4.91805000,249.0100
1622293831066000,1,0.88230000,248.9600
1622293831066000,1,1.82095896,248.9300
1622293949103000,0,1.78131996,249.8800
1622294024293000,1,0.84770000,248.3300
1622294024293000,1,0.89960000,248.2600
1622294024293000,1,11.60002457,248.2100
1622294024293000,1,1.00000000,248.1900
1622294024293000,1,4.87708392,247.9400
1622294203140000,0,0.25000000,251.3100
1622294303023000,1,0.88230000,249.3200
1622294303023000,1,10.38700000,249.2800
1622294303023000,1,12.40212507,249.2400
1622294495872000,0,0.19898913,251.2700
1622294978444000,1,0.19193451,247.0100
1622295151331000,1,0.86500000,247.8100
1622295151862000,1,3.16797900,247.8100
1622295191951000,0,0.15334329,247.7300
1622295196179000,1,8.31332224,247.5600
1622295383074000,0,0.86500000,250.7300
1622295383074000,0,3.23820148,250.7900
1622295443967000,1,0.18732159,249.0400
1622295595086000,0,0.18800112,248.1900
1622295877593000,1,0.13733999,248.4600
1622295879604000,1,3.87916817,248.4600
1622296047914000,1,0.83905000,251.0900
1622296047914000,1,0.88230000,251.0400
1622296047914000,1,0.72003234,250.9700
1622296118017000,1,0.18800112,251.9100
1622296209254000,1,0.86500000,251.4600
1622296209738000,1,1.41216397,251.4600
1622296223192000,0,0.18865293,250.9900
1622296363677000,1,0.18865293,250.8700
1622296650582000,0,0.15334329,252.7500
1622296714664000,0,0.86500000,254.0000
1622296714933000,0,1.13500000,254.0000
1622296722703000,0,2.40000000,254.4500
1622296956369000,0,0.10035985,255.1000
1622297108096000,0,0.63269777,256.7100
1622297147665000,1,0.86500000,255.8600
1622297342845000,0,0.83905000,255.1700
1622297396880000,0,3.90641363,255.3800
1622297815343000,1,0.86500000,252.3700
1622297815587000,1,3.09485533,252.3700
1622297982456000,1,0.86500000,251.3800
1622297982465000,1,3.11053020,251.3800
1622297997776000,0,0.86500000,251.5100
1622297997776000,0,0.55848457,251.5500
1622298185678000,1,0.10035985,250.1000
1622298185678000,1,0.76464015,250.0000
1622298186626000,1,0.86500000,250.0000
1622298186730000,1,11.37035985,250.0000
1622298208974000,0,0.18931242,250.0100
1622298624501000,0,8.16530333,252.2700
1622299314556000,1,1.50000000,249.7200
1622299953576000,0,8.19516317,251.3500
1622299953576000,0,21.10748463,251.6300
1622299953576000,0,0.87365000,251.6400
1622299953576000,0,0.04403517,251.7100
1622300136470000,0,0.15248340,250.0600
1622300170066000,1,0.72223779,249.7200
1622300322800000,0,0.86500000,249.9500
1622300578944000,0,2.38925961,248.8300
1622300794329000,1,0.82814363,248.0100
1622300794604000,1,0.89095000,248.0700
1622300794604000,1,0.05415637,248.0100
1622300794604000,1,0.79580000,248.0100
1622300794604000,1,0.89095000,247.9200
1622300794604000,1,11.60880829,247.8900
1622300794604000,1,0.94285000,247.8200
1622300794604000,1,10.38700000,247.7400
1622300794604000,1,4.64981831,247.7300
1622301090429000,0,0.14935615,247.6600
1622301160730000,1,8.00000000,246.0000
1622301185431000,1,1.00000000,245.0000
1622301185431000,1,23.87657142,245.0000
1622301185473000,1,3.34000000,244.1100
1622301185473000,1,2.00000000,244.0000
1622301185473000,1,1.14300000,243.5100
1622301186103000,1,5.02728000,243.6000
1622301186103000,1,0.31885745,243.5000
1622301186103000,1,9.65386255,243.1800
1622301186180000,1,1.00000000,243.1600
1622301394880000,0,0.83905000,245.1400
1622301590085000,1,0.86500000,243.9300
1622301897641000,1,3.56505482,244.5100
1622302093822000,1,0.65743800,242.0000
1622302097951000,1,1.86309211,241.7900
1622302136914000,0,0.31885745,243.5400
1622302328218000,0,7.03862905,245.6700
1622302355830000,1,0.83040000,244.9400
1622302355830000,1,0.00532909,244.8200
1622302363475000,1,0.86500000,245.7000
1622302475640000,1,0.84121269,243.6700
1622302596448000,1,0.83982800,245.9300
1622302715958000,1,0.83870101,244.9100
1622302718520000,1,0.18931242,244.8300
1622302836084000,1,0.83480816,246.6800
1622302956724000,1,0.83375020,246.6900
1622303050761000,1,6.83234488,247.1300
1622303312667000,1,1.56481102,246.1500
1622303550023000,0,10.80018566,244.8000
1622303630603000,1,4.98082000,244.6400
1622303673329000,0,0.19001352,243.9300
1622303843490000,1,4.09180413,244.3300
1622303973393000,1,0.15248340,244.4900
1622304208404000,0,0.88230000,246.7900
1622304208404000,0,0.12296331,246.8800
1622304260836000,1,0.19001352,247.1900
1622304334876000,0,0.19008498,247.1000
1622304774522000,1,0.19008498,243.5000
1622304906696000,0,0.19045463,243.0500
1622305116876000,0,2.38925961,247.2400
1622305132729000,0,0.83905000,247.3000
1622305132729000,0,0.17185401,247.3200
1622305175431000,1,1.00000000,246.6200
1622305522187000,1,1.39014307,246.7100
1622305559029000,0,0.56901648,245.6800
1622305589009000,1,3.13505020,244.5000
1622306038532000,0,4.72629710,247.8600
1622306451158000,0,0.88807104,249.9800
1622306607836000,1,4.00837344,249.3100
1622306734629000,1,0.86500000,248.7200
1622306738997000,1,0.84770000,247.9200
1622306893760000,0,0.08014747,249.5400
1622307347746000,0,0.14935615,252.6700
1622307680199000,1,4.86976888,249.9700
1622307857060000,0,0.86500000,248.8600
1622307857060000,0,0.87365000,248.9700
1622307951535000,0,0.40000000,247.7700
1622307955291000,0,0.14933204,247.7600
1622307956829000,1,4.03726844,247.5900
1622308273771000,1,8.33051908,246.9100
1622308479030000,1,3.65028528,244.9200
1622309195280000,0,2.06271734,244.4300
1622309224762000,1,0.10000000,244.3000
1622309303205000,1,0.86500000,243.8000
1622309303386000,1,9.97946267,243.8000
1622309553095000,1,1.00000000,243.8000
1622309696952000,1,0.86500000,242.7300
1622309701308000,0,0.13595353,242.7200
1622309819712000,1,0.95705316,242.9300
1622309848360000,1,0.40000000,242.2600
1622310279660000,0,0.86500000,241.1400
1622310348257000,1,0.88230000,240.2000
1622310348257000,1,0.00577104,240.1400
1622310433494000,1,0.86500000,240.0000
1622310433944000,1,1.00000000,240.0000
1622310433981000,1,2.13500000,240.0000
1622310433981000,1,0.40548212,240.0000
1622310433981000,1,1.63504895,239.4300
1622310434038000,1,1.00000000,239.3900
1622310510635000,1,3.80701534,238.8000
1622310621553000,1,0.86500000,238.2900
1622310621553000,1,2.07110260,238.1900
1622310621930000,1,0.21203661,238.4000
1622310729080000,0,0.86500000,238.5800
1622310845539000,1,3.14527711,237.7100
1622310969044000,1,4.64592685,238.2800
1622311042051000,0,0.87365000,239.4200
1622311042051000,0,5.60607743,239.4300
1622311181724000,1,0.75727543,238.8600
1622311213378000,1,2.06271734,237.4700
1622311236072000,0,0.12212069,237.4200
1622311286294000,0,2.27716397,237.2200
1622311289742000,0,0.35274073,237.6700
1622311451127000,1,1.42348457,238.3200
1622311549698000,0,0.86500000,238.8800
1622311744728000,1,0.88230000,237.5100
1622311744728000,1,4.60868960,237.4000
1622311804148000,1,4.10320148,236.1700
1622311804814000,1,0.46210530,236.2900
1622311832140000,1,0.21299355,236.5300
1622311982129000,1,1.00000000,237.0000
1622312005705000,0,0.88230000,236.4600
1622312005705000,0,0.10093163,236.5100
1622312227829000,0,2.94670542,237.3600
1622312559459000,0,0.20137309,237.5200
1622312591314000,0,0.83040000,237.2100
1622312591314000,0,3.24976842,237.2400
1622312875228000,0,3.41599190,237.1200
1622312990026000,0,8.72116736,236.3300
1622312990026000,0,0.87365000,236.3300
1622312990026000,0,0.41732205,236.3800
1622313009025000,1,0.86500000,235.9300
1622313293733000,0,8.60429149,239.4900
1622313557990000,1,2.94670542,239.4300
1622313594870000,0,0.51007609,239.1800
1622313840888000,1,0.15786360,237.8300
1622313841308000,1,0.20137309,237.8300
1622314287121000,1,0.15662471,235.7000
1622314627957000,1,4.08016842,236.8400
1622315546515000,1,0.15000000,235.0000
1622315546515000,1,0.71500000,235.0000
1622315559226000,1,0.86500000,235.0000
1622315559534000,1,0.42000000,235.0000
1622315559534000,1,3.00221276,235.0000
1622315587138000,0,0.86500000,234.5200
1622315587507000,0,0.00772219,234.5200
1622315894136000,0,0.21364782,234.0300
1622316066786000,0,1.69396586,233.0900
1622316071946000,0,0.83905000,233.1400
1622316195818000,1,4.32000000,232.0000
1622316200966000,0,0.11206897,231.9000
1622316232524000,1,3.00221276,231.5700
1622316415796000,1,0.25503804,232.7200
1622316619778000,1,0.10000000,231.3000
1622317277301000,1,0.89095000,235.9400
1622317277301000,1,0.84770000,235.8500
1622317277301000,1,3.10632588,235.8300
1622317393763000,0,3.50000000,236.3900
1622317539679000,0,0.11206897,236.6300
1622317630117000,0,6.30312817,236.8600
1622317632742000,0,2.38806667,236.8600
1622318034870000,1,0.70266224,236.9300
1622318489632000,1,0.35189415,236.8200
1622318625445000,0,0.46730939,237.5300
1622318764440000,0,0.41809515,239.1800
1622318773752000,0,0.55650864,238.9900
1622318787542000,1,0.32307594,238.1900
1622318843925000,1,13.21968933,238.2000
1622319241487000,1,0.60600391,235.1800
1622319242291000,1,0.10000000,235.0000
1622319285054000,1,2.00408071,234.6400
1622319395968000,1,0.19045463,232.8300
1622319418393000,1,0.30389267,233.3200
1622319749291000,1,0.88230000,232.2400
1622319749291000,1,0.89095000,232.1800
1622319749291000,1,9.07121267,232.1300
1622319784510000,0,0.11200620,232.1000
1622319903824000,0,0.11530009,231.6200
1622319905607000,1,0.83905000,231.3100
1622319905607000,1,4.32326137,231.2300
1622319905607000,1,0.88230000,231.2200
1622319905607000,1,0.88230000,231.1700
1622319905607000,1,1.00000000,231.1000
1622319905607000,1,5.29277796,231.0700
1622319987029000,1,0.82487833,231.1200
1622320406907000,1,3.39650000,234.7900
1622320754987000,0,0.11200620,236.7600
1622320892834000,0,0.83905000,236.7400
1622320892834000,0,8.69601381,236.7500
1622320892834000,0,0.46493619,236.8900
1622321143949000,0,0.10453977,236.3000
1622321148894000,0,0.10240718,236.1700
1622321523303000,0,0.83040000,235.2000
1622321523303000,0,0.10466763,235.2200
1622322100101000,0,4.57163009,237.5400
1622322124912000,1,0.86500000,237.1300
1622322125128000,1,0.13500000,237.1300
1622322204684000,0,1.00872015,237.4000
1622322312136000,0,0.86646102,237.9600
1622322366903000,0,0.22998485,239.0100
1622322407591000,1,1.00000000,238.7800
1622322413218000,1,0.84770000,238.6400
1622322517113000,1,0.46518858,238.3300
1622322533845000,0,0.86162329,237.6900
1622322634196000,0,6.54162638,239.0700
1622322774031000,1,0.86144516,238.0700
1622323014212000,1,0.86224736,239.0000
1622323038108000,0,0.83905000,238.8900
1622323038108000,0,0.86278299,238.9200
1622323038108000,0,8.61729280,238.9400
1622323038108000,0,0.03487762,238.9500
1622323038608000,0,8.61729280,238.9400
1622323038608000,0,0.82147238,238.9500
1622323148550000,0,0.86500000,238.9900
1622323322184000,0,0.09080335,240.7400
1622323322969000,0,0.33230871,240.7400
1622323574657000,1,0.86500000,238.9400
1622323635281000,1,0.86500000,238.7000
1622323735123000,1,0.86218788,238.1100
1622323975300000,1,0.86200951,240.0700
1622324008404000,1,4.17419069,239.5000
1622324215671000,1,0.86097048,239.0800
1622324396179000,1,0.10000000,241.5200
1622324401488000,0,0.10000000,241.4200
1622324421621000,0,0.84770000,241.4600
1622324429101000,0,0.85496392,241.5400
1622324518813000,0,0.12212069,242.2100
1622324518813000,0,0.56089662,242.2700
1622324575903000,1,0.85010881,242.1500
1622324622989000,0,1.22845947,242.4500
1622324636538000,0,0.88230000,242.6000
1622324636538000,0,1.69500808,242.6500
1622324636538000,0,0.87365000,242.6600
1622324636538000,0,0.23158233,242.6800
1622324695868000,1,0.84918478,241.2900
1622324720485000,0,0.85304666,241.1100
1622324720485000,0,1.51755492,241.1200
1622324779541000,0,1.16114940,240.7000
1622324857198000,0,0.70933386,242.4200
1622324857998000,0,25.87378444,242.4200
1622324879789000,0,0.70016484,242.5400
1622324920536000,0,0.25640920,243.4000
1622324987118000,0,4.10393069,243.7700
1622325027435000,1,0.13014555,243.2700
1622325186236000,0,0.86500000,243.0500
1622325198653000,0,0.24802855,243.5400
1622325320606000,0,0.31491048,243.1500
1622325372579000,0,5.82137762,243.5000
1622325372581000,0,2.63924864,243.5000
1622325372581000,0,2.77553772,243.5800
1622325372581000,0,0.40659126,243.5900
1622325372590000,0,5.82137762,243.5900
1622325372602000,0,5.61732153,243.5900
1622325372602000,0,0.20405609,243.6400
1622325372623000,0,3.90165111,243.6400
1622325372623000,0,1.91972651,243.6600
1622325372629000,0,5.07173426,243.6600
1622325386578000,1,0.54120159,243.7300
1622325454427000,0,6.60819190,244.7900
1622325456831000,0,0.10453977,244.9000
1622325482066000,0,4.42877383,245.4000
1622325520023000,1,0.86500000,245.5000
1622325520634000,1,1.74729121,245.5000
1622325531929000,1,10.15593689,245.5000
1622325635562000,0,8.37930887,245.8700
1622325635562000,0,0.89095000,245.9400
1622325635562000,0,3.05309149,245.9600
1622325635562000,0,1.27717809,245.9700
1622325643844000,0,6.13471134,245.7800
1622325645738000,1,33.53722750,245.7000
1622325648084000,1,4.42888400,245.7000
1622325648305000,1,3.95499875,245.7000
1622325649298000,1,15.79667566,245.7000
1622325774392000,0,3.89337432,245.6900
1622325869364000,0,6.80026422,246.0000
1622325869364000,0,6.34640239,246.0400
1622325980136000,0,2.03502184,245.8300
1622326016575000,0,0.83713739,245.7900
1622326346864000,0,8.39559564,245.3700
1622326346864000,0,1.13894624,245.4500
1622326346864000,0,2.48746626,245.4700
1622326404533000,0,1.67526947,244.7900
1622326647126000,1,0.81879803,243.9900
1622326651553000,1,5.78264909,243.4700
1622326654661000,1,3.49725192,243.4700
1622326655101000,1,0.00000001,243.4700
1622326970099000,1,2.50000000,244.2100
1622327227043000,1,0.54198889,244.9500
1622327472488000,1,0.69221371,245.5600
1622327560143000,0,2.81758865,246.7500
1622327729914000,1,1.31612250,246.0400
1622327731701000,1,3.88994591,245.7500
1622327782694000,1,2.81758865,245.1100
1622328205222000,0,2.80416598,246.2800
1622328473801000,1,0.85635000,243.7600
1622328473801000,1,1.94781598,243.7400
1622328525750000,0,4.00000000,243.9500
1622328615494000,1,0.95430151,243.1700
1622328616577000,1,4.11304791,242.9300
1622329248403000,1,0.63513234,242.1700
1622329340472000,1,0.10453977,240.1000
1622329823177000,1,0.63409997,242.6400
1622330563438000,0,0.10453977,244.9000
1622330723653000,0,6.89875383,244.7500
1622331018873000,0,0.13595353,247.5700
1622331276424000,0,0.79706699,248.1300
1622331573955000,1,0.64189784,248.0800
