timestamp ms,type,amount,price
1622246527337000,0,0.24284693,265.9700
1622247180411000,0,0.15729280,265.8100
1622247334118000,0,0.86500000,266.0000
1622247334421000,0,2.13500000,266.0000
1622247656111000,1,0.24284693,266.5800
1622248156050000,0,3.22754718,269.0100
1622248156311000,0,4.12413007,269.0100
1622248157470000,1,1.11169759,269.0100
1622249323366000,0,0.19682059,269.4700
1622249340119000,0,0.23949393,270.3200
1622249589899000,0,0.09468125,270.4000
1622249807210000,1,0.23949393,271.3500
1622250088332000,0,0.32987573,273.0000
1622250097753000,0,0.23758683,273.5000
1622250177076000,0,0.76241317,273.5000
1622250178059000,0,0.21603904,273.8200
1622250179693000,0,0.86500000,274.0000
1622250179910000,0,1.13500000,274.0000
1622250243865000,1,0.86500000,273.8300
1622250258371000,1,0.49203332,273.6500
1622250258778000,0,0.87365000,273.5300
1622250258778000,0,0.26135000,273.5800
1622251111744000,0,1.14368000,273.7600
1622251111985000,0,1.35111714,273.8600
1622251112221000,0,4.28574133,273.8600
1622251112477000,1,1.35111714,273.8600
1622251112477000,1,1.20447212,273.8500
1622251112477000,1,1.14368000,273.7600
1622251117500000,1,0.27170000,273.8500
1622251494657000,0,0.09292854,275.5000
1622253309094000,1,0.85635000,270.5400
1622253309094000,1,3.85108471,270.5200
1622254348050000,1,3.34000000,273.4000
1622254382634000,0,0.86500000,273.7300
1622254711393000,1,2.57347156,272.0100
1622255335161000,1,0.09292854,270.1000
1622255970400000,1,0.87365000,270.6400
1622255970400000,1,0.84770000,270.5800
1622255970400000,1,7.59128380,270.5400
1622255970400000,1,1.82868992,270.5100
1622256206593000,1,6.48300000,270.8700
1622256207103000,1,1.01411101,270.7500
1622256207118000,1,2.57941050,270.7500
1622256207118000,1,3.99128923,270.7500
1622256207118000,1,2.32171077,270.7300
1622256207243000,1,2.57941050,270.7300
1622256207501000,1,1.25973623,270.7300
1622256207697000,1,1.25973623,270.7300
1622256207870000,1,1.25973623,270.7300
1622256210966000,1,3.59361288,270.6600
1622256211198000,1,1.94618174,270.6700
1622256234988000,0,0.86500000,270.6400
1622256312354000,1,0.88226348,270.6500
1622256312674000,0,0.86500000,270.7700
1622256313207000,1,3.59384512,270.6500
1622256313672000,1,2.29953900,270.6500
1622256314077000,1,1.69050348,270.6500
1622256314514000,1,1.26005500,270.6500
1622256314880000,1,1.26005500,270.6500
1622256318269000,0,0.86500000,270.7500
1622256319269000,0,0.02691300,270.7500
1622256319269000,0,0.83808700,270.7700
1622256320442000,0,7.58123820,270.8700
1622256320474000,0,0.86500000,270.8800
1622256321390000,1,0.89095000,270.7600
1622256321692000,0,4.67393118,270.7500
1622256323098000,0,14.21542656,270.7100
1622256323098000,0,11.47129937,270.7300
1622256323098000,0,0.87516252,270.8700
1622256323152000,1,1.97213100,270.9200
1622256326296000,0,0.72837499,270.9200
1622256368878000,0,2.47496600,271.1700
1622256730255000,1,0.86500000,269.5000
1622256730276000,1,10.31956400,269.5000
1622256763405000,0,0.25231911,269.4400
1622257681096000,0,0.85635000,270.2000
1622258277326000,0,11.18456400,270.7000
1622258497669000,0,0.87365000,270.9700
1622258706889000,1,0.86500000,273.5000
1622258706987000,1,10.20505484,273.5000
1622258827597000,1,0.86500000,272.5400
1622259339853000,1,4.51565000,271.2000
1622259669296000,1,0.86500000,270.3100
1622259669694000,1,2.47500000,270.3100
1622260090717000,0,0.75920041,270.6400
1622260117133000,1,0.86500000,270.0600
1622260290363000,1,0.83040000,270.2200
1622260718928000,0,8.60201492,271.8700
1622261771078000,0,0.76198598,269.6900
1622262289150000,0,0.83905000,268.8400
1622262289150000,0,7.64823973,268.9000
1622262289150000,0,0.88230000,268.9100
1622262289150000,0,0.88230000,268.9600
1622262289150000,0,10.70753562,269.0100
1622262289150000,0,9.04057465,269.0500
1622262551263000,0,0.76116583,270.0200
1622263473953000,0,7.67794973,267.6900
1622263473953000,0,10.75099573,267.7500
1622263473953000,0,0.83040000,267.8200
1622263473953000,0,0.84770000,267.8800
1622263473953000,0,0.16925660,267.9500
1622263473953000,0,1.74675600,267.9500
1622263473953000,0,7.97694194,267.9600
1622264004835000,1,0.09468125,265.1000
1622264005353000,1,0.12000000,264.1900
1622264328894000,1,0.88226603,264.0700
1622264328915000,1,0.00003397,264.0700
1622264328915000,1,0.83034478,264.0000
1622264329297000,1,0.88230000,264.0600
1622264329297000,1,0.00005522,264.0000
1622264329297000,1,6.89819638,263.9800
1622264329298000,1,0.88238329,263.9800
1622264329298000,1,10.89137795,263.9400
1622264329298000,1,3.78355548,263.7100
1622264329409000,1,0.86500000,264.0600
1622264329410000,1,5.45946045,263.7100
1622264329737000,0,0.83666200,263.9400
1622264329926000,1,2.58930500,263.8200
1622264329977000,1,3.79143719,263.8200
1622264330048000,1,0.88230000,263.9300
1622264330048000,1,1.40344077,263.8200
1622264330048000,1,6.31430340,263.7100
1622264330048000,1,3.79247397,263.5800
1622264330048000,1,11.42976386,263.5700
1622264330253000,1,3.79226744,263.5900
1622264330253000,1,0.16672756,263.5700
1622264330269000,1,3.97810292,263.5700
1622264330269000,1,0.43473508,263.4900
1622264330415000,0,0.86500000,263.9400
1622264330499000,1,0.83040000,263.6200
1622264330501000,0,0.83040000,263.5700
1622264330518000,1,3.35670211,263.4900
1622264330518000,1,3.81872389,263.4900
1622264330681000,0,5.27842800,263.5700
1622264330681000,0,1.29544612,263.8200
1622264330754000,1,2.27883800,263.4900
1622264331077000,1,3.79183421,263.4900
1622264331077000,1,9.23912579,263.4800
1622264331314000,1,2.49123700,263.4800
1622264331406000,1,3.69346300,263.4800
1622264331481000,0,5.80660419,263.4900
1622264331591000,0,3.75927600,263.4800
1622264332229000,0,3.95899500,263.4900
1622264332392000,1,6.89292043,263.4900
1622264332495000,0,2.80080200,263.5700
1622264333039000,0,4.61264080,263.7100
1622264333063000,1,0.86500000,263.7000
1622264333151000,1,0.85635000,263.6300
1622264333151000,1,1.73563700,263.5000
1622264333179000,1,0.89719900,263.5000
1622264333305000,1,0.87365000,263.5000
1622264333399000,1,4.31209974,263.5000
1622264333401000,1,2.56841426,263.5000
1622264333501000,0,1.23910000,263.5000
1622264333569000,0,3.08164974,263.5000
1622264333569000,0,1.98657500,263.5000
1622264333569000,0,2.71493520,263.5700
1622264333578000,0,0.71464673,263.5700
1622264333593000,0,1.93580200,263.7000
1622264333671000,1,0.87361247,263.6200
1622264333831000,1,0.87361247,263.6200
1622264333891000,1,7.50322600,263.6200
1622264334112000,1,0.93009575,263.6200
1622264334964000,1,0.00005779,263.6200
1622264334964000,1,3.79254134,263.5000
1622264335337000,1,1.97608924,263.5100
1622264335409000,1,0.90766006,263.5100
1622264335523000,1,1.98572800,263.5100
1622264335860000,1,0.90796800,263.6600
1622264335996000,1,1.38989349,263.6600
1622264336001000,1,3.39200057,263.6600
1622264336020000,1,1.47987693,263.6600
1622264336505000,1,0.00007987,263.5000
1622264336505000,1,1.47978709,263.5000
1622264336533000,1,3.39514400,263.5000
1622264336972000,1,0.13772300,263.5100
1622264337391000,1,2.74605100,263.5100
1622264337391000,1,0.65893600,263.5100
1622264337422000,1,2.74605100,263.5100
1622264337525000,1,4.09823900,263.5100
1622264337630000,0,1.32704471,263.5100
1622264337675000,0,0.95579886,263.6200
1622264338896000,1,0.05009708,263.4900
1622264345910000,0,7.17280592,263.4600
1622264346415000,0,4.77851922,263.6600
1622264411392000,1,7.81134617,262.7700
1622264411392000,1,3.25870867,262.6500
1622264412002000,1,0.23758683,262.6500
1622264437248000,0,0.56921700,263.4600
1622264534761000,0,0.88229944,264.0600
1622264534761000,0,8.32471480,264.0600
1622264832628000,1,0.58453778,265.6800
1622265388167000,0,0.09468125,270.4000
1622265415864000,0,0.89095000,270.5100
1622265415864000,0,0.86500000,270.5800
1622265415864000,0,10.64667977,270.6400
1622265507220000,0,1.74703080,270.5100
1622265530446000,1,6.52672219,271.9900
1622265577207000,0,0.86500000,271.6700
1622265577207000,0,0.74059457,271.7300
1622265585009000,0,0.88230000,272.4400
1622265585009000,0,0.89095000,272.4500
1622265585009000,0,0.81310000,272.5200
1622265585009000,0,2.38925961,272.5700
1622265585009000,0,1.88469570,272.5800
1622265729723000,0,0.86500000,269.8200
1622265939182000,1,6.86030531,271.2400
1622265994486000,0,5.98036164,273.1600
1622266013194000,0,0.84533295,273.5400
1622266049701000,1,3.66430215,272.4800
1622266106831000,0,0.86500000,273.8300
1622266113829000,0,0.83040000,274.1600
1622266124790000,0,0.83040000,273.9600
1622266151451000,0,0.25231910,274.8700
1622266151711000,0,0.00000001,274.8700
1622266157330000,0,0.84770000,274.8600
1622266157330000,0,0.83905000,274.8700
1622266157330000,0,7.47035085,274.9900
1622266157330000,0,0.91690000,275.0000
1622266157952000,0,7.47035085,274.9900
1622266551403000,0,4.46850000,273.1600
1622266551403000,0,7.19215454,273.1700
1622267053472000,1,0.75267198,272.8200
1622267167001000,1,0.86500000,271.8600
1622267293525000,1,0.75515012,271.5800
1622268246827000,0,1.00000000,273.3500
1622269134958000,0,1.45065274,272.4600
1622269629614000,0,3.61786826,273.1800
1622269820791000,0,7.52530329,273.2100
1622269820791000,0,1.42988290,273.2800
1622269820791000,0,0.19486073,273.2900
1622270213599000,1,0.08015505,271.5400
1622270235208000,1,0.75623571,271.8200
1622270537745000,0,7.56501766,271.8300
1622270539133000,0,0.86500000,271.8200
1622270775562000,1,0.75568974,271.5400
1622271198359000,0,3.59413400,270.7000
1622271404269000,1,10.80018566,269.3000
1622271846073000,0,7.63923247,269.2200
1622271854990000,0,7.36819834,269.2300
1622272011381000,0,0.86500000,269.8900
1622273822375000,1,0.21623938,268.2500
1622273823684000,1,7.43514751,268.2500
1622273823684000,1,0.86500000,268.1500
1622273823684000,1,3.36050703,268.1500
1622273823887000,1,0.50000000,268.2500
1622273944583000,1,25.80330263,268.0600
1622274297696000,0,0.86500000,266.5500
1622274334423000,1,0.08579262,266.9000
1622274555537000,0,0.87365000,267.0900
1622274555537000,0,0.12635000,267.1100
1622274563116000,1,0.50292441,266.7200
1622275145381000,1,0.09468125,265.1000
1622275148598000,0,0.28668427,265.0900
1622275289961000,0,0.32388390,266.3300
1622275324789000,0,0.42015416,266.6800
1622275324843000,1,0.89092874,266.4800
1622275791839000,1,0.86500000,264.0000
1622275792024000,1,1.13500000,264.0000
1622275792024000,1,2.86500000,263.7000
1622276737963000,1,0.19284313,263.6100
1622276879611000,1,3.34000000,262.7700
1622277025671000,1,0.09650134,260.1000
1622277025671000,1,0.16976032,259.9000
1622277026117000,1,0.10000000,259.5500
1622277029239000,0,0.20805240,259.4500
1622277105052000,1,0.86500000,261.2500
1622277748929000,1,0.24365676,259.5600
1622277749024000,1,0.86500000,259.5600
1622277749125000,1,2.23134324,259.5600
1622277916008000,1,0.86500000,259.0100
1622278300083000,0,0.18526760,260.6000
1622278727686000,1,4.72244000,259.1700
1622278731035000,1,0.86500000,259.0000
1622278889438000,1,0.32310658,259.2300
1622279121562000,1,0.89095000,256.7800
1622279121562000,1,0.85635000,256.6900
1622279121562000,1,7.99651968,256.6600
1622279121562000,1,2.65881009,256.6400
1622279149070000,0,3.71875818,257.6500
1622279149070000,0,20.76279575,257.6600
1622279527497000,0,4.05477905,256.8500
1622279629158000,0,0.39112918,255.6700
1622279698087000,0,0.86500000,256.0000
1622279698141000,0,1.28227272,256.0000
1622279831603000,1,0.09839278,255.1000
1622279929295000,1,4.05477905,253.7700
1622279934232000,1,8.09006903,253.6500
1622279934232000,1,3.34000000,253.6100
1622279934232000,1,6.34200000,253.5600
1622279934232000,1,0.85635000,253.5100
1622279934232000,1,2.00000000,253.5000
1622279934232000,1,3.85313490,253.2500
1622279960442000,1,0.80660773,253.9100
1622280080777000,1,0.80906148,254.6200
1622280128934000,0,0.18066138,254.6100
1622280195742000,0,0.57652629,254.0000
1622280200910000,1,0.80675374,254.0800
1622280320882000,1,0.81076698,253.7900
1622280563584000,0,0.80876601,253.2500
1622280574273000,0,0.25000000,253.3100
1622280604473000,0,3.16614965,253.6600
1622280723268000,0,0.80879334,253.8900
1622280723840000,0,12.80031508,253.9000
1622280747487000,0,0.38794801,253.8700
1622280808435000,1,6.48300000,252.0000
1622280914214000,0,0.86500000,253.1200
1622281513158000,0,0.34833195,256.4100
1622281513978000,0,0.23109902,256.3700
1622281610107000,0,2.93610260,258.0700
1622281782819000,1,0.68115436,257.9200
1622281958665000,1,0.40230639,257.5400
1622281989845000,0,4.79163295,257.6900
1622282154625000,0,7.97948861,258.0000
1622282154625000,0,0.86500000,258.0400
1622282158146000,0,7.97948861,258.0000
1622282158146000,0,0.88230000,258.0300
1622282679204000,0,2.96693600,258.4700
1622282679204000,0,7.96367365,258.5800
1622282679204000,0,8.29379884,258.6100
1622283693015000,0,0.83036890,257.5000
1622284277150000,1,0.80279728,255.3900
1622284277245000,1,0.18526760,255.3900
1622284502129000,1,0.10000000,257.2300
1622284644328000,1,0.79992246,258.0500
1622284934530000,0,0.85574394,256.8900
1622285177600000,0,0.30839652,255.7600
1622285490749000,0,0.39105271,255.7200
1622285635151000,0,0.86500000,257.9500
1622285635151000,0,1.84573968,257.9600
1622285774505000,1,1.05210077,256.8100
1622286099845000,1,1.39700000,256.6900
1622286175827000,0,8.02240648,256.7300
1622286175827000,0,0.84770000,256.7900
1622286175827000,0,0.36696929,256.8500
1622286176796000,0,0.84770000,256.7100
1622286176796000,0,1.66696929,256.7300
1622286374231000,0,0.84440274,256.2900
1622286378165000,0,0.89095000,256.2800
1622286385551000,0,1.10905000,256.3100
1622286556327000,0,0.21894260,257.4000
1622286758455000,0,0.08888975,257.5100
1622286962080000,1,3.91776379,255.1000
1622286962080000,1,0.85635000,255.0900
1622286962080000,1,3.97077336,255.0400
1622287084664000,0,0.56510000,254.4300
1622287120218000,1,0.10000000,253.0000
1622287120281000,1,0.08888975,252.5800
1622287273862000,1,0.21623938,254.3000
1622287325822000,1,0.21675701,253.0000
1622287356529000,1,0.86500000,253.0000
1622287356834000,1,0.57927065,253.0000
1622287360663000,1,1.00000000,253.0000
1622287365894000,1,0.34429787,252.0000
1622287835657000,0,0.18066138,259.7000
1622287855197000,0,0.09839278,260.2000
1622287858922000,0,0.86500000,261.1000
1622287858922000,0,7.89332478,261.1000
1622287858922000,0,0.84770000,261.1100
1622287858922000,0,2.69867521,261.7200
1622287858922000,0,10.38700000,263.2800
1622287858922000,0,0.97972508,263.2900
1622287860342000,0,0.86500000,261.1000
1622287861453000,0,0.79564570,261.1000
1622287898358000,1,0.86500000,261.3800
1622288014777000,1,0.86500000,261.0100
1622288014865000,0,0.11500000,261.0000
1622288193781000,1,1.09497081,261.0000
1622288527869000,1,1.00000000,260.5000
1622288619288000,1,0.18607389,261.2500
1622288640916000,0,0.14927900,261.3800
1622288907314000,1,5.75595900,261.6500
1622289035659000,0,0.83040000,262.5400
1622289035659000,0,7.84206149,262.6000
1622289035659000,0,0.79927474,262.6200
1622289620487000,0,0.18660268,260.5000
1622289693856000,1,1.40000000,258.7600
1622290696742000,1,0.09839278,255.1000
1622290885854000,0,8.01414473,257.2100
1622290993452000,1,0.86500000,256.6200
1622291179096000,1,9.10463035,256.0000
1622291571689000,1,0.20000000,256.1400
1622292157885000,1,1.00000000,253.0000
1622292160158000,0,0.17786561,252.9700
1622292231680000,0,0.45231869,253.0000
1622292433118000,1,0.86500000,253.2200
1622292433118000,1,0.83040000,253.2000
1622292448994000,1,0.10000000,252.6500
1622292572670000,0,0.71714060,253.2000
1622292701307000,0,7.91454557,253.5700
1622292800982000,0,0.84770000,252.7000
1622293222905000,1,0.86500000,251.3900
1622293222905000,1,0.13398103,251.3300
1622293321792000,0,0.50617914,254.1700
1622293327289000,0,0.86500000,253.8700
1622293327289000,0,0.82175000,253.9400
1622293329175000,0,0.86500000,253.8200
1622293329175000,0,1.53791635,253.8400
1622293329706000,0,1.20791635,253.8400
1622293405838000,1,0.18660268,253.2300
1622293613148000,0,0.18732159,252.2400
1622293699263000,0,4.41803293,251.9900
1622293755315000,1,0.83040000,250.2200
1622293755315000,1,3.99567192,250.1600
1622293755315000,1,0.88230000,250.1500
1622293755315000,1,0.10035985,250.1000
1622293755315000,1,0.50748826,250.0200
1622293829459000,1,2.44138234,250.0100
1622293829746000,1,0.40255996,250.0000
1622293829999000,1,4.59744004,250.0000
1622293829999000,1,0.40000000,250.0000
1622293829999000,1,2.00000000,250.0000
1622293829999000,1,3.00000000,250.0000
1622293829999000,1,2.00000000,250.0000
1622293829999000,1,0.34990864,250.0000
1622293829999000,1,1.00000000,250.0000
1622293830309000,1,0.85635000,249.0300
1622293830309000,1,3.34000000,248.9100
1622293830309000,1,4.95369692,248.9100
1622293831066000,1,0.88230000,249.1300
1622293831066000,1,4.91805000,249.0100
1622293831066000,1,0.88230000,248.9600
1622293831066000,1,1.82095896,248.9300
1622293949103000,0,1.78131996,249.8800
1622294024293000,1,0.84770000,248.3300
1622294024293000,1,0.89960000,248.2600
1622294024293000,1,11.60002457,248.2100
1622294024293000,1,1.00000000,248.1900
1622294024293000,1,4.87708392,247.9400
1622294203140000,0,0.25000000,251.3100
1622294303023000,1,0.88230000,249.3200
1622294303023000,1,10.38700000,249.2800
1622294303023000,1,12.40212507,249.2400
1622294495872000,0,0.19898913,251.2700
1622294978444000,1,0.19193451,247.0100
1622295151331000,1,0.86500000,247.8100
1622295151862000,1,3.16797900,247.8100
1622295191951000,0,0.15334329,247.7300
1622295196179000,1,8.31332224,247.5600
1622295383074000,0,0.86500000,250.7300
1622295383074000,0,3.23820148,250.7900
1622295443967000,1,0.18732159,249.0400
1622295595086000,0,0.18800112,248.1900
1622295877593000,1,0.13733999,248.4600
1622295879604000,1,3.87916817,248.4600
1622296047914000,1,0.83905000,251.0900
1622296047914000,1,0.88230000,251.0400
1622296047914000,1,0.72003234,250.9700
1622296118017000,1,0.18800112,251.9100
1622296209254000,1,0.86500000,251.4600
1622296209738000,1,1.41216397,251.4600
1622296223192000,0,0.18865293,250.9900
1622296363677000,1,0.18865293,250.8700
1622296650582000,0,0.15334329,252.7500
1622296714664000,0,0.86500000,254.0000
1622296714933000,0,1.13500000,254.0000
1622296722703000,0,2.40000000,254.4500
1622296956369000,0,0.10035985,255.1000
1622297108096000,0,0.63269777,256.7100
1622297147665000,1,0.86500000,255.8600
1622297342845000,0,0.83905000,255.1700
1622297396880000,0,3.90641363,255.3800
1622297815343000,1,0.86500000,252.3700
1622297815587000,1,3.09485533,252.3700
1622297982456000,1,0.86500000,251.3800
1622297982465000,1,3.11053020,251.3800
1622297997776000,0,0.86500000,251.5100
1622297997776000,0,0.55848457,251.5500
1622298185678000,1,0.10035985,250.1000
1622298185678000,1,0.76464015,250.0000
1622298186626000,1,0.86500000,250.0000
1622298186730000,1,11.37035985,250.0000
1622298208974000,0,0.18931242,250.0100
1622298624501000,0,8.16530333,252.2700
1622299314556000,1,1.50000000,249.7200
1622299953576000,0,8.19516317,251.3500
1622299953576000,0,21.10748463,251.6300
1622299953576000,0,0.87365000,251.6400
1622299953576000,0,0.04403517,251.7100
1622300136470000,0,0.15248340,250.0600
1622300170066000,1,0.72223779,249.7200
1622300322800000,0,0.86500000,249.9500
1622300578944000,0,2.38925961,248.8300
1622300794329000,1,0.82814363,248.0100
1622300794604000,1,0.89095000,248.0700
1622300794604000,1,0.05415637,248.0100
1622300794604000,1,0.79580000,248.0100
1622300794604000,1,0.89095000,247.9200
1622300794604000,1,11.60880829,247.8900
1622300794604000,1,0.94285000,247.8200
1622300794604000,1,10.38700000,247.7400
1622300794604000,1,4.64981831,247.7300
1622301090429000,0,0.14935615,247.6600
1622301160730000,1,8.00000000,246.0000
1622301185431000,1,1.00000000,245.0000
1622301185431000,1,23.87657142,245.0000
1622301185473000,1,3.34000000,244.1100
1622301185473000,1,2.00000000,244.0000
1622301185473000,1,1.14300000,243.5100
1622301186103000,1,5.02728000,243.6000
1622301186103000,1,0.31885745,243.5000
1622301186103000,1,9.65386255,243.1800
1622301186180000,1,1.00000000,243.1600
1622301394880000,0,0.83905000,245.1400
1622301590085000,1,0.86500000,243.9300
1622301897641000,1,3.56505482,244.5100
1622302093822000,1,0.65743800,242.0000
1622302097951000,1,1.86309211,241.7900
1622302136914000,0,0.31885745,243.5400
1622302328218000,0,7.03862905,245.6700
1622302355830000,1,0.83040000,244.9400
1622302355830000,1,0.00532909,244.8200
1622302363475000,1,0.86500000,245.7000
1622302475640000,1,0.84121269,243.6700
1622302596448000,1,0.83982800,245.9300
1622302715958000,1,0.83870101,244.9100
1622302718520000,1,0.18931242,244.8300
1622302836084000,1,0.83480816,246.6800
1622302956724000,1,0.83375020,246.6900
1622303050761000,1,6.83234488,247.1300
1622303312667000,1,1.56481102,246.1500
1622303550023000,0,10.80018566,244.8000
1622303630603000,1,4.98082000,244.6400
1622303673329000,0,0.19001352,243.9300
1622303843490000,1,4.09180413,244.3300
1622303973393000,1,0.15248340,244.4900
1622304208404000,0,0.88230000,246.7900
1622304208404000,0,0.12296331,246.8800
1622304260836000,1,0.19001352,247.1900
1622304334876000,0,0.19008498,247.1000
1622304774522000,1,0.19008498,243.5000
1622304906696000,0,0.19045463,243.0500
1622305116876000,0,2.38925961,247.2400
1622305132729000,0,0.83905000,247.3000
1622305132729000,0,0.17185401,247.3200
1622305175431000,1,1.00000000,246.6200
1622305522187000,1,1.39014307,246.7100
1622305559029000,0,0.56901648,245.6800
1622305589009000,1,3.13505020,244.5000
1622306038532000,0,4.72629710,247.8600
1622306451158000,0,0.88807104,249.9800
1622306607836000,1,4.00837344,249.3100
1622306734629000,1,0.86500000,248.7200
1622306738997000,1,0.84770000,247.9200
1622306893760000,0,0.08014747,249.5400
1622307347746000,0,0.14935615,252.6700
1622307680199000,1,4.86976888,249.9700
1622307857060000,0,0.86500000,248.8600
1622307857060000,0,0.87365000,248.9700
1622307951535000,0,0.40000000,247.7700
1622307955291000,0,0.14933204,247.7600
1622307956829000,1,4.03726844,247.5900
1622308273771000,1,8.33051908,246.9100
1622308479030000,1,3.65028528,244.9200
1622309195280000,0,2.06271734,244.4300
1622309224762000,1,0.10000000,244.3000
1622309303205000,1,0.86500000,243.8000
1622309303386000,1,9.97946267,243.8000
1622309553095000,1,1.00000000,243.8000
1622309696952000,1,0.86500000,242.7300
1622309701308000,0,0.13595353,242.7200
1622309819712000,1,0.95705316,242.9300
1622309848360000,1,0.40000000,242.2600
1622310279660000,0,0.86500000,241.1400
1622310348257000,1,0.88230000,240.2000
1622310348257000,1,0.00577104,240.1400
1622310433494000,1,0.86500000,240.0000
1622310433944000,1,1.00000000,240.0000
1622310433981000,1,2.13500000,240.0000
1622310433981000,1,0.40548212,240.0000
1622310433981000,1,1.63504895,239.4300
1622310434038000,1,1.00000000,239.3900
1622310510635000,1,3.80701534,238.8000
1622310621553000,1,0.86500000,238.2900
1622310621553000,1,2.07110260,238.1900
1622310621930000,1,0.21203661,238.4000
1622310729080000,0,0.86500000,238.5800
1622310845539000,1,3.14527711,237.7100
1622310969044000,1,4.64592685,238.2800
1622311042051000,0,0.87365000,239.4200
1622311042051000,0,5.60607743,239.4300
1622311181724000,1,0.75727543,238.8600
1622311213378000,1,2.06271734,237.4700
1622311236072000,0,0.12212069,237.4200
1622311286294000,0,2.27716397,237.2200
1622311289742000,0,0.35274073,237.6700
1622311451127000,1,1.42348457,238.3200
1622311549698000,0,0.86500000,238.8800
1622311744728000,1,0.88230000,237.5100
1622311744728000,1,4.60868960,237.4000
1622311804148000,1,4.10320148,236.1700
1622311804814000,1,0.46210530,236.2900
1622311832140000,1,0.21299355,236.5300
1622311982129000,1,1.00000000,237.0000
1622312005705000,0,0.88230000,236.4600
1622312005705000,0,0.10093163,236.5100
1622312227829000,0,2.94670542,237.3600
1622312559459000,0,0.20137309,237.5200
1622312591314000,0,0.83040000,237.2100
1622312591314000,0,3.24976842,237.2400
1622312875228000,0,3.41599190,237.1200
1622312990026000,0,8.72116736,236.3300
1622312990026000,0,0.87365000,236.3300
1622312990026000,0,0.41732205,236.3800
1622313009025000,1,0.86500000,235.9300
1622313293733000,0,8.60429149,239.4900
1622313557990000,1,2.94670542,239.4300
1622313594870000,0,0.51007609,239.1800
1622313840888000,1,0.15786360,237.8300
1622313841308000,1,0.20137309,237.8300
1622314287121000,1,0.15662471,235.7000
1622314627957000,1,4.08016842,236.8400
1622315546515000,1,0.15000000,235.0000
1622315546515000,1,0.71500000,235.0000
1622315559226000,1,0.86500000,235.0000
1622315559534000,1,0.42000000,235.0000
1622315559534000,1,3.00221276,235.0000
1622315587138000,0,0.86500000,234.5200
1622315587507000,0,0.00772219,234.5200
1622315894136000,0,0.21364782,234.0300
1622316066786000,0,1.69396586,233.0900
1622316071946000,0,0.83905000,233.1400
1622316195818000,1,4.32000000,232.0000
1622316200966000,0,0.11206897,231.9000
1622316232524000,1,3.00221276,231.5700
1622316415796000,1,0.25503804,232.7200
1622316619778000,1,0.10000000,231.3000
1622317277301000,1,0.89095000,235.9400
1622317277301000,1,0.84770000,235.8500
1622317277301000,1,3.10632588,235.8300
1622317393763000,0,3.50000000,236.3900
1622317539679000,0,0.11206897,236.6300
1622317630117000,0,6.30312817,236.8600
1622317632742000,0,2.38806667,236.8600
1622318034870000,1,0.70266224,236.9300
1622318489632000,1,0.35189415,236.8200
1622318625445000,0,0.46730939,237.5300
1622318764440000,0,0.41809515,239.1800
1622318773752000,0,0.55650864,238.9900
1622318787542000,1,0.32307594,238.1900
1622318843925000,1,13.21968933,238.2000
1622319241487000,1,0.60600391,235.1800
1622319242291000,1,0.10000000,235.0000
1622319285054000,1,2.00408071,234.6400
1622319395968000,1,0.19045463,232.8300
1622319418393000,1,0.30389267,233.3200
1622319749291000,1,0.88230000,232.2400
1622319749291000,1,0.89095000,232.1800
1622319749291000,1,9.07121267,232.1300
1622319784510000,0,0.11200620,232.1000
1622319903824000,0,0.11530009,231.6200
1622319905607000,1,0.83905000,231.3100
1622319905607000,1,4.32326137,231.2300
1622319905607000,1,0.88230000,231.2200
1622319905607000,1,0.88230000,231.1700
1622319905607000,1,1.00000000,231.1000
1622319905607000,1,5.29277796,231.0700
1622319987029000,1,0.82487833,231.1200
1622320406907000,1,3.39650000,234.7900
1622320754987000,0,0.11200620,236.7600
1622320892834000,0,0.83905000,236.7400
1622320892834000,0,8.69601381,236.7500
1622320892834000,0,0.46493619,236.8900
1622321143949000,0,0.10453977,236.3000
1622321148894000,0,0.10240718,236.1700
1622321523303000,0,0.83040000,235.2000
1622321523303000,0,0.10466763,235.2200
1622322100101000,0,4.57163009,237.5400
1622322124912000,1,0.86500000,237.1300
1622322125128000,1,0.13500000,237.1300
1622322204684000,0,1.00872015,237.4000
1622322312136000,0,0.86646102,237.9600
1622322366903000,0,0.22998485,239.0100
1622322407591000,1,1.00000000,238.7800
1622322413218000,1,0.84770000,238.6400
1622322517113000,1,0.46518858,238.3300
1622322533845000,0,0.86162329,237.6900
1622322634196000,0,6.54162638,239.0700
1622322774031000,1,0.86144516,238.0700
1622323014212000,1,0.86224736,239.0000
1622323038108000,0,0.83905000,238.8900
1622323038108000,0,0.86278299,238.9200
1622323038108000,0,8.61729280,238.9400
1622323038108000,0,0.03487762,238.9500
1622323038608000,0,8.61729280,238.9400
1622323038608000,0,0.82147238,238.9500
1622323148550000,0,0.86500000,238.9900
1622323322184000,0,0.09080335,240.7400
1622323322969000,0,0.33230871,240.7400
1622323574657000,1,0.86500000,238.9400
1622323635281000,1,0.86500000,238.7000
1622323735123000,1,0.86218788,238.1100
1622323975300000,1,0.86200951,240.0700
1622324008404000,1,4.17419069,239.5000
1622324215671000,1,0.86097048,239.0800
1622324396179000,1,0.10000000,241.5200
1622324401488000,0,0.10000000,241.4200
1622324421621000,0,0.84770000,241.4600
1622324429101000,0,0.85496392,241.5400
1622324518813000,0,0.12212069,242.2100
1622324518813000,0,0.56089662,242.2700
1622324575903000,1,0.85010881,242.1500
1622324622989000,0,1.22845947,242.4500
1622324636538000,0,0.88230000,242.6000
1622324636538000,0,1.69500808,242.6500
1622324636538000,0,0.87365000,242.6600
1622324636538000,0,0.23158233,242.6800
1622324695868000,1,0.84918478,241.2900
1622324720485000,0,0.85304666,241.1100
1622324720485000,0,1.51755492,241.1200
1622324779541000,0,1.16114940,240.7000
1622324857198000,0,0.70933386,242.4200
1622324857998000,0,25.87378444,242.4200
1622324879789000,0,0.70016484,242.5400
1622324920536000,0,0.25640920,243.4000
1622324987118000,0,4.10393069,243.7700
1622325027435000,1,0.13014555,243.2700
1622325186236000,0,0.86500000,243.0500
1622325198653000,0,0.24802855,243.5400
1622325320606000,0,0.31491048,243.1500
1622325372579000,0,5.82137762,243.5000
1622325372581000,0,2.63924864,243.5000
1622325372581000,0,2.77553772,243.5800
1622325372581000,0,0.40659126,243.5900
1622325372590000,0,5.82137762,243.5900
1622325372602000,0,5.61732153,243.5900
1622325372602000,0,0.20405609,243.6400
1622325372623000,0,3.90165111,243.6400
1622325372623000,0,1.91972651,243.6600
1622325372629000,0,5.07173426,243.6600
1622325386578000,1,0.54120159,243.7300
1622325454427000,0,6.60819190,244.7900
1622325456831000,0,0.10453977,244.9000
1622325482066000,0,4.42877383,245.4000
1622325520023000,1,0.86500000,245.5000
1622325520634000,1,1.74729121,245.5000
1622325531929000,1,10.15593689,245.5000
1622325635562000,0,8.37930887,245.8700
1622325635562000,0,0.89095000,245.9400
1622325635562000,0,3.05309149,245.9600
1622325635562000,0,1.27717809,245.9700
1622325643844000,0,6.13471134,245.7800
1622325645738000,1,33.53722750,245.7000
1622325648084000,1,4.42888400,245.7000
1622325648305000,1,3.95499875,245.7000
1622325649298000,1,15.79667566,245.7000
1622325774392000,0,3.89337432,245.6900
1622325869364000,0,6.80026422,246.0000
1622325869364000,0,6.34640239,246.0400
1622325980136000,0,2.03502184,245.8300
1622326016575000,0,0.83713739,245.7900
1622326346864000,0,8.39559564,245.3700
1622326346864000,0,1.13894624,245.4500
1622326346864000,0,2.48746626,245.4700
1622326404533000,0,1.67526947,244.7900
1622326647126000,1,0.81879803,243.9900
1622326651553000,1,5.78264909,243.4700
1622326654661000,1,3.49725192,243.4700
1622326655101000,1,0.00000001,243.4700
1622326970099000,1,2.50000000,244.2100
1622327227043000,1,0.54198889,244.9500
1622327472488000,1,0.69221371,245.5600
1622327560143000,0,2.81758865,246.7500
1622327729914000,1,1.31612250,246.0400
1622327731701000,1,3.88994591,245.7500
1622327782694000,1,2.81758865,245.1100
1622328205222000,0,2.80416598,246.2800
1622328473801000,1,0.85635000,243.7600
1622328473801000,1,1.94781598,243.7400
1622328525750000,0,4.00000000,243.9500
1622328615494000,1,0.95430151,243.1700
1622328616577000,1,4.11304791,242.9300
1622329248403000,1,0.63513234,242.1700
1622329340472000,1,0.10453977,240.1000
1622329823177000,1,0.63409997,242.6400
1622330563438000,0,0.10453977,244.9000
1622330723653000,0,6.89875383,244.7500
1622331018873000,0,0.13595353,247.5700
1622331276424000,0,0.79706699,248.1300
1622331573955000,1,0.64189784,248.0800
1622331802560000,1,0.16047446,246.7200
1622333103302000,0,0.89095000,241.5400
1622333103542000,0,0.83905000,241.6300
1622333104116000,0,0.83901407,241.6700
1622333143821000,1,0.23534395,241.7400
1622333461597000,1,0.84516565,243.1100
1622333491451000,1,0.28897382,240.8600
1622333628617000,0,0.13700905,240.7900
1622333855286000,1,0.10453977,240.1000
1622333865300000,1,0.83040000,238.7500
1622333928900000,1,0.24601503,237.7400
1622333935345000,1,0.25640920,237.0700
1622334022662000,1,0.40880732,236.8600
1622334163209000,1,0.45616562,236.7300
1622334197059000,1,0.26574038,236.0000
1622334217171000,0,0.12711864,235.7500
1622334217376000,1,0.09080335,235.0000
1622334218011000,1,0.90919665,235.0000
1622334218011000,1,0.09080335,234.8600
1622334230407000,0,0.86500000,235.8600
1622334629952000,0,0.25532451,238.0500
1622334819509000,1,0.17163532,234.6500
1622334851073000,1,3.81602114,235.4200
1622334947722000,1,0.25532451,234.3500
1622334958814000,1,0.86500000,233.6100
1622334958814000,1,0.48770656,233.5700
1622335323508000,0,0.86500000,233.2400
1622335715411000,1,0.09913207,232.6100
1622335723122000,1,0.86500000,232.5100
1622335726291000,0,0.86500000,232.8500
1622335784373000,0,16.39102971,235.8900
1622335930058000,0,2.18499638,235.4100
1622336216250000,0,0.25266002,236.8400
1622336414584000,0,1.22429789,238.2100
1622337862846000,1,0.86500000,235.2400
1622338350346000,0,8.76355778,235.0300
1622338629321000,1,4.24522754,235.4700
1622338671218000,1,0.18598508,234.9900
1622339597549000,1,0.86500000,236.8700
1622339597835000,1,4.13500000,236.8700
1622340472511000,1,0.25266002,238.3200
1622340500020000,0,0.25127284,239.6200
1622340933734000,1,0.86500000,239.0300
1622341204667000,0,0.12711864,240.7100
1622341278996000,1,0.25127284,241.2200
1622342171366000,0,0.86500000,242.9700
1622343093719000,0,0.86500000,243.6700
1622343222780000,0,0.86500000,243.9500
1622343698645000,0,0.10453977,244.9000
1622343710278000,0,0.54909561,245.1500
1622343921470000,0,0.25488030,245.1200
1622344204876000,0,0.13700905,245.6600
1622344206868000,0,0.83905000,245.5500
1622344763658000,0,0.86500000,247.4400
1622344861979000,0,5.82050700,247.2700
1622344887368000,1,0.87365000,246.8500
1622345059387000,0,0.23499320,246.7000
1622345364829000,0,0.86500000,244.2300
1622345400824000,0,4.48476036,244.4400
1622345412089000,0,0.86500000,244.6300
1622346311044000,0,0.84770000,244.3800
1622346322825000,0,0.89095000,245.0400
1622347814026000,0,1.34852224,247.1200
1622349106998000,0,0.39263970,249.0200
1622349120508000,0,0.24673990,249.2300
1622349214269000,0,0.10240718,250.0000
1622350078309000,0,0.86500000,248.3700
1622351110396000,1,0.82486472,249.8500
1622351150989000,0,1.30314900,250.5300
1622351230568000,1,0.82139571,251.6300
1622351230894000,0,0.40473280,252.0000
1622351242029000,0,0.00074932,252.0000
1622351242029000,0,0.98223148,252.0300
1622351437986000,0,0.83905000,250.7100
1622351438061000,1,0.13075575,250.7100
1622351694885000,0,7.65889770,252.2800
1622351776557000,0,0.14933204,252.7100
1622352051245000,0,5.90225859,254.1400
1622352223741000,0,0.86500000,255.0000
1622352223811000,0,4.04599988,255.0000
1622352231926000,0,0.10035985,255.1000
1622352263752000,0,0.86500000,255.7700
1622352267640000,0,12.13500000,255.7700
1622352282956000,0,0.86266027,256.5900
1622352294009000,1,0.86266027,256.2900
1622352295855000,0,4.09545118,256.9900
1622352728700000,0,2.46413782,255.9800
1622352846637000,0,0.85635000,256.7900
1622352846637000,0,7.32153854,256.7900
1622352994982000,0,9.69501777,258.0300
1622352995483000,0,0.17786561,258.0400
1622353059619000,0,3.87246260,258.3200
1622353100381000,0,0.84770000,257.7400
1622353221657000,1,11.86726213,257.5000
1622353318597000,0,7.99413833,257.7600
1622353546409000,0,0.83268851,258.2300
1622353655397000,0,0.30457866,258.5000
1622353719558000,0,7.96454493,258.6600
1622353719558000,0,0.86500000,258.7500
1622353719558000,0,10.37447182,258.7700
1622353720087000,0,0.77589108,258.7300
1622354170407000,1,0.86500000,257.7300
1622354170813000,1,14.37955902,257.7300
1622354227478000,0,0.86500000,258.6500
1622354227478000,0,10.38700000,258.8200
1622354227478000,0,3.86522134,259.4400
1622354227478000,0,3.17000000,259.4500
1622354227478000,0,4.86674866,259.4600
1622354227879000,1,0.87365000,257.9900
1622354227993000,0,0.86500000,257.9200
1622354233865000,1,4.77588000,258.0200
1622354236065000,0,0.86500000,258.3800
1622354236091000,0,3.91088000,258.3800
1622354260837000,0,4.77588000,258.4900
1622354450583000,0,2.50000000,260.1200
1622354451148000,0,0.09839278,260.2000
1622354542701000,0,0.88230000,260.5000
1622354542701000,0,3.34624716,260.5100
1622354674441000,0,3.00000000,260.8300
1622354938151000,0,0.65743800,262.0000
1622355179975000,0,4.23986978,261.1000
1622355525118000,0,0.86500000,261.6600
1622355575923000,0,0.34990864,262.5000
1622355610611000,0,0.86500000,263.0000
1622355611128000,0,2.13500000,263.0000
1622356021541000,0,0.21722433,261.6700
1622356129893000,0,0.10000000,262.8600
1622356241383000,1,31.59330221,261.0000
1622356241401000,1,0.86500000,261.0000
1622356241660000,1,7.90019321,261.0000
1622356242411000,1,12.74981875,261.0000
1622356598398000,0,0.86500000,263.0000
1622356606462000,0,0.86500000,263.0000
1622356607023000,0,7.37463035,263.0000
1622356649280000,1,0.84770000,262.6500
1622356649280000,1,0.86500000,262.6400
1622356649280000,1,0.28730000,262.5200
1622356727532000,0,7.00000000,264.0000
1622356827603000,0,0.20805240,264.7300
1622357042959000,0,0.37779130,262.8700
1622357447566000,0,0.09650134,265.3000
1622357460926000,0,3.42168221,265.5900
1622357525573000,0,2.02679878,266.4300
1622357557959000,0,0.15050607,265.7700
1622357682825000,0,7.44020777,265.6700
1622357768097000,1,0.86500000,265.3000
1622357768312000,1,1.49515831,265.3000
1622357790619000,1,0.12458793,264.5600
1622357840105000,1,3.72010388,264.3200
1622358185807000,1,3.75471962,266.2200
1622358247663000,0,4.61494000,267.1300
1622358247663000,0,0.89960000,267.1400
1622358247663000,0,7.72093418,267.1900
1622358247663000,0,0.81310000,267.2200
1622358247663000,0,3.74106000,267.9600
1622358247663000,0,3.17000000,267.9700
1622358247663000,0,0.83805349,267.9800
1622358247663000,0,1.00266276,268.0000
1622358247663000,0,55.48000000,269.9600
1622358247663000,0,10.78000000,269.9900
1622358247663000,0,0.50292441,270.0000
1622358247663000,0,0.28668427,270.3900
1622358247663000,0,0.09468125,270.4000
1622358247663000,0,1.00000000,273.0000
1622358247663000,0,1.00266277,273.0000
1622358247663000,0,2.13992152,273.7000
1622358307227000,0,7.69959057,267.9200
1622358307227000,0,0.84770000,267.9700
1622358307227000,0,7.38705986,268.0400
1622358307399000,1,7.70009176,267.4500
1622358307399000,1,4.16717037,267.4500
1622358344500000,1,0.86500000,266.8100
1622358344800000,1,9.91500000,266.8100
1622358385992000,1,10.78000000,266.6300
1622358397668000,1,0.86500000,266.4700
1622358418704000,1,0.11300000,266.3100
1622358511821000,0,0.40000000,266.0000
1622358605672000,0,0.40000000,265.5000
1622358621024000,1,10.78000000,265.4100
1622358621024000,1,5.15435043,265.3700
1622358653482000,1,0.09468125,265.1000
1622358919969000,1,0.85635000,264.6300
1622358919969000,1,3.17000000,264.6200
1622358919969000,1,7.77992249,264.5700
1622358919969000,1,0.86500000,264.5500
1622358919969000,1,0.80445000,264.4600
1622358919969000,1,10.78000000,264.4400
1622358919969000,1,10.89279879,264.4400
1622358919969000,1,0.90825000,264.3900
1622358919969000,1,9.27511200,264.3300
1622358919969000,1,3.77959364,264.3200
1622358919969000,1,8.60630899,264.3200
1622358920150000,1,0.20000000,264.3400
1622359059448000,1,0.31000000,265.8600
1622359115341000,1,0.86500000,265.9000
1622359115410000,1,31.01777791,265.9000
1622359115945000,1,25.51549211,265.9000
1622359264569000,0,0.18884314,264.7700
1622359286627000,0,1.32355165,264.4400
1622359398582000,1,2.50000000,265.3000
1622359400267000,1,12.87420022,265.3000
1622359454136000,1,1.41092673,263.8600
1622359454601000,1,0.84770000,263.2900
1622359454601000,1,5.95256423,263.2500
1622359454653000,1,1.86212208,263.2500
1622359454653000,1,4.65238000,263.2300
1622359454653000,1,10.94056083,263.1500
1622359454653000,1,15.62120339,263.0300
1622359454653000,1,15.62265085,263.0000
1622359454653000,1,8.69935287,262.8400
1622359520291000,1,0.55000000,262.4400
1622360439529000,0,0.29736656,268.2100
1622360488204000,0,0.86500000,268.8900
1622360532598000,0,7.67310522,268.7700
1622360532598000,0,0.88230000,268.8100
1622360549891000,1,0.11300000,268.4400
1622360573729000,0,0.25401785,268.8000
1622360708224000,1,29.73977695,269.0000
1622360713828000,0,6.42986728,268.9900
1622360754595000,0,1.00780775,268.0200
1622360795650000,0,0.86294336,267.0700
1622360796278000,1,0.25401785,266.6800
1622360805210000,0,0.88230000,267.1700
1622360805210000,0,7.66551510,267.1800
1622360807687000,0,0.05190000,267.1800
1622360807687000,0,0.83040000,267.2300
1622360933435000,0,1.86806335,267.2800
1622360969092000,0,1.73018726,267.0000
1622360969343000,0,0.86500000,267.0000
1622360969403000,0,12.77901296,267.0000
1622361033475000,0,0.86500000,268.7100
1622361033542000,1,0.86500000,268.7200
1622361033546000,1,0.85635000,268.7200
1622361033691000,1,18.77542062,268.7200
1622361133544000,0,3.71736607,268.1400
1622361444724000,0,0.09468125,270.4000
1622361504492000,1,1.02378658,269.9000
1622361510506000,0,0.86500000,269.9700
1622361570925000,0,6.36222181,271.8500
1622361579132000,0,1.10448420,271.6200
1622361582943000,1,0.86500000,270.9800
1622361583182000,1,2.82276005,270.9800
1622361583182000,1,3.68761433,270.9700
1622362005198000,1,0.85635000,270.5300
1622362005198000,1,7.61113134,270.4700
1622362005198000,1,0.83040000,270.4300
1622362005198000,1,2.72412680,270.4200
1622362062163000,0,3.42168221,269.8600
1622362186052000,0,0.74183976,269.6000
1622362320104000,1,1.10448420,270.6300
1622362684904000,1,1.11000000,269.0000
1622362745698000,0,2.36015831,267.6600
1622362863666000,1,0.86500000,267.2700
1622362916042000,1,7.09919857,266.6500
1622363035657000,1,7.71794675,266.5700
1622363035657000,1,0.27976302,266.4700
1622363057509000,0,0.86500000,266.8800
1622363057640000,0,2.43454309,266.8800
1622363147886000,1,0.96980575,267.4200
1622363560274000,0,3.40404972,268.2900
1622364202831000,0,7.65020608,269.2400
1622364202831000,0,10.71384628,269.2600
1622364202831000,0,0.89095000,269.2900
1622364203259000,0,7.65020608,269.2400
1622364454701000,1,3.72120244,268.6200
1622364454701000,1,0.07296709,268.6100
1622364582358000,1,0.84770000,266.9600
1622364582358000,1,0.85635000,266.9300
1622364582358000,1,0.86500000,266.9000
1622364582358000,1,0.83499972,266.8400
1622364793061000,1,7.67589394,267.8700
1622364793061000,1,0.88230000,267.7700
1622364793061000,1,3.17000000,267.7700
1622364793061000,1,7.67903375,267.7600
1622364793061000,1,0.17635439,267.7100
1622365205383000,0,0.86500000,267.3700
1622365205600000,0,23.46720989,267.3700
1622365680595000,0,0.86500000,271.0000
1622365680822000,0,0.38394833,271.0000
1622365683795000,0,1.70943389,271.0000
1622365718313000,1,3.69056089,270.8500
1622365850027000,0,0.18183496,270.7600
1622365878200000,0,0.45990609,270.0900
1622366199540000,1,0.83905000,268.7800
1622366199540000,1,0.27095000,268.7100
1622366403402000,0,10.64725851,270.8600
1622366408852000,0,6.62152674,271.0500
1622366674736000,0,0.87365000,271.3800
1622366674736000,0,1.09707782,271.4200
1622366927063000,0,0.25045948,271.3600
1622366958556000,0,0.22144307,270.9500
1622366968040000,0,0.36048355,270.8300
1622367020530000,1,12.42164764,270.3800
1622367121629000,1,0.21722433,269.8100
1622367127212000,1,2.00000000,270.0400
1622367442212000,0,0.86500000,270.0300
1622367442212000,0,0.67862345,270.0900
1622368112057000,0,0.51579915,271.8500
1622368179154000,1,0.40000000,271.0200
1622368769966000,0,0.39998173,270.8200
1622368887083000,0,7.59583948,271.1500
1622368887083000,0,0.86500000,271.2000
1622368887083000,0,0.85635000,271.3100
1622368887083000,0,1.07811886,271.3600
1622368887083000,0,1.45419712,271.3700
1622369048489000,0,18.56820476,273.5100
1622369102691000,1,0.40453464,273.4500
1622369640399000,1,1.16950889,270.1800
1622369640493000,1,0.00004474,270.1800
1622369762302000,0,5.43566739,270.0200
1622369762303000,0,0.86500000,270.0200
1622369779527000,1,2.69861553,269.4600
1622369780293000,1,0.83039999,269.4700
1622369876942000,1,7.63762168,269.2200
1622369876942000,1,0.88230000,269.1600
1622369876942000,1,3.32958378,269.1000
1622370180107000,1,2.50000000,270.0500
1622370239647000,1,7.59256890,270.8000
1622370239647000,1,0.84770000,270.7100
1622370239650000,0,3.61373302,270.7000
1622371156240000,0,0.36918078,270.8700
1622371753069000,0,0.23000000,270.5400
1622371799078000,1,1.56468603,269.4300
1622371856866000,1,7.63221142,269.2800
1622371856866000,1,0.58588475,269.2000
1622371880748000,1,3.72010389,269.2800
1622372899917000,1,7.58152002,271.0500
1622372899917000,1,3.17000000,270.9700
1622372899917000,1,2.01670808,270.9400
1622373764530000,0,0.61295920,270.8500
1622374002098000,1,7.60081157,270.3900
1622374484933000,0,7.65695766,268.8300
1622374485043000,1,1.87170357,268.8300
1622374555496000,1,3.71891862,268.7400
1622374646128000,0,29.73977695,269.7500
1622375328608000,1,0.86500000,271.3700
1622375422301000,0,0.85635000,271.6600
1622375422301000,0,0.89095000,271.7200
1622375528870000,0,0.86500000,274.0000
1622375528870000,0,0.13500000,274.0000
1622375549212000,0,0.86500000,275.2200
1622375549602000,0,0.13500000,275.2200
1622375576404000,0,0.09292854,275.5000
1622375703069000,0,7.49039733,274.7200
1622375703069000,0,0.88230000,274.8100
1622375703069000,0,0.42863497,274.8800
1622376014509000,0,3.00000000,277.0000
1622376027770000,0,0.19136643,277.1500
1622376055348000,1,0.86500000,276.8900
1622376089511000,0,0.30204896,275.6400
1622376180230000,1,0.86500000,275.7700
1622376180265000,1,7.83177629,275.7700
1622376189125000,0,0.09070788,275.6100
1622377039747000,0,7.56491201,272.1700
1622377039747000,0,0.83040000,272.2700
1622377039747000,0,10.58918375,272.3200
1622377039747000,0,3.75101100,272.4300
1622377039747000,0,0.74963457,272.4400
1622378122585000,0,6.99386943,271.8700
1622378137065000,0,7.57059395,271.9500
1622378140629000,0,7.57059395,271.9500
1622378141101000,0,7.57059395,271.9500
1622378144188000,0,7.57059395,271.9500
1622378147222000,0,7.57059395,271.9500
1622378150276000,0,0.84770000,271.8400
1622378156189000,0,7.57529736,271.8100
1622378156189000,0,7.89440757,271.9200
1622378157092000,0,0.38615981,271.8100
1622378159581000,0,2.71100873,271.9200
1622378159581000,0,7.57247886,271.9300
1622378159581000,0,9.90557589,271.9600
1622378159581000,0,5.50975790,271.9700
1622378162128000,0,7.57247886,271.9300
1622378162618000,0,2.92434033,271.9300
1622378165189000,0,4.64813853,271.9300
1622378165189000,0,4.84061387,272.0400
1622378168679000,0,3.67233598,271.8200
1622378171669000,0,3.90372029,271.8200
1622378171669000,0,0.87191254,271.9900
1622378174255000,0,0.88230000,271.7400
1622378174255000,0,0.84770000,271.8100
1622378174255000,0,3.30737076,271.8200
1622378179270000,0,4.52286000,271.7800
1622378179270000,0,7.57725788,271.7900
1622378179270000,0,15.16966492,271.8900
1622378179270000,0,10.60816104,271.9000
1622378180290000,0,6.72348497,271.9400
1622378183892000,0,7.58030989,271.6800
1622378186650000,0,15.16966492,271.8900
1622378186650000,0,10.23238974,271.9000
1622378189688000,0,7.58163603,271.6800
1622378189688000,0,1.50273293,271.8900
1622378191627000,0,2.73165394,271.6800
1622378192681000,0,4.84998209,271.6800
1622378192681000,0,13.66693199,271.8900
1622378192681000,0,0.37577130,271.9000
1622378200693000,0,7.58597147,271.5600
1622378200693000,0,10.61985830,271.6800
1622378204267000,0,1.03158000,271.6700
1622378204267000,0,10.61985830,271.6800
1622378204267000,0,6.55052000,271.7000
1622378256387000,1,13.87978202,270.6000
1622378256944000,1,4.22854716,270.1200
1622378677230000,0,7.60104117,271.0000
1622378677453000,1,1.26807805,271.0000
1622378698665000,1,0.09292854,270.1000
1622378703306000,0,0.86500000,269.6000
1622378703537000,1,0.21872816,269.1900
1622378704512000,1,2.00000000,269.2000
1622378704759000,1,3.17000000,269.2000
1622378704759000,1,0.64627184,269.1900
1622378704759000,1,4.98506046,269.1900
1622378974440000,1,0.22118382,265.8700
1622378974710000,1,0.26001899,265.8800
1622378975073000,1,0.86500000,266.0100
1622378975073000,1,0.84770000,265.9300
1622378975073000,1,0.25802782,265.8800
1622378975100000,1,0.38394833,265.8800
1622378979295000,1,0.84770000,265.5500
1622378979295000,1,0.68816709,265.4900
1622378984779000,1,0.09468125,265.1000
1622378986879000,1,12.52630188,265.0000
1622379113939000,1,0.10000000,265.0000
1622379115792000,0,0.76500000,265.0000
1622379560193000,0,0.22691875,267.1000
1622379832842000,0,0.89095000,266.8900
1622379832842000,0,0.89978032,266.9700
1622380547504000,1,0.10000000,267.4700
1622382162732000,1,0.86500000,265.2400
1622382184082000,1,2.90371303,265.2400
1622382260127000,1,7.76552245,264.5000
1622382260127000,1,0.88230000,264.2600
1622382260127000,1,14.83731888,263.9800
1622382279630000,0,31.06390663,264.5300
1622382279683000,0,0.86500000,264.5300
1622382280139000,0,9.11650437,264.5300
1622383294426000,1,0.37478237,266.1600
1622383463550000,1,0.87365000,266.4600
1622383463550000,1,0.12635000,266.4200
1622383674161000,0,1.50043137,266.5900
1622383822580000,1,11.90510127,266.6000
1622383985807000,1,3.76606845,265.2900
1622383989090000,1,9.41577031,265.2200
1622384182430000,1,1.00000000,265.0000
1622384182587000,1,3.77325237,264.7000
1622384182587000,1,3.17000000,264.5300
1622384182587000,1,0.84770000,264.5200
1622384182587000,1,0.87365000,264.4400
1622384182587000,1,3.24049890,264.3200
1622384314949000,0,0.86500000,263.2300
1622384315430000,1,0.86498204,263.2300
1622384398883000,1,0.34987673,263.0600
1622384623073000,1,0.86500000,263.5500
1622384700570000,1,0.84770000,260.4500
1622384700570000,1,0.83040000,260.4200
1622384700570000,1,7.88391959,260.3200
1622384701268000,1,0.45990609,260.5800
1622384701421000,1,0.40509391,260.5800
1622384701421000,1,0.76445972,260.4500
1622384729215000,1,0.83040000,261.4200
1622384759025000,1,0.86500000,262.0000
1622384927116000,0,0.66481516,261.0500
1622384954698000,1,0.86500000,260.3200
1622384966295000,1,0.86500000,260.1100
1622384966436000,1,0.03457762,260.1100
1622384966436000,1,0.09650134,260.1000
1622385193406000,1,0.86500000,259.2500
1622385193406000,1,0.88230000,259.1900
1622385193406000,1,5.15145383,259.1600
1622385193522000,1,0.89095000,259.1800
1622385193522000,1,5.93834156,259.1600
1622385193522000,1,0.84770000,259.1200
1622385193522000,1,6.34200000,259.0700
1622385193522000,1,3.85848192,258.9200
1622385193522000,1,3.12252652,258.8900
1622385193555000,1,10.38700000,259.1600
1622385193555000,1,2.40508909,258.8900
1622385291467000,1,1.39237855,260.7200
1622385308874000,1,2.00000000,261.1700
1622385338158000,0,3.13526219,261.6400
1622385369755000,1,0.49039341,261.6900
1622385375604000,0,0.38173766,261.9600
1622385376012000,0,0.44866234,261.9600
1622385376012000,0,0.09123607,262.0500
1622385704798000,1,0.68168396,262.5000
1622386252837000,1,2.89844116,261.5500
1622386860977000,0,1.14460129,262.1000
1622389506505000,1,0.86500000,261.6200
1622389678263000,0,0.18750474,263.4600
1622389983804000,0,0.28549224,263.7900
1622390119648000,0,0.37340309,264.4900
1622390186718000,0,0.09650134,265.3000
1622391044944000,0,0.86500000,261.9500
1622391045142000,0,8.66366123,261.9500
1622391740449000,0,0.84770000,268.7700
1622391740449000,0,0.87365000,268.9100
1622391740449000,0,10.60216540,268.9800
1622391759925000,0,0.85635000,269.4500
1622391759925000,0,0.85635000,269.5200
1622391759925000,0,5.70685154,269.5800
1622391764586000,0,3.54525994,269.4500
1622391794284000,1,0.22691875,268.3500
1622392298681000,0,3.43311342,268.2900
1622393037610000,1,2.57525749,266.0200
1622393319988000,0,0.86500000,265.6300
1622393486003000,0,0.53642398,265.9200
1622393486003000,0,0.32857602,265.9300
1622393494052000,0,0.10728480,265.9100
1622393494163000,0,0.10056316,265.9300
1622393494628000,0,0.64370876,265.9400
1622393494628000,0,0.85827835,265.9500
1622393494628000,0,0.85827835,265.9600
1622393855739000,0,7.67570661,268.1100
1622393859245000,0,7.47485642,268.1400
1622393926324000,0,2.49753933,268.2200
1622394243545000,0,1.56432520,269.4900
1622394292468000,0,0.82423233,270.3000
1622394728278000,0,0.84770000,270.2500
1622394728278000,0,0.50554417,270.2600
1622394756488000,0,0.09468125,270.4000
1622394808835000,0,0.73882384,270.5000
1622394939301000,0,0.82550136,270.5000
1622395038117000,1,0.86500000,271.2600
1622395175674000,0,0.55557399,271.8400
1622395181038000,0,0.83040000,271.8900
1622395181038000,0,0.72590122,271.9000
1622395322290000,1,30.49947677,269.9700
1622395322302000,1,7.62436235,269.9700
1622395322770000,1,30.50056086,269.9700
1622395323298000,1,23.77560002,269.9700
1622395662156000,0,0.83905000,269.8500
1622395662156000,0,0.01730000,269.9200
1622395792425000,0,7.59792891,270.9700
1622395922426000,0,3.34726484,269.8800
1622395943280000,0,0.83017322,269.9500
1622396073565000,0,0.24364341,270.1300
1622396282324000,0,7.60683468,270.6000
1622396295438000,0,7.58707137,271.3800
1622396295438000,0,0.84770000,271.3800
1622396332001000,0,7.59420490,271.0600
1622396332001000,0,4.00907439,271.0700
1622396344874000,0,1.54067757,271.1700
1622396431529000,1,0.86500000,270.2800
1622396431629000,1,8.13019017,270.2800
1622396769465000,0,7.60869640,270.5000
1622396769465000,0,6.18376548,270.5900
1622397097278000,0,0.18774534,271.4500
1622397116318000,0,4.37476458,271.6600
1622397125116000,0,2.09974961,271.5800
1622397201442000,0,3.93126146,271.2600
1622397234967000,0,1.74453991,271.4700
1622397412986000,0,0.86500000,270.7800
1622397507408000,0,1.00000000,271.0000
1622397507408000,0,6.27572080,271.0000
1622397592783000,1,1.55630122,269.9900
1622397612996000,0,1.00000000,270.6000
1622397667092000,0,3.62854411,270.5000
1622397706112000,0,0.29916864,271.1700
1622397822809000,0,0.35917254,271.5900
1622397909845000,0,1.44242910,272.4600
1622397924883000,0,3.75817510,272.0500
1622398010452000,0,0.95239333,271.9900
1622398037602000,0,0.66906135,272.4900
1622398137203000,0,0.73584564,272.0500
1622398688125000,0,5.00000000,274.0000
1622398734926000,0,0.83905000,274.6100
1622398734926000,0,0.95432649,274.6400
1622398734926000,0,2.47334070,274.6500
1622398829581000,1,2.00000000,273.7800
1622398882103000,0,0.81024197,273.6500
1622398885631000,0,0.34973873,273.6500
1622398950212000,0,4.98298633,273.8000
1622399047840000,0,5.40571428,273.0200
1622399047844000,0,2.13488754,273.0200
1622399048030000,0,0.33229743,273.1800
1622399105961000,0,12.52630188,275.0000
1622399140151000,0,0.09292854,275.5000
1622399153919000,0,0.86500000,276.0000
1622399155858000,0,0.86500000,276.0000
1622399169558000,1,0.83904999,274.9900
1622399289372000,0,0.86500000,275.5700
1622399326024000,0,0.86500000,276.0000
1622399326838000,0,0.86500000,276.0000
1622399354633000,0,5.40911922,276.0000
1622399453177000,1,0.10000000,275.0000
1622399453679000,1,0.00000001,274.9900
1622399618443000,0,1.32165871,274.3600
1622399705118000,0,0.42576309,276.0200
1622399734634000,0,0.83905000,275.6600
1622399734634000,0,2.16926642,275.6800
1622399735085000,0,2.16926642,275.6800
1622400003377000,0,1.69909837,275.4000
1622400078085000,1,0.07743157,275.0300
1622400302277000,0,2.67887010,275.3400
1622400330318000,0,7.48145753,275.1100
1622400330318000,0,0.85635000,275.1400
1622400330318000,0,1.19661300,275.1800
1622400330318000,0,0.89095000,275.1900
1622400332829000,0,0.86500000,275.1100
1622400332829000,0,0.08506562,275.1100
1622400371862000,0,3.66153192,275.1100
1622400382370000,0,0.20558450,275.1100
1622400659657000,0,0.36860401,276.3000
1622400698444000,0,0.86500000,276.6700
1622400894520000,0,0.83115525,278.3100
1622400895955000,0,0.71595638,278.3100
1622400898970000,0,3.58557211,278.3100
1622400949042000,1,0.86500000,277.3600
1622400949087000,1,0.49561281,277.3600
1622400949097000,1,7.63967875,277.3600
1622401230874000,1,0.86500000,277.5900
1622401257590000,0,0.86500000,276.8900
1622401806029000,0,4.81569712,277.6500
1622401897130000,0,0.33370556,277.8700
1622401909275000,1,0.86500000,277.3300
1622401914774000,0,7.41883513,277.4300
1622401914774000,0,9.88920703,277.5100
1622401917222000,0,7.41883513,277.4300
1622401917222000,0,0.85635000,277.4400
1622401917222000,0,0.49840520,277.5100
1622401917222000,0,0.86500000,277.5100
1622401917222000,0,1.26478141,277.5100
1622401926213000,0,3.01763034,277.7200
1622401932411000,0,1.26826050,277.7200
1622402412288000,0,0.46629470,276.6300
1622402414338000,0,6.97653058,276.6300
1622402414338000,0,8.77336544,276.7400
1622402414881000,0,7.44282528,276.6300
1622402414881000,0,0.05444090,276.7400
1622404502023000,1,7.41955154,275.7300
1622404563096000,0,0.48889737,277.8500
1622404687943000,0,6.46789585,277.6900
1622404865937000,1,0.83040000,275.1500
1622404865937000,1,0.69906395,275.1200
1622404866486000,1,0.86500000,275.1900
1622404866486000,1,0.72660000,275.1300
1622404866486000,1,0.13998605,275.1200
1622404866486000,1,0.84367144,275.0600
1622404965875000,1,3.64564349,274.2100
1622404966024000,1,1.43926309,273.8700
1622404975412000,1,22.27665782,273.8700
1622405241285000,0,0.71714060,273.9100
1622406065433000,0,0.52207708,277.8900
1622406132910000,0,0.21622400,277.4900
1622406196506000,1,0.89095000,276.3100
1622406196597000,0,0.72649627,276.3000
1622406380705000,0,0.60954095,277.7500
1622406640747000,1,0.30000000,276.5400
1622406816134000,1,7.39692496,277.2800
1622406816134000,1,4.92659044,277.2400
1622406985856000,0,0.86500000,277.1500
1622407754603000,1,1.32000000,275.9200
1622407982900000,0,4.42017000,276.9200
1622407983266000,0,0.39409364,276.9900
1622409212530000,1,0.86500000,274.1000
1622409649616000,1,2.00000000,273.1400
1622409649679000,1,1.65853119,273.1400
1622409649679000,1,10.38700000,273.1400
1622409649679000,1,7.50592149,273.1200
1622409649679000,1,9.14951199,273.0400
1622409649679000,1,10.50829009,273.0200
1622409649679000,1,15.00783444,272.8400
1622409649679000,1,15.01184298,272.7500
1622409649679000,1,23.17106782,272.6800
1622409650274000,1,7.50592149,273.1200
1622409650274000,1,4.48892000,272.7700
1622409650274000,1,9.14718386,272.7700
1622409650274000,1,3.65835826,272.7700
1622409650274000,1,5.84635541,272.7600
1622409650274000,1,0.63911462,272.6800
1622409650274000,1,3.19000000,272.6600
1622409650274000,1,18.63246053,272.6300
1622409847402000,1,0.86500000,272.4600
1622409848189000,1,6.77436956,271.4600
1622409848265000,1,4.51099000,271.4800
1622409848265000,1,2.39666882,271.4600
1622409848265000,1,3.66821867,271.4600
1622409848265000,1,1.02740180,271.4600
1622409848316000,1,0.53989841,271.4600
1622409884452000,1,1.69539500,271.0100
1622409911749000,0,1.45231327,272.0200
1622409911757000,0,0.86500000,272.0200
1622409911799000,0,2.20047673,272.0200
1622409911799000,0,2.27977200,272.1000
1622410018391000,1,1.46132128,273.0000
1622410058007000,1,7.51985413,272.6800
1622410058007000,1,1.51877492,272.5700
1622410671423000,1,0.66082936,272.9500
1622411216055000,1,6.31430805,273.8000
1622412152306000,0,2.00000000,274.0000
1622412186963000,1,3.67712831,274.1400
1622412437378000,1,7.52615686,272.6700
1622412437378000,1,10.53173243,272.6600
1622412487379000,1,0.46651841,271.9000
1622412519452000,1,0.51579915,271.3000
1622412543259000,1,7.55273645,271.7300
1622412543259000,1,0.88230000,271.5900
1622412543259000,1,0.89095000,271.4900
1622412543259000,1,10.57981794,271.4800
1622412543259000,1,1.45596623,271.4300
1622412626112000,1,0.89361711,272.1300
1622412681111000,1,0.36775779,272.2600
1622412695404000,0,0.23791200,272.7000
1622412882880000,1,0.26506816,273.9400
1622412947453000,1,0.50000000,273.4500
1622413469278000,0,0.51152378,272.4800
1622413676426000,1,0.18952384,272.7000
1622413767630000,0,0.84770000,272.3300
1622413767630000,0,0.84770000,272.4000
1622413767630000,0,1.30460000,272.4400
1622413824319000,1,0.95791149,270.3800
1622413826887000,1,0.00000001,270.3800
1622413827331000,1,0.09292854,270.1000
1622413916707000,0,0.86500000,270.6000
1622413944189000,1,0.69449990,269.9500
1622413944199000,1,0.06599200,269.9500
1622414381923000,1,0.51152378,269.0100
1622414830292000,1,1.00000000,270.9500
1622414845859000,1,1.00000000,270.5300
1622415832942000,0,0.22499722,270.6700
1622415950246000,0,0.10000000,268.8300
1622416190726000,1,0.86500000,267.1100
