timestamp ms,type,amount,price
1625962612806000,0,27.85811217,0.8987
1625963461622000,0,135.95931655,0.8920
1625964370198000,1,250.00000000,0.8975
1625964561522000,0,200.00000000,0.9000
1625964664135000,0,50.00000000,0.9010
1625964816233000,0,41.68053244,0.9015
1625965279688000,0,250.00000000,0.8991
1625967395133000,0,41.52666018,0.9047
1625970254722000,1,98.15058136,0.8953
1625970254722000,1,28.07727138,0.8952
1625975747572000,0,103.65633114,0.8918
1625976704441000,1,100.95489444,0.8883
1625978695584000,0,102.74360015,0.8876
1625978695584000,0,4199.08634665,0.8878
1625978695640000,1,102.74359500,0.8876
1625984749694000,1,130.00000000,0.8990
1625984780517000,1,96.13310026,0.8982
1625984780517000,1,108.59098625,0.8981
1625984987965000,0,500.77899011,0.9000
1625984987985000,0,146.06751999,0.9000
1625984988154000,0,250.00000000,0.9000
1625984988185000,0,831.42594332,0.9000
1625984988247000,0,120.45054356,0.9000
1625984988266000,0,166.40851885,0.9000
1625984988271000,0,176.22888333,0.9000
1625984988309000,0,225.69405667,0.9000
1625984988509000,0,558.92000000,0.9000
1625985039849000,0,1130.00000000,0.9000
1625985041506000,0,1100.67000000,0.9000
1625985041507000,0,757.00685600,0.9000
1625985041509000,0,1644.23004733,0.9000
1625985041512000,0,250.00000000,0.9000
1625985041535000,0,552.97412800,0.9000
1625985041539000,0,1046.99999989,0.9000
1625985041541000,0,1649.38155400,0.9000
1625985041541000,0,366.00000000,0.9000
1625985041547000,0,224.26996884,0.9000
1625985042406000,0,333.25443698,0.9021
1625985042501000,0,305.37788806,0.9021
1625986350807000,0,39.11048000,0.8981
1625986746353000,0,104.77034682,0.8986
1625987268860000,0,102.56511163,0.9028
1625987723253000,1,100.00000000,0.8968
1625989495672000,0,96.23009080,0.9062
1625989495752000,0,100.43397513,0.9064
1625990599591000,0,96.44567510,0.9099
1625990599591000,0,96.28521709,0.9100
1625990599591000,0,86.32861889,0.9102
1625990621872000,1,540.33227953,0.9080
1625990621872000,1,542.62307061,0.9077
1625990704564000,1,97.93524592,0.9072
1625990704564000,1,4.02033391,0.9070
1625990824628000,1,100.00000000,0.9066
1625991473628000,0,50.00000000,0.9120
1625991653518000,0,100.00000000,0.9138
1625996835680000,0,222.44834016,0.9110
1625996835849000,0,334.29007045,0.9110
1625999265627000,1,103.99148857,0.9076
1626011931191000,0,77.24693000,0.9167
1626011931286000,0,491.02693000,0.9167
1626011931315000,0,4.48732999,0.9167
1626011931315000,0,194.13547564,0.9168
1626015155367000,1,100.00000000,0.9131
1626016094580000,0,558.52169034,0.9131
1626016094677000,0,441.47830966,0.9131
1626016569106000,1,97.74491199,0.9142
1626016569106000,1,152.25508801,0.9141
1626019350054000,1,90.02360255,0.9087
1626022670496000,0,65.84907775,0.9076
1626026085657000,0,43.84626000,0.9038
1626027690912000,1,99.03543815,0.9005
1626027690912000,1,45.96195202,0.9004
1626028835860000,0,98.48463888,0.9035
1626029010190000,0,97.15599127,0.9032
1626036799450000,0,250.00000000,0.8980
1626037517370000,1,250.00000000,0.8950
1626037518682000,1,100.00000000,0.8941
1626039428058000,0,102.08664321,0.9065
1626039428116000,1,250.00000000,0.9065
1626039428307000,1,1813.44748731,0.9065
1626039820738000,1,100.38629326,0.9050
1626040460749000,1,103.03679523,0.9042
1626040721563000,1,96.54582819,0.9041
1626040721563000,1,103.88205540,0.9040
1626040721563000,1,556.10123873,0.9040
1626040721563000,1,98.44312588,0.9039
1626040721563000,1,1658.06938885,0.9035
1626040721563000,1,100.00000000,0.9033
1626040721563000,1,10471.96800000,0.9033
1626040721563000,1,531.32769596,0.9033
1626040721563000,1,1657.79808007,0.9032
1626040721563000,1,1097.20992027,0.9032
1626040721563000,1,2628.65466665,0.9028
1626041235435000,0,63.04646498,0.9059
1626042055763000,0,100.00000000,0.9007
1626042324987000,0,561.78653747,0.8991
1626042324987000,0,555.71514756,0.8991
1626042350308000,1,562.16442931,0.8988
1626042350308000,1,572.00746700,0.8988
1626043600394000,1,100.00000000,0.8931
1626043600463000,0,250.00000000,0.8931
1626043603690000,0,267.49957786,0.8931
1626043605139000,0,1548.03455266,0.8931
1626043820235000,0,100.00000000,0.8945
1626043830236000,1,238.81967000,0.8948
1626043843788000,0,103.93125787,0.8950
1626047167729000,1,103.86379000,0.8927
1626047996243000,0,250.00000000,0.8939
