timestamp ms,type,amount,price
1623542493856000,0,400.00000000,0.9939
1623542528022000,0,404.00000000,0.9945
1623543107437000,1,417.00000000,0.9871
1623543108731000,1,385.00000000,0.9867
1623543108731000,1,100.00000000,0.9864
1623543135440000,1,403.00000000,0.9861
1623543135440000,1,397.00000000,0.9859
1623543135848000,1,235.00000000,0.9856
1623543136857000,1,126.30560909,0.9857
1623543136861000,1,273.69439091,0.9857
1623543274133000,1,253.62685357,0.9866
1623543394319000,1,253.39293135,0.9880
1623544333247000,0,407.00000000,0.9891
1623544333681000,0,407.00000000,0.9896
1623544335049000,0,384.00000000,0.9899
1623544870931000,0,97.42563791,0.9919
1623544871516000,0,292.57436209,0.9919
1623545063626000,0,100.00000000,0.9978
1623545063661000,0,223.83377547,0.9978
1623545063728000,0,76.16622453,0.9978
1623545103875000,1,27.29070190,0.9968
1623545172544000,0,406.00000000,1.0010
1623545172740000,0,415.00000000,1.0012
1623545349830000,1,401.00000000,1.0036
1623545349871000,1,400.00000000,1.0035
1623545382545000,0,412.00000000,1.0040
1623545709769000,0,400.00000000,1.0045
1623546321892000,1,134.70000000,1.0053
1623546322013000,1,415.00000000,1.0050
1623546580000000,0,100.00000000,1.0104
1623547802707000,0,100.00000000,1.0080
1623550519468000,0,49.60268251,1.0030
1623551059133000,0,411.00000000,1.0007
1623552116290000,1,404.00000000,1.0000
1623552693237000,1,438.00000000,0.9981
1623552775290000,0,100.00000000,0.9979
1623553582096000,1,100.00000000,0.9912
1623554355873000,0,392.99998985,0.9845
1623554643202000,1,400.00000000,0.9804
1623554648510000,1,391.00000000,0.9798
1623554689466000,1,398.99997956,0.9783
1623554725523000,1,400.00000000,0.9727
1623554736486000,1,400.00000000,0.9756
1623554771154000,0,100.00000000,0.9765
1623554774725000,0,299.99997953,0.9766
1623555468658000,1,100.00000000,0.9736
1623555714872000,1,134.53187755,0.9712
1623555735767000,1,385.00000000,0.9683
1623555736983000,1,100.00000000,0.9681
1623555736983000,1,288.00000000,0.9679
1623555737363000,1,384.00000000,0.9678
1623555737855000,1,1022.38073085,0.9674
1623555738581000,0,2317.39263950,0.9689
1623555738851000,0,410.00000000,0.9689
1623555738961000,0,1097.26315525,0.9689
1623555739305000,0,407.00000000,0.9709
1623555740924000,0,399.00000000,0.9716
1623555741169000,0,100.99672308,0.9716
1623555741170000,0,462.73767025,0.9716
1623555741171000,0,771.68313837,0.9716
1623555741397000,0,986.48994079,0.9716
1623555741415000,0,219.05795683,0.9716
1623555741776000,0,1.00000000,0.9716
1623555741898000,0,160.00000000,0.9712
1623555742967000,1,415.00000000,0.9707
1623555743348000,1,398.00000000,0.9705
1623555745385000,1,1042.38926915,0.9702
1623555752966000,1,501.15426831,0.9702
1623555753324000,1,1543.54353746,0.9702
1623555772432000,0,397.00000000,0.9720
1623555846589000,0,414.00000000,0.9711
1623555994028000,0,414.00000000,0.9774
1623555994028000,0,384.00000000,0.9777
1623555994028000,0,755.25850349,0.9779
1623555994137000,0,264.60000000,0.9771
1623556150754000,1,405.99997944,0.9724
1623556154201000,1,6.00002056,0.9724
1623556154201000,1,332.94901466,0.9722
1623558220318000,1,405.00000000,0.9698
1623558220542000,1,100.00000000,0.9694
1623558666823000,1,100.00000000,0.9720
1623559012456000,1,100.00000000,0.9702
1623559884842000,0,252.69010000,0.9759
1623560405489000,1,388.00000000,0.9766
1623560405516000,1,420.00000000,0.9761
1623561010744000,1,77.02975556,0.9713
1623561031210000,1,100.00000000,0.9684
1623561561903000,0,232.29000000,0.9718
1623561562690000,0,77.02975556,0.9738
1623561652319000,1,100.00000000,0.9827
1623561780329000,0,130.08490385,0.9818
1623561780360000,0,254.91509615,0.9818
1623561781145000,0,423.00000000,0.9822
1623561783140000,0,286.14333348,0.9835
1623561991921000,1,407.00000000,0.9774
1623561991921000,1,381.00000000,0.9771
1623562293759000,0,398.00000000,0.9770
1623563948410000,1,100.00000000,0.9683
1623565887710000,0,399.99997538,0.9797
1623565891523000,0,393.99997538,0.9797
1623567121296000,0,386.00000000,0.9842
1623567121296000,0,272.28088141,0.9843
1623567193231000,1,396.00000000,0.9817
1623567455640000,0,400.00000000,0.9837
1623567519698000,0,7.99998984,0.9837
1623567614184000,1,76.10706170,0.9857
1623569706856000,0,400.00000000,0.9850
1623570295783000,0,100.22551166,0.9884
1623570295990000,0,299.77448834,0.9884
1623571129585000,0,399.99997551,0.9850
1623571129746000,1,386.00000000,0.9839
1623571129746000,1,272.28088141,0.9836
1623571132867000,0,391.99997551,0.9849
1623571136397000,0,410.99055300,0.9850
1623571162589000,1,309.01117896,0.9844
1623571167113000,0,413.99997551,0.9852
1623571173978000,0,412.99997551,0.9852
1623571673242000,0,100.00000000,0.9888
1623571865527000,1,198.34405507,0.9879
1623571865844000,1,198.34402668,0.9878
1623572188739000,1,395.00000000,0.9828
1623572188739000,1,400.00000000,0.9827
1623572189677000,1,400.00000000,0.9828
1623573145781000,1,100.00000000,0.9935
1623573193281000,0,76.10706170,0.9964
1623573343690000,0,398.00000000,1.0021
1623573413238000,0,389.00000000,1.0034
1623573413238000,0,414.00000000,1.0036
1623573413238000,0,190.96543342,1.0039
1623573415512000,1,403.00000000,1.0020
1623573910090000,1,386.00000000,0.9984
1623574139016000,1,415.00000000,0.9957
1623574139100000,1,211.61110000,0.9953
1623574139122000,1,167.38890000,0.9953
1623574139151000,1,411.00000000,0.9949
1623574139604000,1,100.00000000,0.9953
1623574139670000,1,100.00000000,0.9953
1623574139688000,1,100.00000000,0.9953
1623574770366000,1,180.57792136,0.9998
1623574879143000,0,408.00000000,0.9988
1623575744620000,0,46.55612244,1.0035
1623575810087000,0,134.99998800,1.0048
1623575822079000,1,249.99998795,1.0034
1623576404089000,1,396.00000000,1.0013
1623577142648000,1,59.01409688,1.0059
1623577147660000,1,16.36972283,1.0059
1623577222543000,0,49.45843018,1.0066
1623577681698000,0,140.39480115,1.0025
1623577786858000,0,404.00000000,1.0059
1623577786858000,0,924.90810982,1.0063
1623577990182000,0,407.00000000,1.0038
1623577990182000,0,398.00000000,1.0041
1623577990182000,0,386.54547445,1.0043
1623578266954000,0,199.13874349,1.0087
1623578268781000,0,198.86125651,1.0087
1623578268781000,0,210.86125651,1.0088
1623578269051000,0,190.00000000,1.0088
1623578269063000,0,9.13874349,1.0088
1623580341060000,1,411.00000000,1.0071
1623581327536000,0,188.08605674,1.0096
1623581659066000,1,409.00000000,1.0091
1623581659747000,1,378.00000000,1.0085
1623582533400000,0,387.00000000,1.0134
1623582533400000,0,337.45645742,1.0136
1623582533564000,0,55.54354258,1.0136
1623582533564000,0,308.38261798,1.0139
1623583030877000,0,400.00000000,1.0163
1623583049180000,0,296.09270334,1.0163
1623583049529000,0,100.00000000,1.0173
1623583616899000,0,163.00000000,1.0227
1623583617055000,0,468.14913463,1.0227
1623583825776000,1,100.00000000,1.0195
1623584132646000,0,100.00000000,1.0188
1623585199536000,1,28.17374000,1.0148
1623585760341000,0,397.00000000,1.0229
1623585760341000,0,396.00000000,1.0232
1623586004712000,1,206.00317751,1.0212
1623586016927000,0,398.00000000,1.0224
1623586050318000,1,102.80012000,1.0234
1623586050448000,1,304.19986046,1.0234
1623586235410000,0,205.18983100,1.0246
1623586531227000,0,400.00000000,1.0271
1623586532746000,0,327.62572526,1.0271
1623586577146000,0,1460.60121116,1.0284
1623586577146000,0,422.00000000,1.0285
1623586577146000,0,418.64388884,1.0286
1623586577321000,0,400.00000000,1.0286
1623586577554000,0,75.38381971,1.0295
1623586577668000,0,100.00000000,1.0300
1623586783845000,1,100.00000000,1.0228
1623586783845000,1,300.00000000,1.0224
1623587012013000,1,403.00000000,1.0194
1623587012013000,1,395.00000000,1.0192
1623587012101000,0,400.00000000,1.0191
1623587012128000,0,403.00000000,1.0191
1623587012510000,0,3286.61600000,1.0191
1623587013130000,0,400.00000000,1.0191
1623587014324000,0,57.58976615,1.0191
1623587394645000,0,391.99997626,1.0170
1623588131869000,1,100.00000000,1.0216
1623588143045000,0,48.92128565,1.0210
1623588469246000,0,401.00000000,1.0214
1623588469246000,0,406.00000000,1.0215
1623589290827000,1,399.00000000,1.0109
1623589290942000,1,408.00000000,1.0105
1623589291301000,1,100.00000000,1.0100
1623590554206000,0,413.00000000,1.0148
1623590668355000,1,177.46403888,1.0138
1623590769004000,1,383.99998031,1.0154
1623591355672000,0,390.00000000,1.0113
1623591481861000,0,400.00000000,1.0135
1623591558421000,1,100.00000000,1.0144
1623591558421000,1,300.00000000,1.0142
1623591559470000,1,400.00000000,1.0144
1623592759779000,1,76.87022835,1.0094
1623593003369000,1,379.03707655,1.0100
1623593003443000,1,25.96292345,1.0100
1623593725642000,0,400.00000000,1.0104
1623593726267000,0,100.00000000,1.0122
1623594001134000,0,76.87022835,1.0067
1623594001134000,0,274.96494698,1.0069
1623594123318000,1,411.00000000,1.0048
1623594123318000,1,389.00000000,1.0047
1623594123318000,1,191.91156170,1.0045
1623594124144000,1,211.08843830,1.0045
1623594124144000,1,396.00000000,1.0042
1623594124144000,1,100.00000000,1.0040
1623594124144000,1,378.84740354,1.0038
1623594176402000,1,405.00000000,1.0003
1623594176550000,1,77.38142760,1.0002
1623594302113000,1,373.00000000,0.9978
1623594303248000,1,414.00000000,0.9974
1623595545192000,0,400.00000000,1.0028
1623595579580000,1,137.21012789,1.0019
1623595607967000,0,400.00000000,1.0031
1623595718700000,0,400.00000000,1.0029
1623595934117000,0,189.94791048,0.9983
1623596204700000,0,406.00000000,0.9969
1623596463850000,1,399.00000000,0.9956
1623596791770000,1,400.00000000,0.9997
1623596912897000,0,77.38142759,1.0033
1623597324548000,1,77.70566116,0.9990
1623597768371000,0,404.00000000,0.9963
1623597843660000,1,404.00000000,0.9952
1623597985423000,0,410.00000000,0.9962
1623597985423000,0,47.40010869,0.9962
1623598063959000,0,72.90026252,0.9986
1623598206790000,0,400.00000000,0.9967
1623598372545000,1,73.18079750,0.9951
1623598398483000,0,153.91142759,0.9984
1623598398733000,0,246.08857241,0.9984
1623598468495000,0,183.90763178,0.9981
1623598468556000,0,133.40000000,0.9981
1623599514075000,0,77.98619615,1.0042
1623599665546000,1,389.00000000,1.0046
1623600700130000,1,77.96655533,1.0041
1623601062695000,0,77.96655533,1.0188
1623601179293000,0,48.83480163,1.0214
1623601259413000,0,100.00000000,1.0233
1623601779002000,1,100.00000000,1.0227
1623601779283000,1,300.00000000,1.0227
1623602109855000,1,403.00000000,1.0247
1623602110943000,1,320.59336936,1.0243
1623602526223000,0,389.00000000,1.0270
1623602693369000,1,385.00000000,1.0266
1623602693369000,1,403.00000000,1.0265
1623602693369000,1,187.82466913,1.0265
1623602695482000,0,402.99997647,1.0267
1623602697768000,1,77.40267573,1.0261
1623602788852000,1,395.00000000,1.0272
1623602788852000,1,397.00000000,1.0271
1623603252367000,0,388.00000000,1.0264
1623603252367000,0,674.16831750,1.0268
1623604393379000,0,77.40267573,1.0275
1623604393379000,0,234.58455553,1.0275
1623605294731000,0,401.00000000,1.0274
1623605446636000,1,396.00000000,1.0270
1623605446982000,1,293.76733439,1.0267
1623605447352000,1,100.00000000,1.0263
1623605448157000,1,400.00000000,1.0266
1623605682586000,0,412.00000000,1.0277
1623606070396000,0,100.00000000,1.0309
1623606183562000,0,270.54000821,1.0359
1623606183610000,0,474.25247702,1.0359
1623606490172000,0,409.00000000,1.0360
1623606490801000,0,412.00000000,1.0362
1623606491076000,0,405.00000000,1.0364
1623606588558000,0,392.00000000,1.0366
1623606675373000,1,387.00000000,1.0339
1623606675819000,1,412.00000000,1.0335
1623606769870000,0,409.00000000,1.0341
1623606769870000,0,414.00000000,1.0344
1623606769928000,0,399.00000000,1.0347
1623606856941000,0,671.50331974,1.0403
1623606857766000,0,336.38828463,1.0408
1623607040544000,0,400.00000000,1.0439
1623607080607000,1,400.00000000,1.0453
1623607081080000,1,76.20594864,1.0436
1623607081144000,1,319.07451140,1.0440
1623607081440000,1,80.92548860,1.0440
1623607178430000,1,395.00000000,1.0436
1623607178530000,1,414.00000000,1.0431
1623607178884000,1,100.00000000,1.0420
1623607380935000,0,76.20594864,1.0402
1623607536523000,1,76.28552771,1.0392
1623607536523000,1,275.54964762,1.0391
1623607674679000,0,393.00000000,1.0404
1623607674776000,0,391.00000000,1.0407
1623607872169000,0,135.00543622,1.0412
1623607923386000,1,62.58999999,1.0408
1623607923497000,1,337.40998840,1.0408
1623608170069000,1,104.88972951,1.0404
1623608186510000,1,78.66729713,1.0399
1623609763728000,1,387.00000000,1.0417
1623609764704000,1,407.00000000,1.0414
1623609764704000,1,272.00000000,1.0412
1623610066949000,1,282.00000000,1.0395
1623610067640000,1,355.07320068,1.0392
1623610067892000,1,36.92679932,1.0392
1623610067892000,1,400.00000000,1.0389
1623610089221000,0,400.00000000,1.0392
1623611192996000,0,406.00000000,1.0396
1623611192996000,0,2315.35530150,1.0401
1623611192996000,0,396.00000000,1.0401
1623611192996000,0,966.70319318,1.0403
1623611192996000,0,1443.77999127,1.0404
1623611192996000,0,391.00000000,1.0404
1623611192996000,0,1443.39461467,1.0407
1623611192996000,0,966.58917557,1.0410
1623611192996000,0,1282.07458806,1.0412
1623611613536000,1,200.71454377,1.0367
1623611877308000,1,199.05114000,1.0329
1623611877443000,1,213.94886000,1.0329
1623611877443000,1,385.00000000,1.0326
1623611877443000,1,100.00000000,1.0325
1623611877443000,1,363.00000000,1.0322
1623611877443000,1,0.21945750,1.0321
1623611997385000,1,100.00000000,1.0292
1623612117056000,0,48.33906956,1.0323
1623612152166000,1,209.09664032,1.0305
1623612152208000,1,193.21532309,1.0305
1623612357673000,1,159.92499200,1.0316
1623613002766000,1,631.00000000,1.0327
1623613002766000,1,979.94000000,1.0327
1623613002772000,1,234.00000578,1.0327
1623613002775000,1,305.20000000,1.0327
1623613002783000,1,571.72719935,1.0327
1623613464672000,0,293.06349337,1.0356
1623613594087000,0,160.00218851,1.0380
1623614537266000,0,386.00000000,1.0399
1623614537266000,0,387.00000000,1.0404
1623614537266000,0,415.00000000,1.0407
1623614537266000,0,920.55677434,1.0420
1623614763610000,0,76.28552771,1.0460
1623614895520000,0,147.08918140,1.0501
1623614895521000,0,426.72363712,1.0501
1623614896136000,0,387.00000000,1.0505
1623614958312000,0,400.00000000,1.0558
1623614958795000,0,264.04620647,1.0558
1623614961177000,0,100.00000000,1.0575
1623614961343000,0,59.42777778,1.0575
1623614967842000,0,100.00000000,1.0580
1623614985602000,1,289.00000000,1.0563
1623614985602000,1,93.00000000,1.0563
1623615045827000,1,399.00000000,1.0480
1623615045827000,1,399.00000000,1.0479
1623615045827000,1,412.00000000,1.0477
1623615045827000,1,400.00000000,1.0475
1623615045827000,1,498.55677434,1.0474
1623615155194000,0,384.00000000,1.0500
1623615158789000,0,404.00000000,1.0505
1623615303100000,0,404.00000000,1.0545
1623615578863000,1,75.97989332,1.0502
1623616013909000,0,402.00000000,1.0537
1623616013909000,0,390.00000000,1.0539
1623616013909000,0,248.59836664,1.0543
1623616148302000,1,190.68248029,1.0531
1623616194438000,1,396.00000000,1.0523
1623616194438000,1,644.59836664,1.0519
1623616342602000,1,161.93025571,1.0547
1623616439751000,1,194.15525600,1.0546
1623616773198000,0,410.00000000,1.0587
1623617388159000,0,408.00000000,1.0614
1623617548089000,1,405.99997715,1.0596
1623617548220000,0,396.99997715,1.0590
1623617548778000,0,3.00002285,1.0590
1623617548778000,0,942.88595431,1.0594
1623617760858000,1,235.95145062,1.0605
1623617774376000,0,721.80681228,1.0617
1623617864038000,1,392.00000000,1.0633
1623617900766000,1,320.69203419,1.0659
1623618001804000,1,160.36006500,1.0622
1623618058259000,0,385.99997715,1.0597
1623618121939000,1,159.95501500,1.0562
1623618267055000,1,317.30372148,1.0579
1623618343489000,0,37.03703705,1.0552
1623618362238000,1,100.00000000,1.0541
1623618386191000,1,385.00000000,1.0545
1623618386692000,1,266.07587096,1.0543
1623618386692000,1,302.38426454,1.0543
1623618414765000,1,100.00000000,1.0496
1623618418236000,1,100.00000000,1.0487
1623618643366000,0,75.97989332,1.0547
1623618643366000,0,100.00000000,1.0551
1623618645898000,0,100.00000000,1.0562
1623618647828000,0,165.77059953,1.0577
1623618842427000,1,165.77064900,1.0572
1623619178795000,0,411.00000000,1.0550
1623619178795000,0,62.91452724,1.0552
1623619471592000,1,384.00000000,1.0521
1623619471592000,1,393.00000000,1.0519
1623619471592000,1,942.84736481,1.0519
1623619471592000,1,387.00000000,1.0517
1623619471592000,1,1424.53335556,1.0515
1623619471592000,1,4499.79499258,1.0512
1623619768080000,0,395.00000000,1.0572
1623619770102000,0,313.61636130,1.0569
1623619798722000,0,86.01559985,1.0572
1623620209312000,0,92.31577125,1.0538
1623620265937000,0,100.00000000,1.0539
1623620265937000,0,218.44969146,1.0540
1623621608379000,0,405.00000000,1.0516
1623622056956000,0,398.99997696,1.0512
1623622357275000,0,406.00000000,1.0496
1623622397904000,1,397.00000000,1.0478
1623622745015000,1,238.11791599,1.0499
1623622865204000,1,160.88206100,1.0487
1623623027661000,0,47.67989624,1.0473
1623623295881000,1,179.09625062,1.0436
1623623645011000,1,385.00000000,1.0422
1623623780715000,0,120.00000000,1.0464
1623623781040000,0,280.00000000,1.0464
1623623781041000,0,120.00000000,1.0464
1623623781042000,0,405.00000000,1.0467
1623623781248000,0,100.00000000,1.0470
1623624018358000,0,407.00000000,1.0463
1623624018389000,0,393.00000000,1.0466
1623624709647000,1,393.00000000,1.0444
1623625360485000,1,400.00000000,1.0335
1623625667115000,0,399.00000000,1.0353
1623626450947000,0,100.00000000,1.0388
1623626450947000,0,4508.58934468,1.0393
1623626450947000,0,391.41065532,1.0393
1623626498517000,0,1446.92644488,1.0375
1623626498517000,0,1446.31294855,1.0379
1623626498517000,0,2106.76060657,1.0380
1623626607607000,0,4707.59497047,1.0386
1623626607607000,0,389.00000000,1.0386
1623626607607000,0,1445.24669192,1.0388
1623626607607000,0,411.00000000,1.0389
1623626607607000,0,426.43798375,1.0391
1623626607607000,0,1445.50637825,1.0391
1623626607607000,0,394.00000000,1.0391
1623626607607000,0,27.22359099,1.0393
1623627130337000,0,400.00000000,1.0379
1623627326303000,1,214.91104311,1.0362
1623627706886000,1,142.58202176,1.0350
1623627706890000,1,271.41797824,1.0350
1623627737556000,1,243.06706633,1.0353
1623629051187000,1,76.56012041,1.0466
1623629062332000,1,397.00000000,1.0442
1623629062332000,1,404.00000000,1.0440
1623629062332000,1,401.00000000,1.0437
1623629062332000,1,39.59626816,1.0435
1623629578024000,1,100.00000000,1.0294
1623629578598000,1,400.00000000,1.0299
1623629580579000,1,100.00000000,1.0281
1623630198394000,0,399.99997674,1.0414
1623630911533000,0,400.00000000,1.0480
1623630991114000,1,415.00000000,1.0451
1623630991806000,1,136.14078427,1.0451
1623630991859000,1,267.85921573,1.0451
1623630997966000,1,267.85919151,1.0446
1623631384102000,1,49.23884292,1.0367
1623631384976000,1,415.00000000,1.0365
1623631631709000,0,76.56012041,1.0401
1623631655963000,0,399.99997677,1.0426
1623631656505000,1,400.00000000,1.0425
1623632469939000,1,146.66911407,1.0377
1623632785699000,1,76.99849235,1.0342
1623633443863000,0,20.80128484,1.0336
1623633996038000,0,48.13477736,1.0378
1623634790362000,1,100.00000000,1.0541
1623634790362000,1,151.59000000,1.0540
1623634790366000,1,255.41000000,1.0540
1623634838063000,0,411.00000000,1.0547
1623635012826000,1,399.00000000,1.0511
1623635012826000,1,409.00000000,1.0509
1623635012826000,1,206.93062000,1.0505
1623636049135000,1,400.00000000,1.0562
1623636191420000,1,20.80128484,1.0513
1623636486649000,0,388.00000000,1.0548
1623636570691000,0,20.40157898,1.0538
1623637098851000,1,384.00000000,1.0482
1623638961595000,1,100.00000000,1.0461
1623640923093000,1,117.99436249,1.0416
1623640923131000,1,269.00562589,1.0416
1623640923131000,1,10.00001162,1.0414
1623641445510000,0,76.99849235,1.0383
1623641819630000,1,400.00000000,1.0366
1623641906237000,1,403.00000000,1.0349
1623641921647000,0,77.04340122,1.0376
1623641965917000,0,37.35524842,1.0385
1623642122121000,1,1438.45394703,1.0423
1623642183838000,0,387.00000000,1.0439
1623642483724000,0,354.43453610,1.0437
1623642484193000,0,34.56546390,1.0437
1623642882438000,0,361.00000000,1.0573
1623643373990000,0,92.00011911,1.0675
1623643373990000,0,307.99988089,1.0676
1623643417289000,1,148.73284420,1.0650
1623643417289000,1,58.58288728,1.0649
1623643523346000,0,58.58288728,1.0672
1623643619879000,0,400.00000000,1.0700
1623643619957000,0,314.37137126,1.0700
1623643620484000,0,100.00000000,1.0710
1623643687248000,1,307.32805773,1.0699
1623643817302000,1,400.00000000,1.0679
1623643847903000,0,408.00000000,1.0702
1623643870790000,0,68.61564597,1.0713
1623643988849000,1,395.47215270,1.0693
1623643988963000,1,19.52783599,1.0693
1623644022493000,1,198.00658810,1.0680
1623644335944000,0,199.39509227,1.0747
1623644410765000,0,629.87500667,1.0776
1623644875461000,0,46.40026726,1.0765
1623645823799000,0,386.99999500,1.0708
1623645824054000,0,26.00000500,1.0708
1623645824054000,0,385.99999000,1.0712
1623646400044000,1,395.00000000,1.0663
1623646400044000,1,67.58163573,1.0662
1623646400384000,1,193.87000000,1.0662
1623646429108000,1,354.82000000,1.0648
1623646721396000,0,413.00000000,1.0655
1623647055368000,1,92.07209483,1.0630
1623647269187000,0,100.00000000,1.0622
1623647798000000,1,100.00000000,1.0561
1623648397803000,1,100.00000000,1.0551
1623649568271000,0,47.19296258,1.0595
1623649759351000,0,239.05633128,1.0589
1623650090756000,1,445.35150000,1.0550
1623650090756000,1,399.00000000,1.0549
1623650090756000,1,390.00000000,1.0547
1623650090756000,1,947.47624195,1.0544
1623650090756000,1,413.00000000,1.0543
1623650090756000,1,100.00000000,1.0541
1623650090756000,1,1420.92128569,1.0541
1623650090756000,1,370.84288773,1.0539
1623650090756000,1,962.02171542,1.0537
1623650090756000,1,1421.00146448,1.0536
1623650090756000,1,948.36660186,1.0531
1623650090756000,1,2838.95390774,1.0529
1623650090756000,1,943.62524299,1.0527
1623650090756000,1,2367.80206844,1.0527
1623650090756000,1,1000.00000000,1.0526
1623650090756000,1,1412.66199897,1.0517
1623650100982000,1,389.00000000,1.0545
1623650100982000,1,945.15000046,1.0543
1623650100982000,1,387.00000000,1.0543
1623650100982000,1,956.54565977,1.0542
1623650100982000,1,389.00000000,1.0541
1623650100982000,1,100.00000000,1.0538
1623650100982000,1,1421.00146448,1.0536
1623650100982000,1,1421.51089214,1.0532
1623650100982000,1,948.29303458,1.0531
1623650100982000,1,2838.95390774,1.0529
1623650100982000,1,960.62454348,1.0524
1623650100982000,1,948.57760787,1.0518
1623650100982000,1,1429.26004821,1.0517
1623650100982000,1,689.07733937,1.0517
1623650100982000,1,374.03688342,1.0513
1623650100982000,1,2182.99353375,1.0512
1623651374577000,0,386.00000000,1.0427
1623651374577000,0,400.00000000,1.0430
1623651374577000,0,385.00000000,1.0431
1623651374662000,1,265.34110784,1.0431
1623653283543000,1,400.00000000,1.0430
1623653545550000,0,398.00000000,1.0443
1623654327774000,0,1143.42953005,1.0500
1623654979114000,0,395.99997686,1.0456
1623655812362000,0,47.58143562,1.0473
1623657826893000,1,100.00000000,1.0399
1623657827686000,1,415.00000000,1.0401
1623658010107000,0,99.99615399,1.0400
1623658385926000,1,415.00000000,1.0413
1623658386869000,1,123.03174678,1.0409
1623658389861000,1,253.96825322,1.0409
1623660310545000,0,373.99331425,1.0361
1623662224305000,0,403.00000000,1.0408
1623662224305000,0,403.00000000,1.0411
1623662224305000,0,100.00000000,1.0411
1623662224305000,0,99.37155000,1.0413
1623662226645000,0,95.99692810,1.0407
1623662226677000,0,304.00307190,1.0407
1623662249729000,0,387.00000000,1.0462
1623662249729000,0,399.00000000,1.0465
1623662249729000,0,100.00000000,1.0466
1623662249729000,0,409.00000000,1.0468
1623662249729000,0,401.00000000,1.0471
1623662249729000,0,77.04340122,1.0474
1623662249729000,0,226.95659878,1.0475
1623662250352000,0,1000.00000000,1.0475
1623662287801000,1,212.32604647,1.0435
1623662301553000,1,159.38310465,1.0439
1623662421284000,1,145.02267383,1.0417
1623662441699000,1,477.98913663,1.0417
1623662449737000,1,481.33637837,1.0417
1623662453380000,1,95.99692310,1.0407
1623662864159000,0,300.00000000,1.0381
1623662984163000,1,187.16190807,1.0371
1623663321950000,1,241.85667301,1.0309
1623663330206000,1,100.00000000,1.0302
1623663332369000,1,414.00000000,1.0281
1623663441947000,1,243.15518163,1.0285
1623663621959000,1,241.26186655,1.0279
1623665202092000,1,289.20757125,1.0308
1623665638676000,1,20.40157898,1.0319
1623666414472000,0,20.72369055,1.0375
1623666461054000,1,20.72369055,1.0358
1623666718892000,0,48.27279924,1.0355
1623666724235000,0,20.76371854,1.0355
1623666919812000,0,271.53258000,1.0380
1623668589542000,0,400.99997675,1.0418
1623668589691000,0,412.99997675,1.0420
1623668589957000,0,226.12925509,1.0423
1623668614741000,1,108.95444880,1.0405
1623668830022000,1,424.00000000,1.0425
1623668830302000,1,360.00000000,1.0421
1623668860755000,1,302.26735527,1.0415
1623670353817000,1,526.46182917,1.0374
1623671530327000,1,222.49371646,1.0454
1623671850215000,0,389.99998841,1.0446
1623671860510000,0,385.99998840,1.0443
1623673023893000,0,20.00000000,1.0385
1623673671222000,1,233.37220880,1.0466
1623673708775000,0,290.04174565,1.0498
1623673708837000,0,104.95827784,1.0498
1623673708923000,0,104.95827784,1.0496
1623673709474000,0,0.00002349,1.0500
1623673710903000,1,399.99997651,1.0500
1623673880725000,0,400.00000000,1.0551
1623673963238000,0,51.30747831,1.0559
1623673968807000,1,20.76371854,1.0560
1623674163817000,0,400.00000000,1.0588
1623674178645000,0,20.29833836,1.0592
1623674390241000,0,215.41798181,1.0609
1623674390267000,0,203.58201819,1.0609
1623674556480000,0,401.00000000,1.0639
1623674598813000,0,20.00000000,1.0641
1623675709166000,0,407.00000000,1.0604
1623675709565000,0,229.00000000,1.0609
1623675853359000,0,94.07514723,1.0630
1623675853624000,0,5.92485277,1.0630
1623675853624000,0,944.70949323,1.0633
1623676165132000,0,411.00000000,1.0681
1623676165132000,0,100.00000000,1.0682
1623676165132000,0,414.00000000,1.0684
1623676165132000,0,55.57527000,1.0684
1623676586041000,1,233.92469496,1.0691
1623676706447000,0,233.68634255,1.0692
1623676826369000,1,233.68635552,1.0732
1623677376881000,1,394.00000000,1.0761
1623677376881000,1,399.00000000,1.0761
1623677376881000,1,253.93001986,1.0760
1623677450515000,0,225.00907153,1.0748
1623677569626000,0,400.00000000,1.0827
1623677570026000,0,272.36632382,1.0827
1623677638427000,0,128.40320472,1.0783
1623677696348000,0,46.13865588,1.0802
1623677748496000,1,20.29833836,1.0810
1623677868468000,0,299.99998883,1.0850
1623677958999000,0,19.82023507,1.0848
1623677992252000,1,20.00000000,1.0831
1623678194467000,0,384.00000000,1.0842
1623678219122000,1,400.00000000,1.0828
1623678568209000,1,112.39880518,1.0794
1623678776841000,0,82.43984417,1.0816
1623678847838000,0,61.82988313,1.0859
1623678852796000,1,100.00000000,1.0861
1623678931486000,1,408.00000000,1.0846
1623679024520000,1,309.47437359,1.0839
1623679024650000,1,91.52562641,1.0839
1623679147771000,0,100.00000000,1.0806
1623680318318000,0,100.00000000,1.0793
1623680365587000,1,119.08184011,1.0782
1623680366250000,1,400.00000000,1.0782
1623680367301000,1,400.00000000,1.0782
1623680367598000,1,195.52081626,1.0782
1623680378728000,1,100.00000000,1.0764
1623681433869000,1,408.00000000,1.0778
1623681434302000,1,59.78112580,1.0776
1623681434612000,1,345.21887420,1.0776
1623681501707000,1,627.33789275,1.0791
1623681580951000,0,34.77930926,1.0800
1623682777830000,1,403.00000000,1.0714
1623682777830000,1,36.96521426,1.0714
1623682778193000,1,373.03478574,1.0714
1623682778193000,1,392.00000000,1.0710
1623683811363000,0,19.56336146,1.0723
1623683811363000,0,409.00000000,1.0726
1623683868508000,0,407.00000000,1.0756
1623685611053000,1,133.86542979,1.0737
1623685661964000,1,390.00000000,1.0748
1623685662079000,1,402.00000000,1.0746
1623686143105000,0,24.67252109,1.0786
1623686410301000,0,26.08448194,1.0825
1623686661884000,0,387.00000000,1.0767
1623686661884000,0,393.00000000,1.0770
1623686665493000,0,191.65642811,1.0778
1623686784922000,1,388.00000000,1.0838
1623687240319000,0,415.00000000,1.0741
1623687268902000,0,417.00000000,1.0750
1623687346300000,0,38.50439082,1.0802
1623687456975000,0,46.65871984,1.0808
1623688084337000,0,391.00000000,1.0748
1623688243455000,1,75.06582953,1.0750
1623688647088000,0,46.51119524,1.0699
1623688769234000,1,328.80000000,1.0676
1623688793667000,1,388.00000000,1.0652
1623688794192000,1,403.00000000,1.0650
1623689300876000,1,392.00000000,1.0576
1623689301585000,1,226.12925509,1.0569
1623689359333000,0,151.03122989,1.0565
1623689359707000,0,239.96877011,1.0565
1623689359707000,0,403.00000000,1.0565
1623689509139000,0,75.06582953,1.0592
1623689640267000,0,164.92897462,1.0601
1623689640268000,0,235.07102538,1.0601
1623689827228000,0,412.00000000,1.0627
1623689827592000,0,399.00000000,1.0630
1623689829977000,0,413.00000000,1.0633
1623689981216000,0,388.00000000,1.0652
1623691550120000,1,402.00000000,1.0671
1623691550120000,1,414.00000000,1.0671
1623691550120000,1,126.00673609,1.0668
1623691755396000,1,402.00000000,1.0639
1623691755542000,1,398.00000000,1.0636
1623691755971000,1,210.80836571,1.0636
1623691812512000,1,210.80834867,1.0653
1623692364589000,0,396.00000000,1.0676
1623692734364000,0,411.00000000,1.0657
1623693201695000,1,393.97085908,1.0649
1623693201994000,1,6.02914092,1.0649
1623693568817000,0,259.43369673,1.0659
1623693609270000,0,51.30747831,1.0682
1623694620005000,1,390.00000000,1.0581
1623694620218000,1,394.00000000,1.0576
1623695805191000,1,240.78229233,1.0499
1623695890272000,1,950.33000000,1.0514
1623696903782000,0,408.00000000,1.0450
1623697519737000,1,193.59772965,1.0480
1623697519806000,1,207.40227035,1.0480
1623697519814000,1,399.00000000,1.0478
1623697519814000,1,412.00000000,1.0475
1623697520431000,1,159.50240800,1.0475
1623697940997000,0,390.99997670,1.0403
1623698136730000,0,72.07239998,1.0449
1623698680090000,0,731.90813873,1.0483
1623698930241000,1,94.05992674,1.0456
1623699622103000,0,47.58143562,1.0501
1623702733721000,0,200.00000000,1.0449
1623703237652000,0,384.00000000,1.0465
1623703890205000,1,400.00000000,1.0412
1623703890892000,1,400.00000000,1.0401
1623703891039000,1,100.00000000,1.0388
1623703962891000,1,400.00000000,1.0400
1623703964480000,1,400.00000000,1.0400
1623703982664000,0,406.00000000,1.0410
1623704012385000,0,399.99998080,1.0414
1623704167426000,1,1169.01366402,1.0399
1623704646181000,1,405.00000000,1.0456
1623704646181000,1,421.00000000,1.0454
1623704646181000,1,1432.57026453,1.0450
1623704646181000,1,10471.96800000,1.0448
1623704646181000,1,1433.19094492,1.0446
1623704646181000,1,100.00000000,1.0444
1623704646181000,1,4158.00000000,1.0443
1623704646181000,1,353.84955725,1.0443
1623704646885000,1,247.78883437,1.0461
1623705035505000,1,389.00000000,1.0477
1623705420013000,0,397.00000000,1.0459
1623707961139000,0,386.00000000,1.0429
1623707961139000,0,384.00000000,1.0430
1623708886681000,0,38.59513702,1.0420
1623709211847000,1,188.56575557,1.0414
1623709212540000,1,203.43425093,1.0414
1623709212780000,1,1.99999350,1.0414
1623709212780000,1,413.00000000,1.0412
1623709212780000,1,60.53487443,1.0409
1623709212803000,1,326.46512557,1.0409
1623709824658000,1,100.00000000,1.0380
1623709929153000,1,19.82023507,1.0381
1623710473089000,0,20.65440851,1.0409
1623710527350000,0,388.99998835,1.0393
1623710571433000,0,48.10698994,1.0378
1623711339163000,0,149.25625400,1.0423
1623712539034000,0,384.00000000,1.0468
1623712740177000,0,398.00000000,1.0493
1623713115544000,0,393.00000000,1.0534
1623713319587000,1,142.68999662,1.0526
1623713585726000,0,50.50840699,1.0533
1623714213889000,0,403.00000000,1.0542
1623714213892000,0,387.00000000,1.0544
1623714213971000,0,406.00000000,1.0547
1623714454345000,1,390.00000000,1.0555
