timestamp ms,type,amount,price
1623542493856000,0,400.00000000,0.9939
1623542528022000,0,404.00000000,0.9945
1623543107437000,1,417.00000000,0.9871
1623543108731000,1,385.00000000,0.9867
1623543108731000,1,100.00000000,0.9864
1623543135440000,1,403.00000000,0.9861
1623543135440000,1,397.00000000,0.9859
1623543135848000,1,235.00000000,0.9856
1623543136857000,1,126.30560909,0.9857
1623543136861000,1,273.69439091,0.9857
1623543274133000,1,253.62685357,0.9866
1623543394319000,1,253.39293135,0.9880
1623544333247000,0,407.00000000,0.9891
1623544333681000,0,407.00000000,0.9896
1623544335049000,0,384.00000000,0.9899
1623544870931000,0,97.42563791,0.9919
1623544871516000,0,292.57436209,0.9919
1623545063626000,0,100.00000000,0.9978
1623545063661000,0,223.83377547,0.9978
1623545063728000,0,76.16622453,0.9978
1623545103875000,1,27.29070190,0.9968
1623545172544000,0,406.00000000,1.0010
1623545172740000,0,415.00000000,1.0012
1623545349830000,1,401.00000000,1.0036
1623545349871000,1,400.00000000,1.0035
1623545382545000,0,412.00000000,1.0040
1623545709769000,0,400.00000000,1.0045
1623546321892000,1,134.70000000,1.0053
1623546322013000,1,415.00000000,1.0050
1623546580000000,0,100.00000000,1.0104
1623547802707000,0,100.00000000,1.0080
1623550519468000,0,49.60268251,1.0030
1623551059133000,0,411.00000000,1.0007
1623552116290000,1,404.00000000,1.0000
1623552693237000,1,438.00000000,0.9981
1623552775290000,0,100.00000000,0.9979
1623553582096000,1,100.00000000,0.9912
1623554355873000,0,392.99998985,0.9845
1623554643202000,1,400.00000000,0.9804
1623554648510000,1,391.00000000,0.9798
1623554689466000,1,398.99997956,0.9783
1623554725523000,1,400.00000000,0.9727
1623554736486000,1,400.00000000,0.9756
1623554771154000,0,100.00000000,0.9765
1623554774725000,0,299.99997953,0.9766
1623555468658000,1,100.00000000,0.9736
1623555714872000,1,134.53187755,0.9712
1623555735767000,1,385.00000000,0.9683
1623555736983000,1,100.00000000,0.9681
1623555736983000,1,288.00000000,0.9679
1623555737363000,1,384.00000000,0.9678
1623555737855000,1,1022.38073085,0.9674
1623555738581000,0,2317.39263950,0.9689
1623555738851000,0,410.00000000,0.9689
1623555738961000,0,1097.26315525,0.9689
1623555739305000,0,407.00000000,0.9709
1623555740924000,0,399.00000000,0.9716
1623555741169000,0,100.99672308,0.9716
1623555741170000,0,462.73767025,0.9716
1623555741171000,0,771.68313837,0.9716
1623555741397000,0,986.48994079,0.9716
1623555741415000,0,219.05795683,0.9716
1623555741776000,0,1.00000000,0.9716
1623555741898000,0,160.00000000,0.9712
1623555742967000,1,415.00000000,0.9707
1623555743348000,1,398.00000000,0.9705
1623555745385000,1,1042.38926915,0.9702
1623555752966000,1,501.15426831,0.9702
1623555753324000,1,1543.54353746,0.9702
1623555772432000,0,397.00000000,0.9720
1623555846589000,0,414.00000000,0.9711
1623555994028000,0,414.00000000,0.9774
1623555994028000,0,384.00000000,0.9777
1623555994028000,0,755.25850349,0.9779
1623555994137000,0,264.60000000,0.9771
1623556150754000,1,405.99997944,0.9724
1623556154201000,1,6.00002056,0.9724
1623556154201000,1,332.94901466,0.9722
1623558220318000,1,405.00000000,0.9698
1623558220542000,1,100.00000000,0.9694
1623558666823000,1,100.00000000,0.9720
1623559012456000,1,100.00000000,0.9702
1623559884842000,0,252.69010000,0.9759
1623560405489000,1,388.00000000,0.9766
1623560405516000,1,420.00000000,0.9761
1623561010744000,1,77.02975556,0.9713
1623561031210000,1,100.00000000,0.9684
1623561561903000,0,232.29000000,0.9718
1623561562690000,0,77.02975556,0.9738
1623561652319000,1,100.00000000,0.9827
1623561780329000,0,130.08490385,0.9818
1623561780360000,0,254.91509615,0.9818
1623561781145000,0,423.00000000,0.9822
1623561783140000,0,286.14333348,0.9835
1623561991921000,1,407.00000000,0.9774
1623561991921000,1,381.00000000,0.9771
1623562293759000,0,398.00000000,0.9770
1623563948410000,1,100.00000000,0.9683
1623565887710000,0,399.99997538,0.9797
1623565891523000,0,393.99997538,0.9797
1623567121296000,0,386.00000000,0.9842
1623567121296000,0,272.28088141,0.9843
1623567193231000,1,396.00000000,0.9817
1623567455640000,0,400.00000000,0.9837
1623567519698000,0,7.99998984,0.9837
1623567614184000,1,76.10706170,0.9857
1623569706856000,0,400.00000000,0.9850
1623570295783000,0,100.22551166,0.9884
1623570295990000,0,299.77448834,0.9884
1623571129585000,0,399.99997551,0.9850
1623571129746000,1,386.00000000,0.9839
1623571129746000,1,272.28088141,0.9836
1623571132867000,0,391.99997551,0.9849
1623571136397000,0,410.99055300,0.9850
1623571162589000,1,309.01117896,0.9844
1623571167113000,0,413.99997551,0.9852
1623571173978000,0,412.99997551,0.9852
1623571673242000,0,100.00000000,0.9888
1623571865527000,1,198.34405507,0.9879
1623571865844000,1,198.34402668,0.9878
1623572188739000,1,395.00000000,0.9828
1623572188739000,1,400.00000000,0.9827
1623572189677000,1,400.00000000,0.9828
1623573145781000,1,100.00000000,0.9935
1623573193281000,0,76.10706170,0.9964
1623573343690000,0,398.00000000,1.0021
1623573413238000,0,389.00000000,1.0034
1623573413238000,0,414.00000000,1.0036
1623573413238000,0,190.96543342,1.0039
1623573415512000,1,403.00000000,1.0020
1623573910090000,1,386.00000000,0.9984
1623574139016000,1,415.00000000,0.9957
1623574139100000,1,211.61110000,0.9953
1623574139122000,1,167.38890000,0.9953
1623574139151000,1,411.00000000,0.9949
1623574139604000,1,100.00000000,0.9953
1623574139670000,1,100.00000000,0.9953
1623574139688000,1,100.00000000,0.9953
1623574770366000,1,180.57792136,0.9998
1623574879143000,0,408.00000000,0.9988
1623575744620000,0,46.55612244,1.0035
1623575810087000,0,134.99998800,1.0048
1623575822079000,1,249.99998795,1.0034
1623576404089000,1,396.00000000,1.0013
1623577142648000,1,59.01409688,1.0059
1623577147660000,1,16.36972283,1.0059
1623577222543000,0,49.45843018,1.0066
1623577681698000,0,140.39480115,1.0025
1623577786858000,0,404.00000000,1.0059
1623577786858000,0,924.90810982,1.0063
1623577990182000,0,407.00000000,1.0038
1623577990182000,0,398.00000000,1.0041
1623577990182000,0,386.54547445,1.0043
1623578266954000,0,199.13874349,1.0087
1623578268781000,0,198.86125651,1.0087
1623578268781000,0,210.86125651,1.0088
1623578269051000,0,190.00000000,1.0088
1623578269063000,0,9.13874349,1.0088
1623580341060000,1,411.00000000,1.0071
1623581327536000,0,188.08605674,1.0096
1623581659066000,1,409.00000000,1.0091
1623581659747000,1,378.00000000,1.0085
1623582533400000,0,387.00000000,1.0134
1623582533400000,0,337.45645742,1.0136
1623582533564000,0,55.54354258,1.0136
1623582533564000,0,308.38261798,1.0139
1623583030877000,0,400.00000000,1.0163
1623583049180000,0,296.09270334,1.0163
1623583049529000,0,100.00000000,1.0173
1623583616899000,0,163.00000000,1.0227
1623583617055000,0,468.14913463,1.0227
1623583825776000,1,100.00000000,1.0195
1623584132646000,0,100.00000000,1.0188
1623585199536000,1,28.17374000,1.0148
1623585760341000,0,397.00000000,1.0229
1623585760341000,0,396.00000000,1.0232
1623586004712000,1,206.00317751,1.0212
1623586016927000,0,398.00000000,1.0224
1623586050318000,1,102.80012000,1.0234
1623586050448000,1,304.19986046,1.0234
1623586235410000,0,205.18983100,1.0246
1623586531227000,0,400.00000000,1.0271
1623586532746000,0,327.62572526,1.0271
1623586577146000,0,1460.60121116,1.0284
1623586577146000,0,422.00000000,1.0285
1623586577146000,0,418.64388884,1.0286
1623586577321000,0,400.00000000,1.0286
1623586577554000,0,75.38381971,1.0295
1623586577668000,0,100.00000000,1.0300
1623586783845000,1,100.00000000,1.0228
1623586783845000,1,300.00000000,1.0224
1623587012013000,1,403.00000000,1.0194
1623587012013000,1,395.00000000,1.0192
1623587012101000,0,400.00000000,1.0191
1623587012128000,0,403.00000000,1.0191
1623587012510000,0,3286.61600000,1.0191
1623587013130000,0,400.00000000,1.0191
1623587014324000,0,57.58976615,1.0191
1623587394645000,0,391.99997626,1.0170
1623588131869000,1,100.00000000,1.0216
1623588143045000,0,48.92128565,1.0210
1623588469246000,0,401.00000000,1.0214
1623588469246000,0,406.00000000,1.0215
1623589290827000,1,399.00000000,1.0109
1623589290942000,1,408.00000000,1.0105
1623589291301000,1,100.00000000,1.0100
1623590554206000,0,413.00000000,1.0148
1623590668355000,1,177.46403888,1.0138
1623590769004000,1,383.99998031,1.0154
1623591355672000,0,390.00000000,1.0113
1623591481861000,0,400.00000000,1.0135
1623591558421000,1,100.00000000,1.0144
1623591558421000,1,300.00000000,1.0142
1623591559470000,1,400.00000000,1.0144
1623592759779000,1,76.87022835,1.0094
1623593003369000,1,379.03707655,1.0100
1623593003443000,1,25.96292345,1.0100
1623593725642000,0,400.00000000,1.0104
1623593726267000,0,100.00000000,1.0122
1623594001134000,0,76.87022835,1.0067
1623594001134000,0,274.96494698,1.0069
1623594123318000,1,411.00000000,1.0048
1623594123318000,1,389.00000000,1.0047
1623594123318000,1,191.91156170,1.0045
1623594124144000,1,211.08843830,1.0045
1623594124144000,1,396.00000000,1.0042
1623594124144000,1,100.00000000,1.0040
1623594124144000,1,378.84740354,1.0038
1623594176402000,1,405.00000000,1.0003
1623594176550000,1,77.38142760,1.0002
1623594302113000,1,373.00000000,0.9978
1623594303248000,1,414.00000000,0.9974
1623595545192000,0,400.00000000,1.0028
1623595579580000,1,137.21012789,1.0019
1623595607967000,0,400.00000000,1.0031
1623595718700000,0,400.00000000,1.0029
1623595934117000,0,189.94791048,0.9983
1623596204700000,0,406.00000000,0.9969
1623596463850000,1,399.00000000,0.9956
1623596791770000,1,400.00000000,0.9997
1623596912897000,0,77.38142759,1.0033
1623597324548000,1,77.70566116,0.9990
1623597768371000,0,404.00000000,0.9963
1623597843660000,1,404.00000000,0.9952
1623597985423000,0,410.00000000,0.9962
1623597985423000,0,47.40010869,0.9962
1623598063959000,0,72.90026252,0.9986
1623598206790000,0,400.00000000,0.9967
1623598372545000,1,73.18079750,0.9951
1623598398483000,0,153.91142759,0.9984
1623598398733000,0,246.08857241,0.9984
1623598468495000,0,183.90763178,0.9981
1623598468556000,0,133.40000000,0.9981
1623599514075000,0,77.98619615,1.0042
1623599665546000,1,389.00000000,1.0046
1623600700130000,1,77.96655533,1.0041
1623601062695000,0,77.96655533,1.0188
1623601179293000,0,48.83480163,1.0214
1623601259413000,0,100.00000000,1.0233
1623601779002000,1,100.00000000,1.0227
1623601779283000,1,300.00000000,1.0227
1623602109855000,1,403.00000000,1.0247
1623602110943000,1,320.59336936,1.0243
1623602526223000,0,389.00000000,1.0270
1623602693369000,1,385.00000000,1.0266
1623602693369000,1,403.00000000,1.0265
1623602693369000,1,187.82466913,1.0265
1623602695482000,0,402.99997647,1.0267
1623602697768000,1,77.40267573,1.0261
1623602788852000,1,395.00000000,1.0272
1623602788852000,1,397.00000000,1.0271
1623603252367000,0,388.00000000,1.0264
1623603252367000,0,674.16831750,1.0268
1623604393379000,0,77.40267573,1.0275
1623604393379000,0,234.58455553,1.0275
1623605294731000,0,401.00000000,1.0274
1623605446636000,1,396.00000000,1.0270
1623605446982000,1,293.76733439,1.0267
1623605447352000,1,100.00000000,1.0263
1623605448157000,1,400.00000000,1.0266
1623605682586000,0,412.00000000,1.0277
1623606070396000,0,100.00000000,1.0309
1623606183562000,0,270.54000821,1.0359
1623606183610000,0,474.25247702,1.0359
1623606490172000,0,409.00000000,1.0360
1623606490801000,0,412.00000000,1.0362
1623606491076000,0,405.00000000,1.0364
1623606588558000,0,392.00000000,1.0366
1623606675373000,1,387.00000000,1.0339
1623606675819000,1,412.00000000,1.0335
1623606769870000,0,409.00000000,1.0341
1623606769870000,0,414.00000000,1.0344
1623606769928000,0,399.00000000,1.0347
1623606856941000,0,671.50331974,1.0403
1623606857766000,0,336.38828463,1.0408
1623607040544000,0,400.00000000,1.0439
1623607080607000,1,400.00000000,1.0453
1623607081080000,1,76.20594864,1.0436
1623607081144000,1,319.07451140,1.0440
1623607081440000,1,80.92548860,1.0440
1623607178430000,1,395.00000000,1.0436
1623607178530000,1,414.00000000,1.0431
1623607178884000,1,100.00000000,1.0420
1623607380935000,0,76.20594864,1.0402
1623607536523000,1,76.28552771,1.0392
1623607536523000,1,275.54964762,1.0391
1623607674679000,0,393.00000000,1.0404
1623607674776000,0,391.00000000,1.0407
1623607872169000,0,135.00543622,1.0412
1623607923386000,1,62.58999999,1.0408
1623607923497000,1,337.40998840,1.0408
1623608170069000,1,104.88972951,1.0404
1623608186510000,1,78.66729713,1.0399
1623609763728000,1,387.00000000,1.0417
1623609764704000,1,407.00000000,1.0414
1623609764704000,1,272.00000000,1.0412
1623610066949000,1,282.00000000,1.0395
1623610067640000,1,355.07320068,1.0392
1623610067892000,1,36.92679932,1.0392
1623610067892000,1,400.00000000,1.0389
1623610089221000,0,400.00000000,1.0392
1623611192996000,0,406.00000000,1.0396
1623611192996000,0,2315.35530150,1.0401
1623611192996000,0,396.00000000,1.0401
1623611192996000,0,966.70319318,1.0403
1623611192996000,0,1443.77999127,1.0404
1623611192996000,0,391.00000000,1.0404
1623611192996000,0,1443.39461467,1.0407
1623611192996000,0,966.58917557,1.0410
1623611192996000,0,1282.07458806,1.0412
1623611613536000,1,200.71454377,1.0367
1623611877308000,1,199.05114000,1.0329
1623611877443000,1,213.94886000,1.0329
1623611877443000,1,385.00000000,1.0326
1623611877443000,1,100.00000000,1.0325
1623611877443000,1,363.00000000,1.0322
1623611877443000,1,0.21945750,1.0321
1623611997385000,1,100.00000000,1.0292
1623612117056000,0,48.33906956,1.0323
1623612152166000,1,209.09664032,1.0305
1623612152208000,1,193.21532309,1.0305
1623612357673000,1,159.92499200,1.0316
1623613002766000,1,631.00000000,1.0327
1623613002766000,1,979.94000000,1.0327
1623613002772000,1,234.00000578,1.0327
1623613002775000,1,305.20000000,1.0327
1623613002783000,1,571.72719935,1.0327
1623613464672000,0,293.06349337,1.0356
1623613594087000,0,160.00218851,1.0380
1623614537266000,0,386.00000000,1.0399
1623614537266000,0,387.00000000,1.0404
1623614537266000,0,415.00000000,1.0407
1623614537266000,0,920.55677434,1.0420
1623614763610000,0,76.28552771,1.0460
1623614895520000,0,147.08918140,1.0501
1623614895521000,0,426.72363712,1.0501
1623614896136000,0,387.00000000,1.0505
1623614958312000,0,400.00000000,1.0558
1623614958795000,0,264.04620647,1.0558
1623614961177000,0,100.00000000,1.0575
1623614961343000,0,59.42777778,1.0575
1623614967842000,0,100.00000000,1.0580
1623614985602000,1,289.00000000,1.0563
1623614985602000,1,93.00000000,1.0563
1623615045827000,1,399.00000000,1.0480
1623615045827000,1,399.00000000,1.0479
1623615045827000,1,412.00000000,1.0477
1623615045827000,1,400.00000000,1.0475
1623615045827000,1,498.55677434,1.0474
1623615155194000,0,384.00000000,1.0500
1623615158789000,0,404.00000000,1.0505
1623615303100000,0,404.00000000,1.0545
1623615578863000,1,75.97989332,1.0502
1623616013909000,0,402.00000000,1.0537
1623616013909000,0,390.00000000,1.0539
1623616013909000,0,248.59836664,1.0543
1623616148302000,1,190.68248029,1.0531
1623616194438000,1,396.00000000,1.0523
1623616194438000,1,644.59836664,1.0519
1623616342602000,1,161.93025571,1.0547
1623616439751000,1,194.15525600,1.0546
1623616773198000,0,410.00000000,1.0587
1623617388159000,0,408.00000000,1.0614
1623617548089000,1,405.99997715,1.0596
1623617548220000,0,396.99997715,1.0590
1623617548778000,0,3.00002285,1.0590
1623617548778000,0,942.88595431,1.0594
1623617760858000,1,235.95145062,1.0605
1623617774376000,0,721.80681228,1.0617
1623617864038000,1,392.00000000,1.0633
1623617900766000,1,320.69203419,1.0659
1623618001804000,1,160.36006500,1.0622
1623618058259000,0,385.99997715,1.0597
1623618121939000,1,159.95501500,1.0562
1623618267055000,1,317.30372148,1.0579
1623618343489000,0,37.03703705,1.0552
1623618362238000,1,100.00000000,1.0541
1623618386191000,1,385.00000000,1.0545
1623618386692000,1,266.07587096,1.0543
1623618386692000,1,302.38426454,1.0543
1623618414765000,1,100.00000000,1.0496
1623618418236000,1,100.00000000,1.0487
1623618643366000,0,75.97989332,1.0547
1623618643366000,0,100.00000000,1.0551
1623618645898000,0,100.00000000,1.0562
1623618647828000,0,165.77059953,1.0577
1623618842427000,1,165.77064900,1.0572
1623619178795000,0,411.00000000,1.0550
1623619178795000,0,62.91452724,1.0552
1623619471592000,1,384.00000000,1.0521
1623619471592000,1,393.00000000,1.0519
1623619471592000,1,942.84736481,1.0519
1623619471592000,1,387.00000000,1.0517
1623619471592000,1,1424.53335556,1.0515
1623619471592000,1,4499.79499258,1.0512
1623619768080000,0,395.00000000,1.0572
1623619770102000,0,313.61636130,1.0569
1623619798722000,0,86.01559985,1.0572
1623620209312000,0,92.31577125,1.0538
1623620265937000,0,100.00000000,1.0539
1623620265937000,0,218.44969146,1.0540
1623621608379000,0,405.00000000,1.0516
1623622056956000,0,398.99997696,1.0512
1623622357275000,0,406.00000000,1.0496
1623622397904000,1,397.00000000,1.0478
1623622745015000,1,238.11791599,1.0499
1623622865204000,1,160.88206100,1.0487
1623623027661000,0,47.67989624,1.0473
1623623295881000,1,179.09625062,1.0436
1623623645011000,1,385.00000000,1.0422
1623623780715000,0,120.00000000,1.0464
1623623781040000,0,280.00000000,1.0464
1623623781041000,0,120.00000000,1.0464
1623623781042000,0,405.00000000,1.0467
1623623781248000,0,100.00000000,1.0470
1623624018358000,0,407.00000000,1.0463
1623624018389000,0,393.00000000,1.0466
1623624709647000,1,393.00000000,1.0444
1623625360485000,1,400.00000000,1.0335
1623625667115000,0,399.00000000,1.0353
1623626450947000,0,100.00000000,1.0388
1623626450947000,0,4508.58934468,1.0393
1623626450947000,0,391.41065532,1.0393
1623626498517000,0,1446.92644488,1.0375
1623626498517000,0,1446.31294855,1.0379
1623626498517000,0,2106.76060657,1.0380
1623626607607000,0,4707.59497047,1.0386
1623626607607000,0,389.00000000,1.0386
1623626607607000,0,1445.24669192,1.0388
1623626607607000,0,411.00000000,1.0389
1623626607607000,0,426.43798375,1.0391
1623626607607000,0,1445.50637825,1.0391
1623626607607000,0,394.00000000,1.0391
1623626607607000,0,27.22359099,1.0393
1623627130337000,0,400.00000000,1.0379
1623627326303000,1,214.91104311,1.0362
1623627706886000,1,142.58202176,1.0350
1623627706890000,1,271.41797824,1.0350
