timestamp ms,type,amount,price
1623888338949000,1,394.32035219,1.0217
1623888951285000,0,100.00000000,1.0350
1623888957313000,0,100.00000000,1.0362
1623889478063000,0,406.68093882,1.0295
1623889641286000,1,399.29259970,1.0283
1623889641286000,1,196.58662240,1.0280
1623889887046000,0,195.15117916,1.0259
1623889887217000,0,195.34049082,1.0259
1623890643779000,1,388.20824311,1.0325
1623890683138000,1,200.00000000,1.0316
1623892888719000,0,385.37695882,1.0432
1623892965517000,1,21.13042880,1.0418
1623893175162000,0,20.57435956,1.0450
1623894331389000,0,386.74430249,1.0462
1623894331389000,0,403.15620106,1.0465
1623894331724000,0,109.24791734,1.0467
1623894331816000,0,283.47462129,1.0467
1623896543829000,1,408.03636148,1.0478
1623896543829000,1,308.13678074,1.0477
1623896544024000,1,112.96291901,1.0477
1623896544024000,1,379.40813099,1.0474
1623896544115000,1,10.31177817,1.0474
1623898171260000,0,406.63236891,1.0495
1623899064883000,0,395.30690564,1.0521
1623899098593000,1,104.51999145,1.0515
1623899098644000,1,176.70239287,1.0515
1623899098645000,1,104.51999145,1.0515
1623899098645000,1,412.32620404,1.0513
1623899098835000,1,267.99228576,1.0509
1623899098877000,1,139.42629955,1.0509
1623899127571000,0,72.40866740,1.0519
1623899127603000,0,104.92000000,1.0519
1623899127848000,0,219.66030599,1.0519
1623899128160000,0,417.73106429,1.0525
1623899310035000,0,146.00526936,1.0515
1623900178590000,0,396.75474043,1.0510
1623900178785000,0,401.89935030,1.0512
1623900179301000,0,389.65373395,1.0515
1623900179301000,0,341.71940934,1.0517
1623901909782000,1,124.22474287,1.0535
1623903717454000,0,100.00000000,1.0692
1623903735474000,0,100.00000000,1.0736
1623904211738000,0,400.00000000,1.0687
1623904865804000,1,404.22028953,1.0666
1623905704515000,0,100.00000000,1.0648
1623906564282000,1,47.19296258,1.0585
1623906816839000,0,100.00000000,1.0611
1623906816839000,0,402.58734240,1.0613
1623908361026000,1,300.21260900,1.0564
1623908388551000,0,796.26997498,1.0582
1623908388735000,0,575.00000000,1.0582
1623908909330000,0,100.00000000,1.0614
1623911311365000,0,260.23581971,1.0610
1623911637104000,1,444.96101232,1.0554
1623911637771000,0,20.00000000,1.0578
1623912832268000,0,100.00000000,1.0654
1623913608742000,1,408.64794111,1.0679
1623913608829000,0,207.85205889,1.0677
1623913633588000,1,412.11164208,1.0676
1623913633588000,1,204.38835792,1.0674
1623913672971000,0,385.31455254,1.0684
1623913672971000,0,169.96745985,1.0686
1623913760067000,0,1398.91557411,1.0735
1623913760067000,0,380.71426179,1.0740
1623913760693000,0,629.70652862,1.0740
1623913942791000,1,401.02654488,1.0704
1623913942791000,1,124.44484397,1.0702
1623913949039000,1,392.24382486,1.0704
1623913949039000,1,270.33907938,1.0702
1623913949039000,1,125.62417904,1.0699
1623913957990000,1,391.09133341,1.0704
1623913957990000,1,3.01220823,1.0703
1623913977019000,0,389.83362221,1.0717
1623913991025000,1,394.10354164,1.0706
1623914250263000,1,176.43368400,1.0684
1623914250263000,1,194.98240744,1.0684
1623915305437000,0,140.23409745,1.0696
1623917145802000,0,214.11798289,1.0706
1623917146245000,0,134.00000000,1.0706
1623917714238000,0,100.00000000,1.0755
1623917849903000,0,100.00000000,1.0795
1623917959515000,1,973.26758000,1.0788
1623917959515000,1,1744.59622000,1.0788
1623918214854000,0,398.93726153,1.0767
1623918350308000,0,395.37807710,1.0777
1623918350308000,0,104.62192290,1.0779
1623918450552000,1,926.70795519,1.0775
1623918450601000,1,400.00000000,1.0775
1623918450767000,1,115.53904195,1.0775
1623918450771000,1,314.58826968,1.0775
1623919326869000,0,92.97655131,1.0755
1623919794068000,1,360.22232982,1.0686
1623921539436000,1,402.48124459,1.0669
1623921540073000,1,403.38517592,1.0666
1623922139307000,0,400.16958953,1.0643
1623922139307000,0,383.31732235,1.0648
1623922247276000,0,395.31992948,1.0651
1623922457550000,1,409.41214002,1.0649
1623922457550000,1,93.42995145,1.0648
1623922458450000,1,259.00000000,1.0648
1623922683753000,0,397.34601472,1.0655
1623923238972000,0,398.99998878,1.0642
1623923251564000,1,412.88180881,1.0637
1623923251564000,1,395.25792786,1.0635
1623923252219000,0,394.99998877,1.0636
1623923651374000,0,90.25376692,1.0675
1623923651650000,0,227.85000000,1.0675
1623923651720000,0,182.08501059,1.0678
1623923651764000,0,219.47551710,1.0678
1623923760090000,1,20.57435956,1.0675
1623924259224000,0,20.08407286,1.0705
1623925666261000,1,154.01461903,1.0685
1623927346711000,0,400.00000000,1.0643
1623928872216000,1,147.21963569,1.0646
1623928872235000,1,239.50438463,1.0646
1623929594024000,1,412.25129585,1.0624
1623930309782000,0,100.00000000,1.0641
1623931313551000,0,108.95893874,1.0607
1623932063856000,0,399.47914614,1.0534
1623932064470000,1,385.16978393,1.0513
1623932064470000,1,244.53674469,1.0510
1623933033665000,1,110.01427891,1.0505
1623933033665000,1,384.79884619,1.0504
1623933139275000,1,157.53041576,1.0525
1623933484499000,0,400.00000000,1.0500
1623933486097000,0,400.00000000,1.0500
1623933486372000,0,609.95999999,1.0500
1623933486401000,0,432.94707793,1.0500
1623933486429000,0,800.00000000,1.0500
1623933486554000,0,1000.00000000,1.0500
1623933486639000,0,218.13092324,1.0500
1623933486697000,0,967.49899028,1.0500
1623933486825000,0,393.85996420,1.0500
1623933486866000,0,350.00033441,1.0500
1623933486909000,0,1343.90110466,1.0500
1623933488711000,0,400.00000000,1.0507
1623934226999000,0,409.11134798,1.0497
1623935442217000,0,395.72569720,1.0457
1623938015357000,1,835.23584255,1.0537
1623938015428000,1,112.66308896,1.0537
1623938520473000,1,405.80587164,1.0472
1623938693714000,1,260.23581971,1.0448
1623938746934000,0,400.00000000,1.0446
1623939551065000,0,100.00000000,1.0511
1623939580750000,0,325.32837238,1.0528
1623940119228000,0,306.90479284,1.0595
1623940119931000,0,93.09520716,1.0595
1623942011362000,1,400.00000000,1.0630
1623942489218000,0,125.06583402,1.0633
1623945191123000,1,394.12324260,1.0725
1623945270107000,0,290.46559143,1.0735
1623945418264000,0,100.00000000,1.0797
1623945445919000,0,100.00000000,1.0812
1623945492721000,1,400.00000000,1.0789
1623945504377000,0,50.00000000,1.0831
1623945619292000,0,401.69783015,1.0823
1623945943754000,1,390.93428467,1.0753
1623945943754000,1,4.77808830,1.0752
1623946089112000,1,398.88513367,1.0732
1623946091330000,1,402.68574612,1.0728
1623946091330000,1,18.62426665,1.0724
1623946508815000,1,388.07412935,1.0720
1623946508887000,1,423.12549363,1.0718
1623947276784000,1,388.20488340,1.0636
1623947277557000,0,399.99997765,1.0634
1623947288579000,0,115.74568600,1.0635
1623947597763000,1,415.07227794,1.0610
1623947736616000,1,110.01427891,1.0628
1623947945324000,0,396.61397994,1.0665
1623947950381000,0,659.04730212,1.0665
1623947957555000,0,399.53341138,1.0664
1623949732017000,1,387.75957848,1.0535
1623949732017000,1,239.92622016,1.0531
1623949874251000,1,411.95140004,1.0507
1623949927143000,1,406.69713550,1.0503
1623949928373000,1,161.86785898,1.0499
1623949928874000,1,118.60021236,1.0499
1623950429560000,1,100.00000000,1.0473
1623950429560000,1,411.95370791,1.0473
1623950431564000,1,386.88403145,1.0471
1623950432347000,1,404.78500958,1.0469
1623950496807000,1,400.00000000,1.0433
1623950599393000,1,400.00000000,1.0425
1623950608606000,1,400.00000000,1.0424
1623950676102000,0,396.66249452,1.0423
1623950688867000,1,42.59305115,1.0408
1623950811858000,1,100.00000000,1.0393
1623951115199000,1,100.00000000,1.0381
1623951178052000,0,124.86922803,1.0419
1623951406200000,1,100.00000000,1.0436
1623951406200000,1,24.96753102,1.0435
1623951917520000,0,399.88958677,1.0464
1623951917520000,0,400.98165166,1.0467
1623952750064000,0,385.22992264,1.0442
1623952809306000,1,408.83561840,1.0420
1623952891878000,0,200.00000000,1.0462
1623953025375000,0,388.21658172,1.0476
1623953164877000,0,772.29083640,1.0475
1623953465439000,0,313.55007958,1.0425
1623953807247000,1,392.31109821,1.0466
1623953807744000,1,144.00323560,1.0460
1623953929842000,0,296.13028826,1.0449
1623953929895000,0,104.41383316,1.0449
1623953929895000,0,104.20376655,1.0452
1623954629480000,1,409.33716733,1.0458
1623954683331000,1,406.46608484,1.0448
1623954736211000,1,384.95143631,1.0427
1623954736260000,1,403.25597879,1.0424
1623954736749000,1,302.54328374,1.0421
1623954736755000,1,80.43411654,1.0421
1623955287567000,1,100.00000000,1.0492
1623955488175000,1,111.22526636,1.0512
1623955847667000,0,316.73176379,1.0557
1623956197630000,0,407.13275673,1.0550
1623956197754000,0,400.25034305,1.0553
1623956347304000,0,161.28589367,1.0583
1623956347537000,0,242.29873706,1.0583
1623956347537000,0,12.70126294,1.0585
1623956347683000,0,395.04157319,1.0588
1623957128069000,1,412.13453670,1.0619
1623957128535000,1,398.42990300,1.0617
1623957129013000,1,9.71479357,1.0617
1623957129013000,1,386.90630264,1.0615
1623957812336000,0,100.00000000,1.0691
1623958226357000,0,267.28940408,1.0663
1623958763045000,0,202.10118023,1.0693
1623960341427000,1,406.43667908,1.0619
1623960582738000,0,405.35157586,1.0627
1623960582898000,0,157.80000000,1.0629
1623960583107000,0,235.31862160,1.0629
1623960583284000,0,389.03502594,1.0632
1623960708616000,0,392.59445457,1.0666
1623960708616000,0,8.33309507,1.0667
1623960708632000,0,350.00000000,1.0667
1623960708653000,0,33.74316140,1.0667
1623960765590000,0,400.00000000,1.0692
1623961293610000,1,20.00000000,1.0611
1623961741782000,0,404.42545062,1.0663
1623962680923000,1,988.53301000,1.0622
1623962680923000,1,100.00000000,1.0622
1623962680923000,1,556.42298575,1.0620
1623965464032000,0,1404.35061467,1.0695
1623965464121000,1,1404.35061467,1.0695
1623965465318000,1,1404.35061467,1.0695
1623965467333000,1,1404.35061467,1.0695
1623965469322000,1,677.21351573,1.0695
1623966858835000,0,400.00000000,1.0636
1623967978021000,0,400.00000000,1.0575
1623968519321000,1,389.40488743,1.0515
1623968519321000,1,387.42002324,1.0513
1623968519321000,1,823.17508933,1.0511
1623970808962000,0,105.27327360,1.0554
1623971006956000,0,386.54465981,1.0581
1623971319078000,0,386.75099077,1.0619
1623973416319000,1,20.08407286,1.0577
