timestamp ms,type,amount,price
1624665618031000,1,195.70658313,0.7900
1624665867537000,1,192.49960719,0.7825
1624666064098000,0,207.92910000,0.7926
1624666064122000,0,0.00002610,0.7926
1624666389814000,0,200.40244737,0.7848
1624667360176000,0,137.86313645,0.8022
1624667360249000,0,58.76597269,0.8022
1624667461909000,0,139.00000000,0.8083
1624667473606000,0,195.54282454,0.8085
1624668079869000,0,197.14594028,0.8048
1624668079869000,0,196.34013560,0.8048
1624668409743000,0,204.17950000,0.8086
1624668411423000,0,0.00002198,0.8086
1624668411423000,0,204.81881376,0.8088
1624669758513000,0,500.00000000,0.8004
1624669759352000,0,500.00000000,0.8004
1624670335918000,1,500.00000000,0.7950
1624670335996000,1,1239.66037735,0.7950
1624670390581000,1,205.15297676,0.7929
1624670695861000,1,100.00000000,0.7853
1624670759627000,1,202.97364558,0.7824
1624670759849000,1,196.53722015,0.7824
1624670763293000,0,201.73292034,0.7843
1624670763297000,0,203.46860539,0.7846
1624670786899000,1,197.90774702,0.7851
1624671078230000,1,190.99996108,0.7827
1624671176459000,1,100.00000000,0.7826
1624671269737000,1,100.00000000,0.7795
1624671291601000,1,100.00000000,0.7782
1624671442150000,1,100.00000000,0.7797
1624671442248000,1,194.95751576,0.7796
1624671442586000,1,200.90723093,0.7793
1624671442649000,1,200.06687298,0.7791
1624671443271000,1,200.90720578,0.7791
1624671444261000,1,481.19096152,0.7787
1624671446012000,1,100.00000000,0.7786
1624671549360000,1,100.00000000,0.7773
1624671602944000,1,100.00000000,0.7767
1624671605731000,1,100.00000000,0.7760
1624672016010000,0,121.87924973,0.7795
1624672804036000,0,193.97272106,0.7961
1624673366425000,0,100.00000000,0.8031
1624673371080000,0,207.73361078,0.8030
1624674035130000,1,151.63923700,0.7955
1624674038337000,1,55.09333296,0.7955
1624674038337000,1,164.39342583,0.7953
1624674590891000,1,100.00000000,0.7898
1624674975174000,1,100.00000000,0.7846
1624675160677000,1,100.00000000,0.7823
1624675163243000,1,100.00000000,0.7809
1624675764834000,0,196.27235885,0.8000
1624676440807000,0,202.10114892,0.8052
1624677970852000,0,185.79918465,0.7995
1624677970873000,0,15.70900504,0.7995
1624677970873000,0,183.32695270,0.7996
1624677970906000,0,16.04794095,0.7996
1624678170374000,1,219.99999999,0.8027
1624678887629000,0,211.57553500,0.8115
1624679653002000,1,203.37273346,0.8084
1624681797499000,1,204.91069428,0.8077
1624681797499000,1,154.05101039,0.8077
1624682439083000,0,199.92514595,0.8112
1624682706431000,0,194.97259204,0.8110
1624683558002000,0,192.98535491,0.8155
1624683558240000,0,196.99853333,0.8159
1624683558240000,0,196.53369389,0.8159
1624683849805000,0,196.81964734,0.8224
1624684101454000,1,207.57849267,0.8231
1624684101454000,1,38.60203161,0.8231
1624684710229000,1,197.68721949,0.8177
1624687165355000,0,195.22776203,0.8153
1624687428524000,1,198.47777789,0.8186
1624687494499000,1,244.17341195,0.8191
1624687494499000,1,58.54011794,0.8191
1624687507049000,0,202.14949318,0.8199
1624687507049000,0,100.00000000,0.8201
1624687507145000,1,500.00000000,0.8202
1624687507149000,1,662.41047682,0.8202
1624688180040000,1,100.00000000,0.8172
1624688180061000,1,100.00000000,0.8172
1624689267113000,0,37.75845835,0.8178
1624689420770000,1,205.22212563,0.8145
1624689716295000,1,193.02937689,0.8086
1624691155371000,1,194.51994105,0.7998
1624691155371000,1,198.42484800,0.7996
1624691155371000,1,100.00000000,0.7994
1624691155371000,1,188.52941803,0.7994
1624691155371000,1,624.35531292,0.7994
1624691233050000,1,207.49880209,0.8002
1624691369674000,1,201.12661619,0.7970
1624691714697000,0,197.83689935,0.7958
1624691935646000,0,193.87510000,0.7917
1624691935765000,0,0.00005968,0.7917
1624692026726000,1,207.33791165,0.7917
1624692875758000,1,363.01340061,0.7882
1624692899495000,1,207.02894271,0.7876
1624692945534000,0,38.04975000,0.7851
1624693967215000,0,192.53331198,0.7769
1624694155127000,0,193.70377116,0.7758
1624694320795000,1,100.00000000,0.7740
1624694320795000,1,5703.08713250,0.7739
1624694566657000,1,198.28801153,0.7768
1624694566965000,1,199.55592058,0.7766
1624695125956000,1,500.00000000,0.7669
1624695130787000,1,198.31077100,0.7666
1624695130787000,1,200.20392200,0.7666
1624695173566000,1,47.96672012,0.7649
1624695195544000,1,198.26955800,0.7663
1624695313055000,0,273.00000000,0.7665
1624695369864000,1,203.41438302,0.7676
1624695413612000,1,205.47679469,0.7656
1624695599322000,0,199.26582401,0.7645
1624696648422000,1,100.00000000,0.7700
1624696694266000,1,203.82704727,0.7678
1624696694266000,1,100.00000000,0.7678
1624696779568000,1,100.00000000,0.7662
1624696779568000,1,143.03758795,0.7662
1624697391201000,0,194.00419707,0.7691
1624697443868000,1,3287.77000000,0.7664
1624697444017000,1,7184.19799453,0.7664
1624697949068000,1,192.96146723,0.7674
1624697949068000,1,202.08602550,0.7672
1624697949068000,1,196.07216388,0.7672
1624698018289000,0,186.62457836,0.7683
1624698921405000,1,205.90312791,0.7620
1624699049454000,0,202.64599447,0.7620
1624699049933000,0,201.65651139,0.7622
1624699051194000,0,158.12253491,0.7634
1624699078888000,0,207.48826474,0.7617
1624699156241000,0,205.70041770,0.7625
1624699161732000,1,193.55763903,0.7617
1624699191753000,0,195.10371088,0.7633
1624699402077000,0,206.66921290,0.7670
1624700265803000,0,192.86272230,0.7755
1624700266376000,0,210.08173508,0.7759
1624700593392000,0,500.00000000,0.7811
1624700611506000,1,100.00000000,0.7804
1624700611506000,1,190.57076711,0.7800
1624700611506000,1,1921.45007168,0.7800
1624700611506000,1,772.25745664,0.7798
1624700711823000,1,139.00000000,0.7760
1624700784466000,1,74.30000000,0.7779
1624700825506000,0,208.52381966,0.7804
1624700833232000,0,143.90927271,0.7821
1624700884950000,0,199.63042505,0.7855
1624700884950000,0,208.84991660,0.7859
1624700884950000,0,1338.94618518,0.7859
1624700884950000,0,741.23997793,0.7860
1624701215383000,0,75.00000232,0.7872
1624701561880000,0,193.63991534,0.7840
1624701562125000,0,212.71303074,0.7843
1624701965694000,1,191.50365777,0.7873
1624702144261000,0,200.88665894,0.7854
1624703738648000,1,192.16852822,0.7831
1624703739655000,1,196.64048312,0.7825
1624703781384000,0,158.15692752,0.7809
1624703981237000,0,195.59496968,0.7819
1624703981636000,0,198.04164651,0.7821
1624704123108000,1,195.77082432,0.7788
1624704123413000,1,304.22917568,0.7788
1624704346509000,1,199.37662609,0.7749
1624704867094000,0,201.70081795,0.7808
1624705278659000,0,193.60895809,0.7869
1624705543770000,1,28.29422835,0.7911
1624706648526000,1,192.26648294,0.7922
1624706650073000,1,190.00703975,0.7918
1624707667665000,0,116.26860620,0.7947
1624707667711000,0,87.42698086,0.7947
1624707668279000,0,201.04085412,0.7951
1624708076494000,0,205.26321861,0.7939
1624708076494000,0,195.79856311,0.7941
1624708077006000,0,152.91528110,0.7943
1624708077027000,0,1130.00000000,0.7943
1624708776544000,0,5636.67285872,0.7967
1624710586951000,0,500.00000000,0.7955
1624710587921000,0,438.28101460,0.7955
1624713374319000,0,208.83114612,0.7917
1624713495327000,0,196.88177587,0.7926
1624713495327000,0,198.29428607,0.7927
1624713495327000,0,194.19755159,0.7929
1624713605983000,1,197.47715473,0.7934
1624713845557000,1,202.93204511,0.7893
1624713937787000,1,194.46452098,0.7866
1624713938296000,1,125.88825633,0.7862
1624713938878000,1,82.40153496,0.7862
1624714065700000,0,186.36206261,0.7880
1624714156851000,1,197.31422318,0.7889
1624714191664000,1,199.71279601,0.7877
1624716062749000,0,198.58472869,0.7677
1624716706189000,0,309.04359141,0.7685
1624718087143000,1,196.42297411,0.7778
1624718088141000,0,195.32535154,0.7779
1624718981119000,0,197.35772335,0.7807
1624718981119000,0,206.78237944,0.7811
1624719183069000,1,202.35839592,0.7885
1624719614737000,0,198.17480003,0.7887
1624721443429000,0,162.46901368,0.7829
1624722974318000,0,126.60000000,0.7911
1624723309546000,1,195.70058295,0.7852
1624723309546000,1,201.34073002,0.7852
1624723309546000,1,193.41836976,0.7852
1624723309546000,1,196.85377333,0.7850
1624723309546000,1,193.49937645,0.7849
1624723313917000,1,500.00000000,0.7845
1624723315095000,1,480.81279867,0.7845
1624723488903000,1,750.00000000,0.7820
1624724138622000,1,193.46169210,0.7718
1624724236007000,0,195.65290667,0.7672
1624724258466000,1,140.38132703,0.7671
1624724404654000,1,200.69989117,0.7701
1624724451972000,1,160.12149043,0.7713
1624724650769000,0,199.61295016,0.7728
1624725935247000,0,192.78871927,0.7789
1624726250209000,0,192.29076129,0.7844
1624728819061000,0,195.84572795,0.7800
1624728909229000,1,204.77662815,0.7799
1624728909229000,1,202.12054022,0.7797
1624729551169000,0,500.00000000,0.7811
1624730022583000,0,198.14593601,0.7921
1624730056166000,0,193.63365596,0.7936
1624730122552000,0,123.31565988,0.7950
1624730123552000,0,100.00000000,0.7955
1624730761951000,0,197.24719469,0.7947
1624730973890000,1,178.04740092,0.7942
1624730974040000,1,25.37714349,0.7942
1624731247889000,0,100.00000000,0.8010
1624731272802000,0,38.03030000,0.8028
1624731565659000,0,152.80000000,0.7982
1624731567819000,0,195.86069225,0.7989
1624731583742000,1,112.74158981,0.7977
1624732913074000,1,203.17007985,0.7912
1624736162470000,1,197.57174800,0.7825
1624736162470000,1,207.50514851,0.7823
1624736162470000,1,594.92310349,0.7823
1624737464846000,1,192.86492287,0.7848
1624738538229000,0,91.20361406,0.7748
1624738843205000,0,207.93765121,0.7754
1624741614072000,1,182.98092553,0.7710
1624741614072000,1,100.00000000,0.7710
1624742175558000,1,198.48238937,0.7718
1624744027144000,0,500.00000000,0.7792
1624744028457000,0,421.41306637,0.7792
1624744037133000,1,500.00000000,0.7798
1624744040176000,1,500.00000000,0.7792
1624748462691000,0,25.02753028,0.7991
1624748468832000,1,197.08666897,0.7981
1624748561919000,0,25.16451300,0.7948
1624748599308000,0,199.19280749,0.7951
1624748599487000,0,201.66768276,0.7953
1624748599606000,0,196.95268142,0.7957
1624750532762000,1,206.26889021,0.7939
1624750540835000,0,200.10873297,0.7940
1624750559395000,0,555.89528214,0.7954
1624750559881000,0,100.00000000,0.7965
1624751538789000,0,203.97892694,0.8021
1624751539297000,0,192.65160006,0.8023
1624751672829000,1,201.05713837,0.8023
1624751673016000,1,3.05391463,0.8023
1624751673016000,1,100.00000000,0.8018
1624751950922000,0,225.00000004,0.8079
