timestamp ms,type,amount,price
1622852120581000,0,0.04241869,37259.3200
1622852122674000,0,0.04434976,37259.3200
1622852122733000,0,0.00472692,37259.3200
1622852122794000,0,0.04809363,37259.3200
1622852122899000,0,0.01188426,37259.3200
1622869858503000,1,0.01321023,37680.0000
1622869858751000,1,0.01322638,37680.0000
1622869858777000,1,0.02327060,37680.0000
1622869858982000,1,0.01489902,37680.0000
1622869858990000,1,0.02502828,37680.0000
1622869859194000,1,0.01346221,37680.0000
1622869863617000,1,0.01312241,37680.0000
1622869863656000,1,0.00981254,37680.0000
1622869865065000,1,0.01312241,37680.0000
1622876766518000,0,0.04258354,37828.3600
1622879057777000,1,0.00497991,37717.3700
1622879057782000,1,0.00502009,37717.3700
1622879628846000,1,0.01000000,37653.9400
1622879628846000,1,0.01000000,37653.8200
1622880121508000,1,0.04058994,37515.8400
1622880121533000,1,0.12203170,37515.8400
1622880121545000,1,0.06501711,37515.8400
1622880121548000,1,0.04238000,37515.8400
1622880121569000,1,0.07964912,37515.8400
1622880121592000,1,0.17002705,37515.8400
1622880121600000,1,0.11736525,37515.8400
1622880121613000,1,0.20055158,37515.8400
1622880121618000,1,0.07942599,37515.8400
1622880121671000,1,0.07112698,37515.8400
1622886348107000,1,0.04211843,37167.4600
1622886610973000,1,0.01000000,37124.4800
1622886613283000,1,0.08249872,36909.6600
1622886613283000,1,0.00306396,36909.6500
1622886614536000,1,0.08045047,36909.6600
1622886614536000,1,0.64987596,36909.6500
1622886614651000,0,0.00405025,36909.1400
1622886615137000,1,0.00350000,36725.6500
1622886617124000,1,0.08277318,36685.1500
1622886618883000,1,0.01192116,36736.6900
1622886619410000,1,0.02623326,36681.6700
1622886619410000,1,0.08094081,36662.8800
1622886619493000,0,0.02448775,36612.4200
1622886621717000,1,0.20330399,36681.6700
1622886622537000,0,0.08184176,36637.7700
1622887463529000,1,0.00060000,36251.4500
1622890132003000,1,0.02536095,36365.8900
1622890132091000,1,0.08200000,36365.8900
1622890132097000,1,0.02474083,36365.8900
1622890132164000,1,0.06829604,36365.8900
1622890132178000,1,0.04629539,36365.8900
1622890132180000,1,0.05660975,36365.8900
1622890132196000,1,0.00970459,36365.8900
1622890132941000,1,0.03301830,36365.8900
1622891789040000,1,0.00080000,36299.7600
1622892414302000,1,0.00381588,36282.8200
1622893253395000,1,0.10767936,36215.8200
1622893332622000,1,0.05405437,36125.3900
1622893609067000,1,0.01945272,35949.2600
1622894404931000,1,0.00690434,35871.0500
1622894648346000,1,0.00070000,35625.7700
1622894677389000,1,0.05403000,35532.2000
1622894677389000,1,0.00415047,35532.1900
1622900587663000,1,0.00223538,35778.4000
1622905753548000,0,0.04689990,35618.6500
1622915171827000,0,0.10736739,35987.7000
1622916557386000,0,0.01000000,36109.4000
1622921806300000,1,0.01000000,36068.9700
1622926372070000,0,0.01000000,35838.6700
1622926885982000,1,0.01000000,35771.2900
1622927271044000,1,0.01000000,35715.5100
1622927271044000,1,0.05158898,35715.5000
1622929289221000,0,0.01000000,35197.4400
1622929289221000,0,0.02110623,35197.4500
1622929494371000,1,0.02317380,34858.4700
1622931482413000,0,0.01000000,35217.0300
1622932917045000,1,0.01000000,35205.5900
