timestamp ms,type,amount,price
1625703674742000,1,0.01000000,33597.2100
1625703766837000,1,0.01000000,33509.7400
1625715116246000,0,0.01000000,33304.4800
1625719604258000,0,0.00595400,33308.3800
1625723985857000,1,0.01000000,33056.1900
1625723988883000,1,0.05791000,33018.5400
1625723992208000,1,0.00363500,32989.4100
1625723992277000,1,0.00360000,32989.4100
1625723992613000,1,0.00363500,32989.4100
1625723993154000,1,0.01200000,32989.4100
1625723993189000,1,0.15978533,32989.4100
1625724007100000,0,0.00504000,32901.4300
1625726531331000,1,0.01000000,33145.0300
1625728541812000,0,0.01000000,33240.5100
1625729345198000,1,0.01000000,33089.2300
1625729407067000,1,0.01000000,33004.1900
1625730040027000,1,0.00621900,32750.0600
1625730042474000,1,0.01000000,32744.8800
1625730046382000,1,0.01000000,32731.0700
1625730048342000,1,0.03320483,32638.9400
1625730049755000,1,0.18137130,32638.9400
1625730611193000,1,0.01000000,32485.7800
1625737405510000,1,0.01000000,32623.0800
1625738906980000,1,0.01000000,32575.9800
1625738906980000,1,0.06126654,32575.9700
1625738907012000,1,0.07485445,32575.9700
1625738907066000,1,0.12397250,32575.9700
1625738907082000,1,0.01219618,32575.9700
1625738907107000,1,0.06106878,32575.9700
1625738907107000,1,0.08080466,32575.9700
1625738907199000,1,0.09383689,32575.9700
1625742243559000,1,0.01000000,32270.3700
1625742256155000,1,0.99168905,32172.7300
1625742256155000,1,0.06156133,32163.0400
1625745881985000,0,0.01000000,32620.3500
1625745881985000,0,0.01207858,32620.3600
1625747502703000,0,0.24827218,32821.9700
1625748515337000,1,0.09009396,32739.1700
1625748515386000,1,0.17639590,32739.1700
1625748515409000,1,0.04583061,32739.1700
1625748515487000,1,0.10667953,32739.1700
1625752829988000,0,0.24720354,32648.6200
1625755401959000,0,0.05104309,32665.4500
1625757226883000,0,0.06151016,32801.0800
1625761049000000,1,0.01596084,32790.0000
1625761049506000,1,0.03684775,32790.0000
1625761049534000,1,0.04645583,32790.0000
1625761049585000,1,0.01351044,32790.0000
1625761049734000,1,0.04617628,32790.0000
1625761052529000,1,0.03893164,32790.0000
1625761057560000,1,0.09046998,32790.0000
1625761072796000,1,0.01908353,32790.0000
1625761072842000,1,0.08628709,32790.0000
1625761072842000,1,0.04598167,32790.0000
1625761073097000,1,0.04222395,32790.0000
1625761073215000,1,0.02464996,32790.0000
1625761074134000,1,0.03286400,32790.0000
1625761074716000,1,0.07500000,32790.0000
1625761074874000,1,0.07724164,32790.0000
1625761074943000,1,0.02118400,32790.0000
1625761074947000,1,0.06167799,32790.0000
1625761075037000,1,0.15293600,32790.0000
1625761075110000,1,0.06138738,32790.0000
1625761075326000,1,0.03892521,32790.0000
1625761075776000,1,0.02768979,32790.0000
1625761075848000,1,0.00700362,32790.0000
1625761075867000,1,0.00486285,32790.0000
1625761076227000,1,0.03908100,32790.0000
1625761076272000,1,0.00471701,32790.0000
1625761076493000,1,0.03167638,32790.0000
1625761076550000,1,0.05700000,32790.0000
1625761076921000,1,0.01831703,32790.0000
1625761076977000,1,0.01831703,32790.0000
1625761077018000,1,0.02442270,32790.0000
1625761077270000,1,0.04544652,32790.0000
1625761077292000,1,0.04273973,32790.0000
1625761077336000,1,0.04540749,32790.0000
1625761078226000,1,0.06157267,32790.0000
1625761078794000,1,0.06271806,32790.0000
1625761078799000,1,0.04542576,32790.0000
1625761078805000,1,0.04641148,32790.0000
1625761078807000,1,0.09211364,32790.0000
1625761078837000,1,0.03456610,32790.0000
1625761078886000,1,0.04591876,32790.0000
1625761078898000,1,0.04536794,32790.0000
1625761078900000,1,0.10778514,32790.0000
1625761078900000,1,0.04616392,32790.0000
1625761078916000,1,0.10627127,32790.0000
1625761078920000,1,0.01954064,32790.0000
1625761078921000,1,0.04634867,32790.0000
1625761078922000,1,0.04061228,32790.0000
1625761078931000,1,0.10878059,32790.0000
1625761078931000,1,0.04549323,32790.0000
1625761078931000,1,0.01218161,32790.0000
1625761078931000,1,0.03236021,32790.0000
1625761078931000,1,0.15081081,32790.0000
1625761078932000,1,0.00508230,32790.0000
1625761078965000,1,0.00803069,32790.0000
1625761079002000,1,0.00457559,32790.0000
1625761079031000,1,0.00754841,32790.0000
1625761079226000,1,0.03053899,32790.0000
1625761079244000,1,0.02504244,32790.0000
1625761079357000,1,0.00968113,32790.0000
1625761079389000,1,0.04101480,32790.0000
1625761079512000,1,0.04486634,32790.0000
1625761079552000,1,0.03868308,32790.0000
1625761079573000,1,0.03075908,32790.0000
1625761079603000,1,0.00506079,32790.0000
1625761079631000,1,0.02511946,32790.0000
1625761079643000,1,0.06157802,32790.0000
1625761079711000,1,0.13737773,32790.0000
1625761079938000,1,0.06167532,32790.0000
1625761080038000,1,0.07543020,32790.0000
1625761080557000,1,0.03057010,32790.0000
1625761081014000,1,0.05885345,32790.0000
1625761081533000,1,0.01343263,32790.0000
1625761082293000,1,0.03455996,32790.0000
1625761082308000,1,0.01580817,32790.0000
1625761082353000,1,0.00295974,32790.0000
1625761082370000,1,0.01512643,32790.0000
1625761082413000,1,0.06340601,32790.0000
1625761082727000,1,0.03368113,32790.0000
1625761082898000,1,0.03029051,32790.0000
1625761083141000,1,0.06121600,32790.0000
1625761083166000,1,0.02930000,32790.0000
1625761083708000,1,0.03663059,32790.0000
1625761084895000,1,0.06027922,32790.0000
1625761086659000,1,0.02316171,32790.0000
1625761089458000,1,0.04617325,32790.0000
1625761089630000,1,0.13737773,32790.0000
1625761116440000,1,0.07600000,32790.0000
1625761138102000,1,0.00457571,32790.0000
1625761147053000,1,0.02176468,32790.0000
1625766872517000,1,0.01000000,32907.6000
1625767209526000,0,0.00900000,32908.2000
1625767209674000,0,0.06400000,32908.2000
1625767209748000,0,0.04257648,32908.2000
1625773016787000,0,0.00281312,32946.3500
1625774128942000,1,0.09472409,33121.7500
1625782613645000,1,0.01000000,32594.3600
1625791282675000,1,0.20405906,32600.0000
1625791282722000,1,0.04721038,32600.0000
1625791283240000,1,0.04523819,32600.0000
1625791283716000,1,0.03076962,32600.0000
1625791284451000,1,0.00241653,32600.0000
1625795275132000,1,0.00070000,32462.6300
1625802366133000,1,0.01000000,32922.1600
1625802366133000,1,0.00550512,32920.9500
1625802366138000,1,0.00449488,32920.9500
1625802568167000,1,0.01000000,32806.4400
1625803014118000,0,0.01000000,32967.4800
1625803022497000,0,0.03255981,33006.2300
1625807877759000,0,0.00677914,33214.4500
1625809935158000,1,0.01000000,33017.9200
1625809935158000,1,0.01000000,33017.8100
1625809935158000,1,0.01000000,33017.6700
1625812638915000,1,0.01000000,32840.9600
1625815615359000,0,0.00850800,32919.4600
1625815615359000,0,0.01000000,32919.4700
1625815615423000,1,0.01000000,32919.5200
1625818529656000,1,0.01574540,32688.0100
1625818529662000,1,0.03311559,32688.0100
1625818529666000,1,0.03699728,32688.0100
1625818529671000,1,0.17728370,32688.0100
1625818529676000,1,0.00645531,32688.0100
1625818529679000,1,0.19861428,32688.0100
1625818529686000,1,0.00919122,32688.0100
1625818529692000,1,0.03827419,32688.0100
1625818529695000,1,0.05632303,32688.0100
1625820495747000,0,0.01000000,32877.8700
1625824080378000,0,0.00553651,32999.1100
1625825493589000,0,0.01000000,32860.3800
1625825493589000,0,0.06130785,32860.3900
1625825496301000,0,0.00820000,32907.4400
1625825496507000,0,0.00820000,32907.4400
1625825496822000,0,0.02733575,32907.4400
1625825496993000,0,0.03998000,32907.4400
1625825497160000,0,0.04999498,32907.4400
1625825497388000,0,0.05193587,32907.4400
1625825497392000,0,0.03468373,32907.4400
1625837606844000,1,0.06216193,33500.0000
1625837607348000,1,0.00375739,33500.0000
1625837607721000,1,0.00096400,33500.0000
1625837608971000,1,0.00370000,33500.0000
1625837610458000,1,0.00375700,33500.0000
1625837610970000,1,0.07391856,33500.0000
1625837611478000,1,0.00375700,33500.0000
1625837611988000,1,0.02845464,33500.0000
1625837612750000,1,0.00282305,33439.9400
1625837642698000,1,0.54141134,33500.0000
1625837642698000,1,0.24062716,33500.0000
1625840433046000,0,0.05024199,33592.7100
1625840433357000,0,0.04000000,33592.7100
1625840433443000,0,0.01636962,33592.7100
1625840433574000,0,0.00305266,33592.7100
1625840433750000,0,0.02677812,33592.7100
1625840434789000,0,0.13109023,33592.7100
1625861434310000,1,0.13355465,33408.0000
1625861516540000,1,0.04238086,33408.0000
1625861518147000,1,0.09018917,33408.0000
1625861518189000,1,0.02202497,33408.0000
1625861518245000,1,0.02971280,33408.0000
1625861519535000,1,0.08868585,33408.0000
1625861519560000,1,0.03488114,33408.0000
1625864554107000,1,0.11646205,33508.0000
1625864585665000,1,0.13439857,33508.0000
1625864648484000,1,0.00243627,33508.0100
1625864803523000,1,0.00717947,33508.0100
1625864859109000,1,0.02391969,33508.0100
1625864863209000,1,0.00476063,33508.0100
1625864863238000,1,0.04479915,33508.0100
1625864868991000,1,0.13141349,33508.0100
1625864872627000,1,0.00708008,33508.0100
1625864873536000,1,0.00607490,33508.0100
1625864873650000,1,0.00524124,33508.0100
1625864883459000,1,0.05973341,33508.0100
1625864883719000,1,0.00280722,33508.0100
1625864883719000,1,0.02108614,33508.0000
1625864885348000,1,0.04778673,33508.0000
1625864887739000,1,0.04480006,33508.0000
1625864888661000,1,0.08661344,33508.0000
1625864896411000,1,0.00645463,33508.0000
1625864898839000,1,0.02951690,33508.0000
1625864901906000,1,0.01435698,33508.0000
1625864902011000,1,0.00655085,33508.0000
1625864902032000,1,0.01116654,33508.0000
1625864902051000,1,0.12141742,33508.0000
1625864902056000,1,0.05382055,33508.0000
1625864902094000,1,0.04597059,33508.0000
1625864902101000,1,0.04437051,33508.0000
1625864902120000,1,0.04426642,33508.0000
1625864902154000,1,0.05288400,33508.0000
1625864902182000,1,0.07300470,33508.0000
1625864902183000,1,0.12106902,33508.0000
1625864902187000,1,0.05940970,33508.0000
1625864902188000,1,0.01162064,33508.0000
1625864902217000,1,0.00987409,33508.0000
1625864902221000,1,0.01943688,33508.0000
1625864902221000,1,0.00544500,33508.0000
1625866584365000,0,0.00369704,33737.7800
1625866584379000,0,0.00474903,33737.7800
1625866584423000,0,0.00155393,33737.7800
1625866592502000,0,0.36605359,33823.7200
1625866594995000,1,0.01000000,33820.2400
