timestamp ms,type,amount,price
1622678428544000,0,0.00257000,37526.8000
1622678430838000,0,0.00150000,37526.7900
1622678430838000,0,0.00105000,37526.8000
1622678431456000,0,0.00346072,37520.6600
1622678436463000,0,0.00300019,37526.8000
1622678449606000,0,0.00094306,37518.8000
1622678451943000,1,0.00056495,37510.0000
1622678451943000,1,0.00214009,37507.3200
1622678452044000,1,0.00000001,37507.3200
1622678454244000,0,0.20000248,37510.6200
1622678454244000,0,0.33338573,37510.7100
1622678454244000,0,0.43813130,37516.3000
1622678454680000,0,0.27431269,37516.2500
1622678454682000,0,0.27216962,37516.2500
1622678454685000,0,0.11951769,37516.2500
1622678457447000,0,0.00130000,37510.2300
1622678476727000,0,0.01172491,37489.4000
1622678478378000,0,0.13289584,37488.0800
1622678482786000,1,0.00779059,37462.3300
1622678491143000,0,0.00946459,37462.6600
1622678491979000,0,0.01294280,37462.6600
1622678492918000,0,0.01083467,37462.6600
1622678493807000,0,0.01081467,37462.6600
1622678494850000,0,0.01081367,37462.6600
1622678496235000,0,0.01081367,37462.6600
1622678496981000,0,0.01081367,37462.6600
1622678497774000,0,0.01081367,37462.6600
1622678498576000,0,0.01081367,37462.6600
1622678499539000,0,0.01081367,37462.6600
1622678500474000,0,0.01912019,37462.6600
1622678502048000,0,0.00095706,37462.6600
1622678508888000,0,0.00900354,37472.7600
1622678509729000,0,0.01080365,37483.5000
1622678510344000,0,0.01080365,37492.2700
1622678512647000,0,0.05551357,37492.8000
1622678512647000,0,0.24609804,37495.8600
1622678512647000,0,0.27898601,37495.8700
1622678515080000,0,0.00258000,37486.9800
1622678515963000,1,0.01031000,37476.5100
1622678516023000,1,0.00553287,37476.5100
1622678516137000,1,0.04456194,37476.5100
1622678516143000,1,0.00369832,37476.5100
1622678516147000,1,0.01208816,37476.5100
1622678516153000,1,0.05410683,37476.5100
1622678516169000,1,0.00934363,37476.5100
1622678516170000,1,0.05246810,37476.5100
1622678516292000,0,0.00159895,37486.9800
1622678516542000,0,0.00367122,37486.9800
1622678517804000,0,0.00360222,37486.9800
1622678520673000,0,0.05949162,37499.6400
1622678520675000,0,0.00000001,37499.6400
1622678520978000,0,0.03000000,37506.0700
1622678521699000,0,0.23300000,37517.3300
1622678522681000,0,0.00100000,37516.6300
1622678526039000,0,0.20000000,37500.5600
1622678526054000,0,1.00007213,37500.5600
1622678526085000,0,1.00007213,37500.5600
1622678526087000,0,1.00007213,37500.5600
1622678526094000,0,1.00013827,37500.5600
1622678526236000,0,0.90850551,37500.5600
1622678526760000,0,0.07964042,37507.3300
1622678528701000,0,0.00510885,37526.3500
1622678528701000,0,0.00000001,37526.3500
1622678529042000,0,0.01667116,37533.5200
1622678529044000,0,0.00000001,37533.5200
1622678529199000,0,0.05220312,37534.0500
1622678529686000,0,0.06476754,37539.4900
1622678529686000,0,0.03000000,37539.4900
1622678529686000,0,0.14423246,37541.5700
1622678530439000,0,0.00100000,37539.6900
1622678531258000,0,0.24900000,37543.4400
1622678531869000,0,0.00100000,37535.6900
1622678531966000,0,0.06107558,37535.6900
1622678535096000,0,0.02823387,37538.9100
1622678535393000,0,0.00000001,37538.9100
1622678535393000,0,0.00150000,37553.5600
1622678535393000,0,0.04180999,37557.3700
1622678543114000,0,0.03445000,37556.9600
1622678547874000,0,0.26628122,37577.9400
1622678548387000,0,0.08173180,37589.0300
1622678548387000,0,0.15126820,37613.6000
1622678555923000,0,0.01129000,37624.4600
1622678556226000,0,0.05018313,37610.7700
1622678556646000,0,0.04000000,37614.5600
1622678556757000,0,0.00808369,37614.5600
1622678557426000,0,0.09354034,37642.2600
1622678557426000,0,0.00096185,37649.4900
1622678557426000,0,0.01145000,37653.1800
1622678557426000,0,0.13304781,37654.4200
1622678557956000,0,0.00100000,37632.9300
1622678559834000,0,0.03859767,37625.9600
1622678559874000,0,0.00000001,37625.9600
1622678560342000,1,0.03493662,37617.2600
1622678561294000,0,0.04000000,37634.6900
1622678561476000,1,0.00150000,37629.6200
1622678561476000,1,0.03784152,37629.6100
1622678561477000,1,0.06130362,37629.6100
1622678562879000,1,0.00850292,37641.1600
1622678566388000,0,0.01811340,37634.8400
1622678566389000,0,0.00000001,37634.8400
1622678566562000,0,0.02413000,37650.1900
1622678574645000,0,0.08128000,37653.0200
1622678594155000,0,0.03762682,37614.6700
1622678600558000,0,0.19935803,37635.2900
1622678600561000,0,0.39880895,37639.2900
1622678600712000,1,0.13172492,37636.1700
1622678600832000,0,0.06763311,37635.2900
1622678600832000,0,0.08073408,37638.7700
1622678600870000,0,0.18506830,37638.7700
1622678600974000,0,0.15900000,37648.1300
1622678601261000,0,0.07400000,37668.4000
1622678602521000,0,0.00100000,37666.5200
1622678604735000,1,0.02000000,37644.2000
1622678618151000,0,0.00254000,37689.3500
1622678621939000,0,0.03664399,37689.3500
1622678621939000,0,0.06473691,37693.0700
1622678621939000,0,0.00056495,37700.0000
1622678621939000,0,0.19903181,37705.0200
1622678621939000,0,0.20000000,37708.4000
1622678621939000,0,0.00150000,37708.4100
1622678621939000,0,0.92525000,37708.4100
1622678621939000,0,0.26537260,37708.9600
1622678621939000,0,0.49058115,37709.0000
1622678621939000,0,0.09818900,37709.0700
1622678621939000,0,0.16999834,37710.8500
1622678621939000,0,0.67703543,37710.8600
1622678621939000,0,0.63735395,37710.8700
1622678621939000,0,0.48796341,37710.8800
1622678621939000,0,0.67891871,37710.8800
1622678621939000,0,0.39812881,37712.1400
1622678621939000,0,0.39806361,37718.8100
1622678621939000,0,0.03237261,37722.2900
1622678621939000,0,4.16700000,37722.3000
1622678621939000,0,0.03000000,37723.3300
1622678621939000,0,0.08093153,37723.9600
1622678621939000,0,0.02451809,37723.9700
1622678621939000,0,0.08042424,37727.4300
1622678621939000,0,0.21041770,37732.8600
1622678621939000,0,0.00054274,37732.8700
1622678621939000,0,0.53075148,37733.7800
1622678621939000,0,0.03100000,37733.9500
1622678621939000,0,0.53075148,37733.9600
1622678621939000,0,5.95673756,37734.8000
1622678624383000,0,0.00513000,37691.1600
1622678624460000,0,0.03000000,37684.7500
1622678625602000,1,0.02876074,37685.1100
1622678628096000,0,0.19902433,37707.3200
1622678640351000,0,0.00126579,37740.0300
1622678640351000,0,0.00401421,37741.6600
1622678671865000,0,0.04716414,37726.2900
1622678673891000,0,0.21802500,37726.2900
1622678673891000,0,0.19888721,37726.3000
1622678673891000,0,0.26519110,37727.2500
1622678673892000,0,0.00000001,37727.2500
1622678673892000,0,0.39787016,37728.7900
1622678681944000,1,0.03670300,37743.2900
1622678683466000,0,0.00056496,37770.0000
1622678683466000,0,0.01943504,37776.6500
1622678685370000,0,0.00054274,37778.1500
1622678685370000,0,0.00106589,37787.6000
1622678685370000,0,0.09014700,37804.2300
1622678685370000,0,0.11924437,37813.0700
1622678685476000,0,0.03500000,37782.8800
1622678685496000,0,0.00979925,37813.0700
1622678685778000,0,0.02200000,37813.4100
1622678686083000,0,0.00756826,37795.5100
1622678687147000,0,0.00100000,37823.2800
1622678688383000,0,0.01183000,37822.7800
1622678689767000,1,0.15331605,37791.8000
1622678689767000,1,0.20000000,37791.4500
1622678689767000,1,0.22632710,37791.4400
1622678691043000,1,0.15930282,37796.4200
1622678691043000,1,0.00150000,37792.8500
1622678691043000,1,0.00150000,37792.3400
1622678691043000,1,0.18035228,37792.3300
1622678691248000,0,0.03133713,37823.2800
1622678691248000,0,0.03228906,37823.2800
1622678691248000,0,0.00054273,37823.4900
1622678691299000,0,0.00000001,37823.4900
1622678697851000,0,0.00056497,37840.0000
1622678699285000,0,0.03225050,37859.4900
1622678699293000,0,0.00000001,37859.4900
1622678699376000,0,0.08062629,37863.8900
1622678700037000,0,0.00253000,37884.2000
1622678700335000,0,0.76000000,37882.8100
1622678700335000,0,0.03223467,37884.1900
1622678700335000,0,0.07789859,37884.7000
1622678700335000,0,0.12022142,37884.7000
1622678700335000,0,0.40673728,37884.7000
1622678700335000,0,0.09326272,37884.7000
1622678700347000,0,0.20000000,37888.7700
1622678700347000,0,0.26415141,37888.7800
1622678700347000,0,0.07851950,37889.1500
1622678700350000,0,0.07514362,37889.1500
1622678700350000,0,0.17510341,37889.5000
1622678700353000,0,0.58489659,37889.5000
1622678700353000,0,0.39633018,37890.4800
1622678700353000,0,0.01976135,37891.4200
1622678702387000,1,0.04712791,37850.3000
1622678714816000,0,0.00132000,37866.1600
1622678714816000,0,0.01181000,37884.6600
1622678715732000,1,0.03140769,37852.8200
1622678715907000,1,0.03369272,37853.9200
1622678716121000,1,0.03007807,37854.0000
1622678716656000,1,0.03621397,37854.0000
1622678716807000,1,0.02895242,37852.8200
1622678718457000,1,0.00565784,37839.4900
1622678718457000,1,0.03467500,37835.4700
1622678718457000,1,0.53931032,37830.7000
1622678720393000,1,0.08251123,37843.4600
1622678721095000,0,0.03000000,37847.9000
1622678721095000,0,0.00012769,37849.6800
1622678721101000,0,0.08379590,37849.6800
1622678722263000,0,0.03622749,37837.7100
1622678723159000,0,0.07223376,37837.2100
1622678723482000,1,0.07133637,37836.1200
1622678723495000,1,0.00000001,37836.1200
1622678723693000,0,0.06552993,37836.7000
1622678723694000,0,0.03415618,37836.7000
1622678723910000,0,0.03200093,37836.4200
1622678723988000,1,0.06722192,37835.5400
1622678724085000,0,0.02806292,37835.5300
1622678724198000,0,0.00150000,37835.5200
1622678724198000,0,0.08061924,37835.9100
1622678724514000,1,0.08279511,37835.9700
1622678724672000,0,0.06117505,37827.0300
1622678725943000,1,0.00700000,37832.4200
1622678726031000,1,0.00024555,37832.4200
1622678727175000,1,0.00995500,37799.3100
1622678729142000,0,0.00699032,37819.4300
1622678729550000,0,0.01353077,37819.4300
1622678732961000,1,0.03531277,37802.7800
1622678733161000,1,0.14731615,37799.3100
1622678734371000,1,0.03535138,37789.8600
1622678734859000,1,0.06575438,37779.8000
1622678739445000,0,0.00443000,37806.2300
1622678744322000,1,0.03545116,37797.4100
1622678745320000,0,0.19850462,37801.5100
1622678745320000,0,0.26468178,37803.6400
1622678745320000,0,0.26468178,37803.6500
1622678745521000,0,0.39698752,37817.8100
1622678746028000,0,0.00296510,37823.4900
1622678746028000,0,0.14900000,37831.6300
1622678746028000,0,0.08103490,37844.8100
1622678747099000,0,0.00100000,37856.5200
1622678748084000,1,0.10000000,37838.9400
1622678748084000,1,0.76000000,37838.4400
1622678748084000,1,0.00150000,37834.3600
1622678748084000,1,0.63972933,37831.9200
1622678748225000,1,0.00150000,37831.9300
1622678748225000,1,0.00668761,37831.9200
1622678748225000,1,0.98230139,37831.9000
1622678748503000,0,0.03382616,37856.5200
1622678748503000,0,0.08319513,37861.3000
1622678748503000,0,0.00045540,37864.5400
1622678749472000,0,0.00100406,37866.9100
1622678760356000,0,0.09980000,37848.8300
1622678760356000,0,0.76000000,37848.9300
1622678760356000,0,0.00150000,37849.3200
1622678760356000,0,0.00670645,37850.8500
1622678760358000,0,0.17368737,37850.8500
1622678760502000,0,0.09881271,37848.9200
1622678760503000,0,0.02663592,37848.9200
1622678760503000,0,0.00150000,37848.9200
1622678760503000,0,0.15951223,37850.8400
1622678760504000,0,0.11048573,37850.8400
1622678760505000,0,0.17371783,37850.8400
1622678760507000,0,0.05576725,37850.8400
1622678760507000,0,0.05598842,37850.8500
1622678760508000,0,0.20949946,37850.8500
1622678760509000,0,0.09191208,37850.8500
1622678760589000,1,0.01955306,37845.9400
1622678760590000,1,0.00000001,37845.9400
1622678761470000,1,0.41328240,37814.3600
1622678761485000,1,0.24418488,37814.3600
1622678761580000,1,0.10253272,37814.3600
1622678764827000,1,0.04996789,37813.4700
1622678764916000,1,0.03963989,37803.9200
1622678765713000,1,0.01101851,37797.8200
1622678765713000,1,0.09091027,37797.8000
1622678766706000,1,0.77321232,37793.1600
1622678786946000,1,0.48677302,37819.5000
1622678797281000,1,0.00150000,37801.8100
1622678797281000,1,0.26641428,37801.8000
1622678797323000,1,0.09505235,37801.8000
1622678797334000,1,0.09833473,37801.8000
1622678799345000,0,0.19844092,37810.4100
1622678811624000,1,0.12735098,37782.2100
1622678812995000,0,0.33020000,37793.2000
1622678812995000,0,0.11280000,37794.3700
1622678814226000,0,0.00237000,37782.0100
1622678827184000,1,0.10671469,37791.7100
1622678827186000,1,0.10434299,37791.7100
1622678827473000,1,0.04594232,37791.7100
1622678849030000,1,0.00120000,37749.8100
1622678851524000,0,0.00648639,37764.8100
1622678852394000,0,0.00648639,37764.7900
1622678855442000,0,0.00648639,37760.9200
1622678856251000,0,0.01297278,37747.1500
1622678857050000,0,0.00648639,37748.7300
1622678857971000,0,0.00648639,37743.7700
1622678858732000,0,0.00648639,37737.8200
1622678859554000,0,0.00648639,37746.6200
1622678860758000,0,0.19227000,37746.6200
1622678861093000,0,0.00648639,37757.1900
1622678861662000,0,0.00648639,37751.3000
1622678862616000,0,0.00648639,37759.7100
1622678862735000,1,0.00150000,37742.2600
1622678863556000,0,0.00648639,37759.8900
1622678865210000,0,0.00434526,37760.2600
1622678866932000,0,0.00575235,37754.0600
1622678867961000,0,0.00216213,37747.9600
1622678868633000,0,0.00428326,37747.8900
1622678869344000,0,0.01267000,37734.2000
1622678870467000,0,0.00216213,37748.0700
1622678871014000,0,0.01297278,37745.1100
1622678871214000,0,0.00800000,37745.1100
1622678871821000,0,0.00648639,37752.7600
1622678872656000,0,0.00363122,37748.6300
1622678873082000,0,0.00761000,37748.6300
1622678873481000,0,0.00360422,37747.8600
1622678876184000,0,0.01000000,37734.3800
1622678877152000,0,0.03400000,37734.3800
1622678878608000,0,0.00211796,37734.3800
1622678878764000,0,0.00164310,37734.3800
1622678879570000,0,0.02498249,37734.3800
1622678880379000,0,0.00144209,37738.2800
1622678880929000,0,0.00572534,37744.6600
1622678881646000,0,0.00264000,37739.6400
1622678882032000,0,0.00576434,37753.4700
1622678883895000,0,0.00304000,37756.9100
1622678884248000,1,0.10000000,37741.7300
1622678884275000,1,0.19868117,37737.0500
1622678884275000,1,0.26489986,37736.1100
1622678884976000,0,0.00148509,37751.0800
1622678885645000,0,0.17182962,37744.5300
1622678885883000,0,0.00288617,37744.5300
1622678887331000,0,0.00717343,37744.4700
1622678891323000,0,0.00658739,37719.5200
1622678892546000,0,0.00300018,37716.4800
1622678893338000,0,0.00152000,37716.4800
1622678893487000,0,0.00586035,37716.4800
1622678894697000,0,0.01187771,37710.9400
1622678896106000,0,0.01030961,37710.9400
1622678897322000,1,0.02887395,37702.6800
1622678898043000,1,0.10000000,37688.3900
1622678898226000,0,0.02650258,37703.4100
1622678898322000,1,0.21902629,37686.8000
1622678898322000,1,0.14791386,37686.8000
1622678898323000,1,0.39610503,37686.8000
1622678898327000,1,0.51840963,37686.8000
1622678898329000,1,0.23467103,37686.8000
1622678898334000,1,0.19484806,37686.8000
1622678899100000,0,0.01515990,37694.8300
1622678904014000,1,0.02547997,37663.4500
1622678904513000,0,0.00265120,37671.9900
1622678910868000,0,0.00197212,37672.3000
1622678919971000,0,0.00279000,37686.1800
1622678922364000,0,0.00424825,37693.3300
1622678922758000,0,0.00151954,37693.3300
1622678927063000,1,0.00070657,37673.8000
1622678930143000,0,0.50000000,37665.8400
1622678931344000,1,0.00055367,37650.0000
1622678932309000,1,0.00001130,37650.0000
1622678932374000,1,0.01200000,37625.9100
1622678932374000,1,0.48353724,37621.9300
1622678932374000,1,0.08336542,37621.4500
1622678932374000,1,0.07324680,37621.0800
1622678932374000,1,0.38255104,37619.6700
1622678935142000,0,0.02928000,37639.2200
1622678935163000,0,0.00000747,37639.2200
1622678937281000,0,0.00661000,37641.1400
1622678943349000,0,0.00150000,37654.2400
1622678943349000,0,0.08061703,37654.4500
1622678943349000,0,0.03000000,37656.7800
1622678943349000,0,0.02588647,37664.8100
1622678946434000,0,0.08025092,37648.1600
1622678946434000,0,0.20000000,37659.6100
1622678946434000,0,0.29859014,37659.6200
1622678950292000,1,0.00149999,37629.4400
1622678950315000,1,0.00000001,37629.4400
1622678950410000,0,0.00067004,37635.6400
1622678958752000,0,0.45943836,37639.8000
1622678959965000,1,0.10000000,37624.2700
1622678966309000,0,0.02959335,37598.5400
1622678966309000,0,0.02747352,37604.3000
1622678966917000,0,0.05706687,37604.3000
1622678968845000,0,0.21200000,37604.3000
1622678969072000,0,0.00159396,37604.3000
1622678977170000,0,0.01081165,37604.3000
1622678982918000,0,0.00689941,37592.5200
1622678983759000,0,0.01366182,37596.1200
1622678985391000,0,0.09625077,37592.1900
1622678985994000,1,0.00055366,37580.0000
1622678987469000,1,0.00001130,37580.0000
1622678995152000,0,0.02279399,37559.0600
1622678996790000,0,0.13298573,37559.0600
1622678998298000,0,0.03584399,37559.0500
1622678998298000,0,0.04399095,37559.0600
1622678998298000,0,0.04000284,37560.4200
1622679002238000,0,0.00093805,37563.0800
1622679003354000,0,0.13205249,37572.2900
1622679016055000,0,0.30000000,37604.3000
1622679016158000,0,0.16426000,37604.3000
1622679018507000,0,0.00000632,37604.3000
1622679018507000,0,0.00719314,37609.0000
1622679019125000,0,0.08028899,37619.1000
1622679019125000,0,0.46567672,37624.3400
1622679019125000,0,0.03658925,37626.9300
1622679019241000,0,0.00719946,37623.5400
1622679020478000,0,0.00719946,37628.8400
1622679022907000,0,0.00719946,37633.5900
1622679024094000,0,0.00577337,37637.9500
1622679025292000,0,0.01727811,37623.2900
1622679026084000,0,0.00150000,37628.5400
1622679026084000,0,0.00425937,37628.9800
1622679027758000,0,0.00575937,37618.4300
1622679028506000,0,0.01151874,37626.4800
1622679029224000,0,0.00575937,37622.1600
1622679030735000,0,0.01653006,37617.8800
1622679031253000,0,0.00575937,37617.8800
1622679032023000,0,0.01487096,37622.2100
1622679033900000,0,0.01321285,37621.2800
1622679034227000,0,0.00102000,37621.2300
1622679036325000,0,0.03743840,37601.0700
1622679036325000,0,0.01371160,37615.4100
1622679038396000,0,0.00982867,37605.6700
1622679039219000,0,0.00181112,37599.3000
1622679041541000,1,0.12960858,37585.4000
1622679041542000,1,0.35000000,37585.4000
1622679041585000,1,0.13631543,37585.4000
1622679041632000,1,0.53000000,37585.4000
1622679041646000,1,1.33159000,37585.4000
1622679041741000,1,0.45000000,37585.4000
1622679041844000,1,0.30000000,37585.4000
1622679041856000,1,0.99944069,37585.4000
1622679041933000,1,0.20000000,37585.4000
1622679041960000,1,0.94000000,37585.4000
1622679042039000,1,0.45000000,37585.4000
1622679042087000,1,0.08602584,37585.4000
1622679042142000,1,0.99941285,37585.4000
1622679042495000,1,0.99946119,37585.4000
1622679042688000,1,0.99940027,37585.4000
1622679042689000,1,0.99946119,37585.4000
1622679042804000,1,0.24000000,37585.4000
1622679050803000,0,0.00300017,37585.2300
1622679051602000,0,0.19662302,37585.2300
1622679056972000,0,0.02116618,37586.6700
1622679056972000,0,0.01314211,37591.7500
1622679067800000,1,0.05999203,37532.1500
1622679067893000,1,0.19980666,37517.3500
1622679067893000,1,0.34177168,37517.3500
1622679067893000,1,0.18506909,37514.8800
1622679067917000,1,0.31493091,37514.8800
1622679067917000,1,0.33298973,37514.3000
1622679067917000,1,0.20000000,37513.3600
1622679067917000,1,0.00056495,37510.0000
1622679067917000,1,0.33302159,37509.3900
1622679067970000,1,0.04518063,37517.3500
1622679068121000,1,0.99920325,37507.5000
1622679068155000,1,0.08921170,37507.5000
1622679068158000,1,0.21792361,37507.5000
1622679068405000,1,0.02931718,37510.6500
1622679068510000,1,0.99928181,37507.5000
1622679068607000,1,0.99928326,37507.5000
1622679068655000,1,0.25923195,37507.5000
1622679068666000,1,0.35776442,37507.5000
1622679068666000,1,0.01517451,37507.2900
1622679069651000,1,0.08000000,37488.7000
1622679070051000,1,0.24979533,37488.7000
1622679070074000,1,0.24976050,37488.7000
1622679070106000,1,0.13345450,37488.7000
1622679070116000,1,0.24979533,37488.7000
1622679070121000,1,0.24971326,37488.7000
1622679070123000,1,0.99847904,37488.7000
1622679070125000,1,0.36387498,37488.7000
1622679070144000,1,0.20000000,37488.7000
1622679070155000,1,0.88252706,37488.7000
1622679070288000,1,0.33323715,37472.2600
1622679070288000,1,0.66650000,37472.2300
1622679070288000,1,0.33332126,37463.8100
1622679070288000,1,0.20001129,37463.8000
1622679070288000,1,0.53311686,37458.5700
1622679070288000,1,0.43381344,37451.9800
1622679070463000,0,0.14923934,37481.5200
1622679070463000,0,0.00150000,37510.3000
1622679070463000,0,0.04127418,37510.3100
1622679070670000,0,0.00492187,37471.5300
1622679070681000,1,0.22793876,37478.7800
1622679070716000,1,0.05700000,37451.9900
1622679070716000,1,0.06005550,37451.9800
1622679071299000,1,0.00613106,37451.9800
1622679071374000,1,0.00056494,37440.0000
1622679071558000,0,0.00150000,37467.7900
1622679071558000,0,0.20000000,37467.7900
1622679071558000,0,0.79939673,37467.8000
1622679071567000,0,1.00127937,37467.8000
1622679071611000,0,1.00122222,37467.8000
1622679071642000,0,1.00142198,37467.8000
1622679071663000,0,1.00122408,37467.8000
1622679071690000,0,1.00144214,37467.8000
1622679071729000,0,1.00131569,37467.8000
1622679071730000,0,1.00142198,37467.8000
1622679071733000,0,1.00122222,37467.8000
1622679071740000,0,1.00125493,37467.8000
1622679071769000,0,1.00108839,37467.8000
1622679071789000,0,0.23021027,37467.8000
1622679071789000,0,0.20000000,37467.8000
1622679071829000,0,0.03378926,37475.5200
1622679072029000,0,0.03700000,37449.5100
1622679072194000,0,0.08395618,37457.3300
1622679073364000,0,0.10000000,37489.1300
1622679073816000,0,0.09999999,37489.1300
1622679073841000,0,0.00000001,37489.1300
1622679073850000,1,0.00939703,37470.6400
1622679073850000,1,0.00150000,37469.6200
1622679073850000,1,0.34157119,37469.6100
1622679073850000,1,0.66610000,37466.3800
1622679073850000,1,0.00150000,37466.3400
1622679073850000,1,0.02068930,37450.8900
1622679073850000,1,0.20000000,37450.8900
1622679073850000,1,0.09534085,37450.8800
1622679074581000,1,0.03000000,37475.6000
1622679074581000,1,0.00150000,37472.3900
1622679074658000,0,0.10000000,37470.4300
1622679074670000,0,0.28585053,37470.4300
1622679074672000,0,0.08400000,37470.4300
1622679074684000,0,0.00318058,37470.4300
1622679074976000,0,0.14900000,37510.3100
1622679075798000,0,0.00100000,37500.3000
1622679076311000,1,0.00613000,37475.6200
1622679076574000,1,0.05000000,37475.6200
1622679077532000,1,0.14389807,37475.6200
1622679077532000,1,0.05610193,37469.8300
1622679078056000,1,0.08977056,37475.6200
1622679079992000,1,0.74000000,37471.7200
1622679080072000,1,0.02000000,37471.7200
1622679081464000,0,0.00213207,37470.0000
1622679083226000,1,0.00133300,37493.5400
1622679093057000,1,0.08973000,37473.7300
1622679098923000,0,0.01468000,37499.5500
1622679102178000,1,0.03892846,37479.1800
1622679102179000,1,0.06933708,37479.1800
1622679102403000,1,0.03445156,37479.6800
1622679103203000,1,0.02934677,37476.7500
1622679103398000,1,0.03294276,37476.2500
1622679103592000,1,0.03637886,37477.3400
1622679103752000,1,0.01251695,37477.3400
1622679103950000,1,0.03488695,37482.1700
1622679107930000,0,0.00765000,37496.3100
1622679123548000,0,0.04379271,37502.5500
1622679123552000,0,0.00000001,37502.5500
1622679125067000,0,0.00208000,37532.4500
1622679125210000,0,2.68636655,37532.5000
1622679125218000,0,0.22635316,37532.5000
1622679125239000,0,0.75000000,37532.5000
1622679125808000,1,0.02465155,37528.3400
1622679125808000,1,0.05923840,37523.0000
1622679131543000,0,0.12988827,37552.2000
1622679133105000,1,0.47575000,37533.7400
1622679135961000,0,0.10000000,37534.7100
1622679135961000,0,0.05754000,37535.2200
1622679136439000,0,0.00150000,37535.2100
1622679136439000,0,0.23150000,37537.5400
1622679136970000,0,0.00100000,37539.1200
1622679137520000,0,0.00308000,37536.2500
1622679137685000,0,0.00545900,37536.2500
1622679138008000,0,0.00131657,37539.1200
1622679146033000,1,0.14317661,37509.8500
1622679146033000,1,0.11556817,37509.7000
1622679149871000,0,0.23300000,37538.1800
1622679150253000,0,0.00100000,37544.3300
1622679154658000,0,0.01117000,37552.2000
1622679154710000,0,0.00000168,37552.2000
1622679154710000,0,0.11699832,37553.5000
1622679154912000,0,0.12600000,37566.2300
1622679157194000,0,0.00264088,37559.5100
1622679158708000,0,0.01274000,37565.5400
1622679162530000,1,0.00190000,37554.4300
1622679163706000,0,0.01285000,37567.2400
1622679169722000,1,0.01126025,37548.9000
1622679170475000,0,0.00132000,37561.5400
1622679180455000,0,0.23300000,37554.0500
1622679180577000,0,0.09980000,37554.0500
1622679180577000,0,0.10540703,37556.4800
1622679180693000,0,0.33298787,37563.8800
1622679181158000,0,0.00100000,37575.3600
1622679182508000,0,0.21200000,37597.0800
1622679182826000,0,0.03600000,37592.2300
1622679183546000,0,0.00100000,37592.2300
1622679184401000,0,0.04581000,37589.2300
1622679185576000,0,0.00661881,37583.7800
1622679187123000,0,0.02540000,37583.7800
1622679192470000,0,0.08322364,37596.6300
1622679194468000,0,0.05139000,37609.6600
1622679194975000,0,0.03804876,37605.6700
1622679194975000,0,0.00243124,37605.6800
1622679200065000,1,0.99962907,37577.9000
1622679212000000,0,0.08000000,37562.3900
1622679212276000,0,0.00100000,37562.3900
1622679213225000,0,0.00764000,37562.3900
1622679213320000,0,0.03550961,37562.3900
1622679213321000,0,0.07557501,37562.3900
1622679213321000,0,0.00475393,37563.0500
1622679213342000,0,0.26629949,37563.7300
1622679213342000,0,0.33282351,37574.0100
1622679213342000,0,0.09361400,37576.2000
1622679213342000,0,0.00150000,37576.9800
1622679213342000,0,0.30817575,37578.7500
1622679213344000,0,0.09905522,37578.7500
1622679213345000,0,0.10139217,37578.7500
1622679213347000,0,0.08378420,37578.7500
1622679213378000,0,0.02810036,37578.7500
1622679213378000,0,0.07164274,37578.7600
1622679213403000,0,0.13730154,37578.7600
1622679213427000,1,0.03356804,37577.6800
1622679213427000,1,0.06524651,37572.1100
1622679213534000,0,0.05500000,37576.4800
1622679213732000,0,0.04392725,37578.7600
1622679213732000,0,0.03607275,37579.9500
1622679214467000,0,0.00100000,37568.1200
1622679214578000,0,0.03547493,37568.9900
1622679215729000,0,0.03411880,37568.9900
1622679217033000,0,0.00213558,37568.9900
1622679218214000,0,0.00550705,37568.9900
1622679218525000,0,0.02641987,37565.5600
1622679223620000,1,0.00215365,37552.4900
1622679234909000,1,0.03300000,37547.1200
1622679243966000,0,0.01800000,37539.5400
1622679244974000,0,0.01000000,37537.7700
1622679246983000,0,0.04100000,37537.7700
1622679248028000,0,0.01700000,37537.7700
1622679259740000,1,0.01000000,37535.7400
1622679259872000,1,0.01800000,37535.2400
1622679260252000,1,0.01500000,37535.1800
1622679261496000,1,0.00800000,37529.1100
1622679265611000,1,0.29789429,37502.1100
1622679265616000,1,0.01048940,37502.1100
1622679265621000,1,0.03026362,37502.1100
1622679268583000,0,0.00372920,37497.6600
1622679271441000,0,0.00115000,37499.1700
1622679287747000,0,0.00515230,37496.4000
1622679290012000,0,0.00204000,37510.5800
1622679293442000,0,0.00370000,37516.3500
1622679294919000,0,0.00800000,37516.3500
1622679296286000,0,0.00130000,37516.6900
1622679296911000,0,0.04400000,37510.5200
1622679301424000,1,0.01900000,37507.2600
1622679302442000,1,0.00800000,37505.7000
1622679303461000,0,0.02545000,37505.2200
1622679303831000,1,0.01674035,37500.0300
1622679303866000,1,0.01025965,37500.0300
1622679303866000,1,0.05000000,37500.0000
1622679306914000,0,0.02400000,37490.8100
1622679308957000,0,0.07200000,37473.5900
1622679310152000,0,0.01431983,37469.3400
1622679313049000,1,0.03700000,37432.2700
1622679313062000,1,0.44300000,37432.2700
1622679314687000,1,0.02905326,37422.5500
1622679314690000,1,0.00000001,37422.5500
1622679314720000,1,0.03312628,37430.7400
1622679314720000,1,0.06060227,37421.4100
1622679314764000,1,0.03589423,37428.7800
1622679314794000,0,0.03449582,37433.5700
1622679316046000,0,0.76000000,37445.8800
1622679316344000,0,0.20035225,37468.9000
1622679316344000,0,0.22274775,37469.3200
1622679316746000,0,0.03259920,37475.2300
1622679316746000,0,0.03260460,37478.0200
1622679316746000,0,0.16720798,37487.0700
1622679316958000,0,0.00320142,37489.9200
1622679317282000,1,0.01900000,37475.7400
1622679317482000,0,0.01600000,37489.9200
1622679318335000,0,0.00100000,37479.8200
1622679319285000,1,0.76000000,37450.4800
1622679322455000,1,0.02662557,37444.0800
1622679332207000,0,0.01161567,37469.8900
1622679340837000,0,0.00065704,37470.3000
1622679344305000,1,0.52062675,37474.7500
1622679344354000,1,0.23389586,37474.7500
1622679344367000,0,0.07000000,37479.8200
1622679344422000,0,0.00105751,37479.8200
1622679345781000,1,0.12493805,37473.3200
1622679345870000,1,0.12492088,37473.4500
1622679346017000,0,0.02124000,37484.3300
1622679362657000,0,0.00893000,37486.0300
1622679363080000,0,0.26689576,37486.9700
1622679363402000,0,0.10661717,37491.5600
1622679363436000,0,0.09351927,37491.5600
1622679363436000,0,0.14935435,37493.8000
1622679363437000,0,0.15296396,37493.8000
1622679364914000,0,0.14147589,37521.7200
1622679364914000,0,0.40968077,37524.1700
1622679365547000,1,0.10000000,37505.3800
1622679365547000,1,0.06449100,37504.8800
1622679368205000,1,0.19123570,37503.2000
1622679370975000,0,0.01617694,37509.3000
1622679390098000,0,0.00276000,37484.4900
1622679398804000,0,0.00300018,37477.6400
1622679400489000,1,0.76000000,37462.3000
1622679400494000,1,0.07490844,37456.4500
1622679400501000,1,0.06316934,37451.9200
1622679400501000,1,0.00150000,37450.2200
1622679400522000,1,0.99964905,37449.6000
1622679400533000,1,0.20021442,37448.3200
1622679400582000,1,0.00872270,37442.0000
1622679400582000,1,0.02180674,37442.0000
1622679400582000,1,0.33369069,37441.9800
1622679400582000,1,0.33370099,37440.8300
1622679400582000,1,0.30172793,37439.5800
1622679400595000,1,0.23194309,37439.5800
1622679400595000,1,0.05669903,37435.1400
1622679400595000,1,0.02500000,37434.2900
1622679400596000,1,0.53381199,37428.8300
1622679400596000,1,0.15352098,37425.4500
1622679400596000,1,0.31088353,37421.9700
1622679400603000,1,0.01470466,37449.6000
1622679400678000,0,0.48340000,37444.0000
1622679400681000,1,0.99839647,37424.6000
1622679400681000,1,0.99839647,37424.6000
1622679401276000,1,0.09926350,37420.7500
1622679401835000,0,0.03000000,37419.9200
1622679401835000,0,0.03559713,37419.9300
1622679401964000,0,0.10000000,37419.7400
1622679401964000,0,0.16486645,37419.9300
1622679401996000,0,0.03000000,37421.7100
1622679410436000,1,0.01891429,37393.6800
1622679410436000,1,0.20000000,37386.1500
1622679410436000,1,0.54828155,37382.7000
1622679412341000,1,0.76000000,37383.1300
1622679412341000,1,0.04394256,37382.7200
1622679412341000,1,1.00000000,37377.7400
1622679412341000,1,0.01500000,37372.5900
1622679412341000,1,0.00056493,37370.0000
1622679412341000,1,0.46189422,37369.2100
1622679412341000,1,0.04804121,37357.6100
1622679412341000,1,0.00739096,37357.6100
1622679412341000,1,0.01847739,37357.6100
1622679412341000,1,0.03000000,37357.6000
1622679412341000,1,0.20057904,37357.1600
1622679412341000,1,0.33424137,37355.2800
1622679412341000,1,0.67955658,37353.8000
1622679412341000,1,0.65953955,37353.7900
1622679412341000,1,0.01121572,37353.4800
1622679412632000,0,0.00094506,37422.6500
1622679414942000,0,0.00094506,37423.2200
1622679415683000,0,0.00094506,37417.4200
1622679416657000,0,0.00416725,37417.4200
1622679419359000,1,0.15650000,37395.7900
1622679420619000,0,0.53748549,37405.1400
1622679420636000,0,0.09649299,37405.1400
1622679420641000,0,0.12602152,37405.1400
1622679420641000,0,0.13104183,37406.3900
1622679420646000,0,0.12939297,37406.3900
1622679420648000,0,0.00707978,37406.3900
1622679420648000,0,0.00150000,37407.3800
1622679420648000,0,0.00150000,37407.8900
1622679420648000,0,0.11920574,37407.8900
1622679420682000,1,0.07836128,37400.9800
1622679422685000,0,0.00150000,37395.4900
1622679422685000,0,0.02827456,37395.5000
1622679424391000,0,0.13357904,37395.4500
1622679430663000,0,0.03565775,37405.5000
1622679430663000,0,0.07434225,37406.2800
1622679430987000,0,0.00021902,37406.2800
1622679434496000,0,0.00153000,37421.3300
1622679435636000,0,0.05000000,37421.3300
1622679435692000,0,0.12004330,37421.3300
1622679445400000,0,0.00191011,37444.7100
1622679447526000,0,0.00307000,37444.9100
1622679451096000,1,0.24178007,37419.7300
1622679474659000,0,0.40090118,37444.5200
1622679474659000,0,0.40089869,37445.7400
1622679474659000,0,0.68229460,37449.3300
1622679474659000,0,0.68590553,37449.3400
1622679504956000,0,0.00160178,37420.7800
1622679505036000,0,0.00236000,37420.7800
1622679505379000,1,0.00150000,37406.9300
1622679505379000,1,0.48333682,37406.9200
1622679505386000,1,0.00703115,37406.9200
1622679505386000,1,0.54216436,37406.9200
1622679505410000,1,0.10139568,37406.9200
1622679508491000,1,0.00580838,37395.0900
1622679526780000,0,0.05020000,37399.0900
1622679526780000,0,0.06476428,37399.5900
1622679528653000,0,0.16153194,37397.9800
1622679528656000,0,0.09199427,37397.9800
1622679528666000,0,0.01398040,37397.9800
1622679528724000,0,0.00382023,37399.5900
1622679534105000,0,0.11652693,37405.1700
1622679534896000,0,0.00099606,37405.1700
1622679542206000,0,0.02877000,37405.1700
1622679547267000,0,0.08445481,37409.5800
1622679547269000,0,0.08196212,37409.5800
1622679547281000,0,0.03414109,37409.5800
1622679548625000,0,0.06750520,37418.1200
1622679551008000,0,0.00135011,37418.1200
1622679554717000,0,0.05249061,37422.3300
1622679555738000,0,0.05261640,37437.2300
1622679559622000,0,0.00767000,37433.2400
1622679561451000,0,0.13882112,37440.3300
1622679600933000,0,0.00478000,37449.8300
1622679602822000,1,0.19942601,37436.0600
1622679619688000,0,0.20034182,37450.6400
1622679619688000,0,0.05639512,37452.5800
1622679619698000,0,0.14235955,37452.5800
1622679631791000,0,0.09387721,37474.1600
1622679640779000,0,0.00191000,37479.4700
1622679647129000,0,0.08323737,37474.2600
1622679652756000,1,0.03710565,37448.9800
1622679667733000,0,0.13342094,37437.9000
1622679679448000,0,0.12816000,37438.1300
1622679690705000,0,0.03742341,37453.7100
1622679711306000,0,0.01348000,37475.6800
1622679711964000,1,0.06588295,37451.4900
1622679721205000,1,0.00150000,37463.5000
1622679721205000,1,0.20015489,37463.4900
1622679721205000,1,0.05702024,37460.4300
1622679748571000,0,0.00766000,37465.3600
1622679758725000,0,0.20020996,37476.2600
1622679767106000,0,0.00169000,37481.2700
1622679771860000,0,0.01859000,37470.9300
1622679779013000,0,0.00110289,37480.3400
1622679786192000,0,0.00153000,37492.8000
1622679809160000,1,0.00203572,37499.7700
1622679809536000,0,0.00102000,37521.4400
1622679823680000,0,0.16154272,37544.7200
1622679823793000,0,0.19426481,37544.7200
1622679824846000,0,0.00214671,37544.7200
1622679829694000,1,0.03000000,37534.8300
1622679830762000,0,0.02548000,37527.6600
1622679831045000,0,0.00255000,37527.6600
1622679857608000,0,0.00510000,37527.1300
1622679865984000,0,0.00265000,37518.8400
1622679877773000,0,0.02638125,37519.5900
1622679888945000,0,0.01276000,37479.8000
1622679905789000,1,0.20022034,37446.4100
1622679905791000,1,0.33365980,37445.2000
1622679905820000,1,0.00788284,37440.2900
1622679905820000,1,0.33370057,37439.7600
1622679905949000,1,0.08639886,37445.2200
1622679905950000,1,0.17053135,37445.2200
1622679905951000,1,0.16312845,37445.2200
1622679906068000,1,0.01970542,37433.9500
1622679906321000,0,0.00300017,37444.3400
1622679907030000,0,0.00802145,37444.2500
1622679907257000,1,0.00822911,37431.8800
1622679908167000,1,0.10465168,37429.4000
1622679908193000,1,0.00000001,37429.4000
1622679925924000,0,0.04400000,37444.6300
1622679926634000,0,0.00434000,37453.9900
1622679963124000,0,0.03466000,37453.9900
1622679963124000,0,0.03400000,37463.3500
1622679963124000,0,0.00767431,37463.7300
1622679963282000,1,0.09752558,37446.2100
1622679963292000,1,0.17371352,37446.2100
1622679963438000,1,0.23195429,37446.2100
1622679964265000,0,0.04580358,37460.0900
1622679978274000,0,0.00398000,37467.2400
1622680014478000,0,0.02700000,37489.0000
1622680027548000,0,0.03000000,37498.3700
1622680028934000,0,0.20005697,37505.0300
1622680028934000,0,0.03322117,37507.0800
1622680028934000,0,0.03000000,37507.7400
1622680028934000,0,0.26673427,37508.1100
1622680028934000,0,0.75260000,37509.9300
1622680028934000,0,0.63486240,37511.4800
1622680028934000,0,0.67214014,37511.4900
1622680028934000,0,0.46753852,37511.5000
1622680028934000,0,0.40018025,37511.5100
1622680028934000,0,0.40020153,37511.5800
1622680028934000,0,0.37600000,37513.8400
1622680028934000,0,0.01457990,37517.1100
1622680047817000,0,0.00911836,37507.7800
1622680047817000,0,0.20004027,37509.6500
1622680047818000,0,0.17747191,37511.4400
1622680075323000,0,0.00153000,37504.5800
1622680082754000,1,0.03101193,37476.3000
1622680082754000,1,0.03982174,37475.7100
1622680082754000,1,0.19916633,37468.0100
1622680091997000,1,0.09546773,37473.1100
1622680103118000,0,0.00179000,37493.2100
1622680132743000,0,0.00333333,37507.2900
1622680132743000,0,0.01600000,37510.9700
1622680132743000,0,0.01700000,37520.3400
1622680133189000,1,0.09166667,37520.6300
1622680134731000,0,0.00400000,37519.6400
1622680145759000,0,0.00103312,37513.9000
1622680152779000,1,0.02966000,37476.8500
1622680152784000,1,0.00000417,37476.8500
1622680155542000,1,0.00800000,37464.4300
1622680155756000,0,0.03400000,37481.2300
1622680198956000,0,0.15177296,37506.7400
1622680209978000,0,0.00308543,37481.8800
1622680211012000,0,0.00263000,37487.2400
1622680217335000,0,0.00328614,37487.2200
1622680237757000,0,0.00300000,37461.9500
1622680239846000,0,0.00826736,37465.1700
1622680241786000,0,0.07400000,37468.1500
1622680242746000,0,0.01500000,37462.4300
1622680242849000,1,0.19291383,37446.6600
1622680243756000,0,0.02000000,37465.8400
1622680246004000,1,0.01700000,37464.5000
1622680247612000,0,0.00255000,37457.8500
1622680248770000,0,0.02700000,37457.8000
1622680249746000,0,0.01800000,37460.9000
1622680250733000,0,0.01800000,37457.2000
1622680251760000,0,0.01600000,37456.6700
1622680252450000,0,0.00133352,37456.6700
1622680255896000,1,0.02700000,37452.5700
1622680256753000,0,0.01700000,37454.0800
1622680259751000,0,0.03200000,37465.1400
1622680263775000,0,0.03200000,37475.1700
1622680264726000,0,0.03500000,37479.5000
1622680265750000,0,0.00430333,37479.5000
1622680265948000,1,0.01269667,37481.8200
1622680268684000,1,0.00300000,37467.4800
1622680270975000,0,0.00411017,37462.5800
1622680271558000,0,0.00398000,37477.2100
1622680280445000,0,0.00128000,37470.8200
1622680284316000,0,0.01289000,37457.8200
1622680284892000,0,0.03888435,37464.7600
1622680284892000,0,0.08056269,37465.2300
1622680284892000,0,0.00150000,37473.7100
1622680284892000,0,0.04782846,37475.7900
1622680284892000,0,0.69631032,37475.9600
1622680284892000,0,0.68047600,37475.9600
1622680284892000,0,0.13323619,37475.9700
1622680298742000,1,0.00200000,37456.2000
1622680303206000,0,0.00409000,37454.9900
1622680322439000,0,0.00500000,37442.5500
1622680327363000,0,0.00131000,37445.7100
1622680328070000,1,0.00300000,37442.0600
1622680332144000,0,0.00743000,37450.0100
1622680335788000,0,0.13816810,37450.2600
1622680341466000,0,0.00200000,37450.1500
1622680341900000,1,0.10929513,37431.9600
1622680343440000,0,0.00200000,37442.6800
1622680345271000,0,0.12729602,37442.6800
1622680365089000,0,0.15053607,37418.8300
1622680372839000,0,0.00115000,37409.2000
1622680379251000,0,0.00672939,37412.8900
1622680379726000,1,0.00150000,37395.4600
1622680379726000,1,0.09057140,37394.3100
1622680380417000,0,0.00749444,37405.8400
1622680381771000,0,0.00300018,37404.6100
1622680386372000,0,0.00495729,37404.8200
1622680388697000,0,0.02310435,37407.8800
1622680391835000,0,0.09975827,37407.8800
1622680395106000,0,0.02165226,37422.2600
1622680398320000,0,0.02309535,37421.9500
1622680401427000,0,0.02165126,37424.0800
1622680405526000,0,0.12902301,37424.5300
1622680409237000,0,0.01000000,37433.5100
1622680409237000,0,0.01165126,37438.0600
1622680428974000,0,0.00196000,37416.6600
1622680473799000,1,0.10000000,37419.9100
1622680473799000,1,0.76000000,37419.8300
1622680473799000,1,0.03253912,37419.5300
1622680473799000,1,0.33350000,37418.7900
1622680473799000,1,0.63436429,37418.3400
1622680473799000,1,0.67495414,37418.3200
1622680473799000,1,0.48989854,37417.5500
1622680473799000,1,0.46397580,37417.5400
1622680473799000,1,0.69742795,37417.5300
1622680473799000,1,0.06145531,37417.5200
1622680488105000,0,0.00383000,37410.6200
1622680488567000,0,0.00102000,37418.2000
1622680495396000,0,0.00399000,37399.8100
1622680503900000,0,0.01046000,37397.0200
1622680550427000,0,0.00399000,37414.3700
1622680569457000,1,0.18746539,37391.8300
1622680576584000,0,0.00652000,37400.7000
1622680586656000,0,0.14999155,37402.2100
1622680592686000,0,0.00329000,37399.8300
1622680621712000,0,0.01100000,37409.0000
1622680629079000,0,0.00800000,37418.3500
1622680635363000,0,0.01100000,37427.7000
1622680638065000,0,0.01200000,37437.0500
1622680638065000,0,0.07399166,37441.1100
1622680639863000,0,0.00239000,37446.4000
1622680643968000,0,0.00444000,37446.3900
1622680679692000,1,0.08309663,37416.5200
1622680695048000,0,0.02558000,37411.0000
1622680702703000,1,0.14984923,37396.2200
1622680702706000,1,0.21412650,37396.2200
1622680702936000,0,0.10000000,37416.5800
1622680702936000,0,0.04220132,37416.9400
1622680703189000,0,0.10000000,37415.0600
1622680703446000,0,0.10301272,37400.8300
1622680705613000,0,0.00256000,37411.0200
1622680708140000,0,0.00300019,37409.1500
1622680720612000,0,0.50567525,37406.2200
1622680733962000,0,0.09764846,37407.9900
1622680750572000,1,0.05000000,37402.9300
1622680750572000,1,0.18968188,37398.2500
1622680763070000,0,0.00128000,37404.8200
1622680768696000,1,0.09188672,37379.9900
1622680772439000,0,0.00160000,37378.8600
1622680774867000,0,0.00187130,37377.8900
1622680776461000,0,0.00187089,37376.0300
1622680778592000,0,0.03600000,37377.2400
1622680780850000,0,0.00768000,37379.8000
1622680783193000,0,0.02675000,37381.8800
1622680786614000,0,0.00800000,37387.6100
1622680789760000,1,0.00100000,37382.7600
1622680790612000,0,0.01700000,37385.0700
1622680791633000,1,0.03413281,37375.5500
1622680791633000,1,0.11649428,37372.5600
1622680791633000,1,0.04937291,37365.2700
1622680823201000,0,0.00256000,37360.3700
1622680828568000,0,0.00133000,37377.6700
1622680846871000,0,0.01346350,37391.3500
1622680861424000,0,0.00132000,37397.1600
1622680874641000,0,0.14267660,37400.7800
1622680877166000,0,0.01162864,37396.4300
1622680882526000,0,0.66791500,37377.5700
1622680885647000,0,0.00133000,37380.8400
1622680887020000,0,0.06513619,37380.8400
1622680892588000,0,0.04000000,37374.2400
1622680893587000,0,0.01400000,37374.2400
1622680897611000,0,0.01700000,37375.9800
1622680898675000,0,0.00800000,37375.9800
1622680899713000,1,0.03000000,37377.9500
1622680900218000,1,0.01000000,37373.0300
1622680900250000,0,0.00465000,37380.5500
1622680901536000,0,0.02134692,37379.6800
1622680906173000,0,0.00133642,37381.1300
1622680911633000,0,0.02012187,37385.2500
1622680911854000,0,0.08293148,37386.7300
1622680911854000,0,0.08613882,37386.7300
1622680915958000,1,0.04046327,37367.9500
1622680930191000,0,0.08179855,37406.9400
1622680930283000,0,0.11877919,37406.9400
1622680930584000,0,0.63134827,37416.6500
1622680950905000,0,0.20053573,37418.2200
1622680975943000,0,0.11986614,37422.4600
1622680980668000,0,0.01917000,37431.5900
1622681007520000,0,0.01291000,37421.2100
1622681011911000,0,0.02856697,37407.5300
1622681011911000,0,0.01797303,37415.9000
1622681033411000,0,0.00128000,37421.2900
1622681054963000,0,0.00133000,37413.7000
1622681060508000,0,0.01317000,37419.7800
1622681077462000,0,0.02558000,37411.5900
1622681102203000,1,0.26739381,37385.4300
1622681127553000,0,0.00073404,37387.3800
1622681137453000,1,0.10074370,37375.6000
1622681159586000,0,0.03644540,37381.4400
1622681159586000,0,0.44180449,37382.4200
1622681165393000,1,0.08980559,37368.4900
1622681165401000,1,0.08433175,37368.4900
1622681165413000,1,0.24886266,37368.4900
1622681165544000,0,0.09569968,37379.9400
1622681167734000,0,0.00431126,37371.1500
1622681169204000,1,0.17662239,37358.5100
1622681169217000,1,0.02409551,37358.5100
1622681169238000,1,0.03000000,37352.2400
1622681169238000,1,0.24698935,37352.0100
1622681169240000,1,0.08754048,37352.0100
1622681169242000,1,0.29377781,37351.0400
1622681169289000,1,0.04076215,37351.0400
1622681169289000,1,0.02787401,37350.5800
1622681169291000,1,0.53498625,37346.3300
1622681169291000,1,0.46513628,37346.0800
1622681169312000,1,0.06989457,37346.0800
1622681169312000,1,0.00253578,37342.8300
1622681169312000,1,0.00633946,37340.7200
1622681169405000,1,0.09510433,37346.4400
1622681169406000,1,0.23879567,37346.4400
1622681169406000,1,0.09855069,37344.7600
1622681169406000,1,0.57024931,37344.7600
1622681169406000,1,0.03000000,37339.2200
1622681169406000,1,0.39891192,37338.6500
1622681169486000,1,0.13625049,37338.6500
1622681169658000,1,0.00633946,37339.2300
1622681169659000,1,0.00253578,37339.2300
1622681169660000,1,0.09418000,37335.5900
1622681169660000,1,0.01668577,37332.2100
1622681169869000,1,0.15578845,37333.0100
1622681169869000,1,0.21896533,37333.0100
1622681169871000,1,0.19276518,37333.0100
1622681169874000,1,0.25486129,37333.0100
1622681169876000,1,0.14974574,37333.0100
1622681169943000,1,0.03450138,37328.5400
1622681169943000,1,0.87699000,37312.7400
1622681169943000,1,0.08000000,37310.0000
1622681169943000,1,0.07919464,37309.6700
1622681169943000,1,0.20000000,37309.0000
1622681169943000,1,0.00069703,37301.0000
1622681169943000,1,0.00056492,37300.0000
1622681169943000,1,0.13642358,37299.5100
1622681170162000,1,0.06639458,37331.9900
1622681170798000,1,0.02787401,37328.5500
1622681171054000,1,0.03000000,37313.7700
1622681171177000,0,0.00150000,37339.4200
1622681171665000,0,0.03547400,37339.4700
1622681171665000,0,0.05645561,37340.1100
1622681183228000,0,0.00133000,37344.9600
1622681189062000,0,0.00187240,37347.6700
1622681190891000,0,0.13374328,37347.6700
1622681192485000,0,0.47877933,37345.5000
1622681194374000,0,0.13379433,37350.5000
1622681196323000,1,0.10000000,37333.1800
1622681196323000,1,0.07886217,37332.6800
1622681197214000,0,0.02625000,37366.5600
1622681199593000,1,0.09390900,37337.6900
1622681199794000,0,0.03878000,37361.6700
1622681200606000,0,0.08444000,37346.6400
1622681201134000,0,0.00000182,37346.6400
1622681201134000,0,0.02847818,37349.5500
1622681201367000,0,0.08097000,37346.3200
1622681201440000,0,0.00000479,37346.3200
1622681210599000,1,0.13769413,37359.5600
1622681226272000,0,0.00075504,37389.3300
1622681233107000,1,0.00100000,37390.0500
1622681233107000,1,0.00194000,37390.0400
1622681234770000,0,0.02661000,37392.3600
1622681235255000,0,0.01545298,37392.3600
1622681236206000,1,0.00100000,37390.1900
1622681236206000,1,0.00006000,37390.0400
1622681236206000,1,0.00300000,37390.0400
1622681242779000,1,0.03675121,37363.4100
1622681244759000,1,0.02923691,37361.7300
1622681249128000,1,0.03522965,37340.8800
1622681249319000,1,0.00000001,37340.8800
1622681253294000,1,0.03355000,37339.2300
1622681257392000,1,0.02961000,37334.6700
1622681260323000,0,0.00535009,37345.1700
1622681261807000,0,0.02464991,37345.1700
1622681261807000,0,0.10910232,37345.1700
1622681266218000,1,0.03085000,37338.6600
1622681266495000,1,0.00000064,37338.6600
1622681275136000,1,0.03230000,37325.0900
1622681277359000,1,0.00000363,37325.0900
1622681277359000,1,0.08118688,37317.3600
1622681277872000,1,0.00000364,37317.3600
1622681278147000,1,0.07000000,37307.5600
1622681279817000,0,0.10000000,37323.5300
1622681279817000,0,0.90003688,37325.3700
1622681279846000,0,0.19080340,37325.3700
1622681279848000,0,0.47498601,37326.2600
1622681279852000,0,0.33502496,37331.0700
1622681279852000,0,0.08621500,37335.4100
1622681279854000,0,0.06112220,37336.5400
1622681279854000,0,0.93886055,37337.5000
1622681279855000,0,0.99998275,37337.5000
1622681279869000,0,0.99998275,37337.5000
1622681279873000,0,0.99998275,37337.5000
1622681279894000,0,0.03000000,37325.2600
1622681280038000,0,0.20102853,37327.6700
1622681280057000,0,0.33506959,37330.6700
1622681280407000,0,0.00892497,37346.2100
1622681280553000,0,0.00682473,37335.7400
1622681280553000,0,0.07171569,37344.7200
1622681280566000,1,0.02238508,37325.4400
1622681280570000,1,0.02801148,37360.0500
1622681280582000,1,0.09796136,37360.0500
1622681280593000,1,0.10407767,37360.0500
1622681280762000,1,0.03726094,37362.0500
1622681280850000,0,0.03268437,37374.0600
1622681280850000,0,0.03000000,37377.5300
1622681280850000,0,0.03000000,37377.8600
1622681280850000,0,0.03270872,37378.5100
1622681280850000,0,0.10760691,37386.5800
1622681281416000,1,0.11659318,37378.0200
1622681281889000,1,0.00135643,37362.0500
1622681281927000,1,0.00000001,37362.0500
1622681282774000,1,0.07380276,37350.9500
1622681288922000,0,0.00197000,37347.4400
1622681294138000,0,0.13374317,37364.6200
1622681296502000,0,0.00133000,37373.6500
1622681329361000,0,0.00666000,37372.3200
1622681344878000,1,0.00100012,37341.3800
1622681349455000,0,0.13370239,37362.0000
1622681349520000,0,0.00102000,37360.4500
1622681351173000,0,0.33471244,37366.3800
1622681354647000,1,0.01700000,37368.0800
1622681356908000,1,0.05000000,37365.2900
1622681360662000,0,0.03000000,37370.9300
1622681362442000,1,0.00600000,37369.6100
1622681362643000,0,0.02100000,37368.7500
1622681363611000,1,0.12496097,37348.5800
1622681363611000,1,0.03931172,37345.0700
1622681363611000,1,0.01470150,37343.1700
1622681365640000,0,0.02600000,37364.5400
1622681371998000,1,0.01700000,37361.7000
1622681375650000,0,0.00900000,37357.8900
1622681376535000,0,0.13370669,37357.8900
1622681377644000,0,0.04000000,37357.8900
1622681378665000,0,0.00900000,37357.8900
1622681379614000,0,0.00911899,37357.8900
1622681380651000,1,0.01588000,37360.6800
1622681380700000,1,0.00000101,37360.6800
1622681381049000,0,0.00150000,37360.6800
1622681381049000,0,0.00168000,37360.6900
1622681382616000,0,0.01700000,37357.3600
1622681384576000,0,0.00799000,37357.3600
1622681398961000,0,0.17583783,37357.3600
1622681398961000,0,0.01559353,37358.1900
1622681399006000,0,0.25218496,37358.1900
1622681399223000,0,0.13370859,37366.3900
1622681404185000,0,0.18138097,37377.1700
1622681409226000,0,0.08801640,37399.7700
1622681419010000,0,0.10282550,37403.5300
1622681450713000,0,0.00961750,37394.3300
1622681457103000,0,0.00100000,37389.0200
1622681463578000,0,0.00154000,37389.0200
1622681464716000,0,0.00194000,37385.3800
1622681465400000,0,0.13359876,37389.0200
1622681474626000,1,0.00113943,37383.5600
1622681481048000,0,0.00105365,37383.2300
1622681484093000,1,0.04560000,37359.8000
1622681484093000,1,0.65642135,37359.2800
1622681484093000,1,0.03922510,37358.0400
1622681484093000,1,0.00930566,37355.7600
1622681497174000,1,0.01100000,37372.2000
1622681497273000,1,0.02500000,37372.0000
1622681497818000,0,0.13364384,37375.4600
1622681501248000,1,0.01600000,37373.6700
1622681502182000,1,0.01700000,37374.7800
1622681502651000,0,0.01700000,37375.4600
1622681503015000,0,0.05009511,37375.4600
1622681503015000,0,0.03417724,37377.4500
1622681503015000,0,0.02067765,37380.9300
1622681503197000,1,0.01700000,37372.4300
1622681503500000,1,0.02500000,37372.0500
1622681503611000,1,0.01400000,37372.0000
1622681503655000,1,0.00700000,37372.5000
1622681513871000,0,0.00214009,37352.2500
1622681514601000,0,0.01800000,37354.7000
1622681515660000,0,0.02100000,37350.0000
1622681516634000,0,0.00133734,37354.7000
1622681517628000,0,0.01100000,37349.2000
1622681518068000,0,0.02272616,37349.2000
1622681518068000,0,0.11100090,37353.2100
1622681518648000,0,0.02200000,37353.2100
1622681524261000,0,0.00444627,37365.9500
1622681525183000,0,0.00444327,37365.9500
1622681526041000,0,0.00522232,37365.9400
1622681527724000,0,0.00094706,37365.9500
1622681528867000,0,0.00189411,37362.7000
1622681529781000,0,0.00094706,37363.7100
1622681539537000,0,0.00647000,37368.8000
1622681540668000,0,0.00759000,37370.9100
1622681545491000,0,0.13364895,37374.0300
1622681557730000,1,0.17330731,37350.7700
1622681564123000,0,0.13368912,37368.4000
1622681573669000,0,0.00532000,37384.9000
1622681575952000,0,0.00133000,37379.0300
1622681579239000,0,0.00266000,37371.9800
1622681582491000,0,0.13366697,37376.3800
1622681585398000,0,0.00128000,37387.1200
1622681588082000,0,0.00222000,37403.3400
1622681591867000,1,0.00297086,37387.3200
1622681592410000,0,0.67182803,37409.0800
1622681592410000,0,0.03950776,37409.1100
1622681596652000,0,0.11571598,37420.3600
1622681619773000,0,0.00200000,37395.1000
1622681621581000,0,0.03235287,37400.7700
1622681622350000,0,0.69831147,37412.9000
1622681622350000,0,0.40124146,37412.9100
1622681622350000,0,0.02044184,37418.4600
1622681642948000,1,0.09919576,37374.4200
1622681643873000,1,0.10000000,37374.4000
1622681651227000,0,0.13364608,37378.2300
1622681677347000,0,0.13366873,37368.5000
1622681691435000,0,0.13370723,37355.7000
1622681693914000,0,0.00500000,37354.5000
1622681696539000,0,0.00205000,37366.7000
1622681701974000,0,0.00100000,37371.6500
1622681706081000,0,0.13365442,37379.6300
1622681708965000,0,0.00300000,37384.5800
1622681710272000,0,0.07870624,37384.5800
1622681710272000,0,0.06695625,37384.5800
1622681711344000,0,0.03188009,37392.9900
1622681711344000,0,0.10075842,37402.0500
1622681713628000,0,0.00551000,37400.7900
1622681721346000,0,0.00137909,37402.6700
1622681731772000,0,0.00055204,37388.0300
1622681733402000,0,0.15406243,37388.0300
1622681741038000,0,0.26743871,37408.1400
1622681741038000,0,0.20056037,37410.1100
1622681741038000,0,0.01026179,37411.2800
1622681742059000,0,0.13170366,37415.7800
1622681758182000,0,0.03245688,37413.9100
1622681758182000,0,0.20054488,37415.7400
1622681758182000,0,0.24479199,37418.8300
1622681761828000,0,0.20051149,37421.8300
1622681761828000,0,0.03223951,37421.8300
1622681762567000,1,0.15154854,37415.0700
1622681763112000,0,0.03319746,37414.8900
1622681763112000,0,0.10008222,37428.6300
1622681765083000,0,0.06002031,37426.4000
1622681765083000,0,0.24898102,37428.5800
1622681765083000,0,0.16870111,37428.6000
1622681774094000,0,0.00516000,37422.8000
1622681777987000,0,0.26732689,37423.6200
1622681777987000,0,0.21029067,37423.6300
1622681778748000,0,0.02556000,37423.6200
1622681791307000,0,0.02658000,37428.7300
1622681792210000,0,0.17388065,37428.7300
1622681792616000,0,0.40095891,37436.8900
1622681792616000,0,0.03503177,37437.3900
1622681792616000,0,0.04167525,37438.0000
1622681797081000,0,0.00124708,37433.3300
1622681803634000,0,0.26717498,37445.1100
1622681803634000,0,0.21032123,37445.3200
1622681807114000,1,0.03476189,37441.8900
1622681824459000,1,0.24650000,37436.7800
1622681825861000,0,0.00294000,37442.7400
1622681828530000,0,0.26724845,37433.8800
1622681828530000,0,0.04272055,37440.6000
1622681848105000,0,0.04135000,37431.7400
1622681856554000,0,0.03064436,37431.8100
1622681856554000,0,0.03135564,37432.4400
1622681869578000,0,0.00700000,37424.3100
1622681871597000,0,0.02818732,37424.3100
1622681871597000,0,0.01581268,37425.4100
1622681877348000,0,0.00232000,37420.8000
1622681881554000,0,0.01900000,37420.8000
1622681882590000,0,0.01300000,37420.8000
1622681887244000,0,0.01278000,37443.9500
1622681893096000,0,0.00511000,37448.0400
1622681893421000,0,0.03328050,37448.0400
1622681893421000,0,0.05297646,37455.6700
1622681893421000,0,0.04722495,37456.2300
1622681905360000,0,0.00133000,37451.2000
1622681914628000,0,0.02831534,37455.3300
1622681914628000,0,0.00150000,37456.2200
1622681914628000,0,0.00941860,37456.2300
1622681923856000,0,0.12026784,37456.2300
1622681939554000,0,0.00645000,37464.4100
1622681943673000,0,0.10307302,37470.0600
1622681943714000,0,0.03444661,37470.0600
1622681949078000,0,0.01128000,37484.5400
1622681949078000,0,0.07396213,37487.9900
1622681949086000,0,0.12619829,37487.9900
1622681950401000,0,0.00056492,37490.0000
1622681950401000,0,0.00474508,37498.0500
1622681952734000,0,0.20012000,37493.9400
1622681952780000,0,0.03000000,37493.9300
1622681952780000,0,0.14216215,37497.2300
1622681952917000,0,0.03000000,37493.9400
1622681954029000,0,0.00222222,37507.2900
1622681954029000,0,0.03000000,37507.2900
1622681954029000,0,0.02895456,37515.5400
1622681954029000,0,0.08001337,37523.7200
1622681954029000,0,0.26664482,37526.5900
1622681954029000,0,0.20000000,37533.9500
1622681954029000,0,0.00929621,37533.9600
1622681954029000,0,0.64620256,37533.9700
1622681954029000,0,0.37970522,37533.9700
1622681963551000,0,0.03000000,37518.5400
1622681963660000,0,0.00893000,37530.0800
1622681965579000,0,0.03000000,37521.4200
1622681969538000,0,0.01700000,37524.5400
1622681973525000,0,0.02200000,37525.3300
1622681976464000,1,0.64972052,37506.7300
1622681982582000,0,0.05400000,37491.7400
1622681983538000,0,0.01900000,37492.7200
1622681984559000,0,0.02800000,37489.5400
1622681985521000,0,0.00100000,37488.5400
1622681986525000,0,0.00200000,37488.5400
1622681987523000,0,0.00500000,37488.5400
1622681989169000,0,0.00296510,37488.5400
1622681989592000,0,0.07500000,37488.5400
1622681990554000,0,0.01800000,37488.5400
1622681993603000,0,0.09284950,37488.5400
1622682005019000,1,0.66722484,37437.0700
1622682005047000,1,0.03621197,37439.8400
1622682005047000,1,0.09277516,37437.0700
1622682005047000,1,0.73291554,37435.2000
1622682006598000,0,0.00255000,37445.7700
1622682008602000,0,0.01252000,37444.4100
1622682009080000,0,0.00295109,37444.4100
1622682010601000,0,0.00150000,37432.0700
1622682010601000,0,0.00145666,37432.0800
1622682019695000,0,0.00397023,37445.7700
1622682020586000,0,0.01435481,37438.1400
1622682021464000,0,0.03134467,37445.7700
1622682021464000,0,0.06937005,37445.7700
1622682023762000,0,0.01435481,37440.0500
1622682047871000,0,0.03637902,37430.4900
1622682047975000,0,0.24495176,37430.4900
1622682055869000,0,0.03547023,37443.2900
1622682055869000,0,0.01103977,37444.8200
1622682076305000,0,0.03669000,37483.0700
1622682076475000,1,0.00682000,37468.2300
1622682079121000,0,0.02660392,37498.2300
1622682080076000,0,0.61238913,37506.7000
1622682081882000,0,0.20004707,37512.4000
1622682081882000,0,0.26672943,37514.7000
1622682081882000,0,0.76000000,37515.9600
1622682081882000,0,0.03356045,37515.9600
1622682081882000,0,0.63572187,37516.6700
1622682090537000,1,0.10057235,37475.4100
1622682094913000,0,0.12245979,37500.3300
1622682096998000,1,0.15779273,37501.4800
1622682097004000,0,0.02423000,37506.2700
1622682097554000,1,0.24364000,37501.4800
1622682097975000,1,0.00000475,37501.4800
1622682107593000,0,0.20014674,37487.6800
1622682110187000,0,0.20011519,37493.3100
1622682110187000,0,0.38797213,37494.1300
1622682110948000,0,0.12911354,37493.3100
1622682110951000,0,0.07100165,37493.3100
1622682110951000,0,0.20733379,37494.1300
1622682110951000,0,0.17488092,37494.1300
1622682113021000,0,0.00319000,37492.0800
1622682133845000,0,0.01276000,37488.9700
1622682145035000,0,0.08494098,37473.1800
1622682145082000,0,0.11526755,37473.1800
1622682153284000,0,0.00224000,37489.4700
1622682156565000,0,0.01314000,37489.4700
1622682157473000,0,0.00893000,37497.5200
1622682173056000,0,0.00297354,37499.7800
1622682195733000,0,0.17004501,37513.6000
1622682196207000,0,0.00130000,37526.4000
1622682201932000,0,0.19993000,37524.1900
1622682202493000,0,0.00315926,37530.6700
1622682204964000,1,0.19078262,37516.0100
1622682205098000,1,0.13771120,37516.0100
1622682209019000,0,0.19994696,37524.9400
1622682213534000,0,0.19990463,37530.6200
1622682213534000,0,0.25559898,37532.5600
1622682217301000,0,0.19990463,37530.6200
1622682217301000,0,0.01096349,37532.5600
1622682217301000,0,0.33323459,37532.7100
1622682217301000,0,0.03786256,37533.3800
1622682217301000,0,0.66590000,37539.7700
1622682217301000,0,0.07700706,37539.8200
1622682217301000,0,0.05695936,37541.2200
1622682217301000,0,0.47932095,37541.6400
1622682217301000,0,0.46017477,37543.0600
1622682217301000,0,0.39982388,37543.0700
1622682217301000,0,0.53324723,37543.8100
1622682217301000,0,0.00150000,37543.8100
1622682217301000,0,0.03000000,37546.9300
1622682217301000,0,0.09559200,37548.5300
1622682217301000,0,0.66263480,37549.5500
1622682217301000,0,0.18403888,37549.5600
1622682222135000,0,0.00130000,37535.7400
1622682261071000,0,0.19992359,37525.7300
1622682261179000,0,0.23085701,37529.3100
1622682261189000,1,0.03111069,37528.6300
1622682281236000,0,0.03987400,37528.2100
1622682286478000,1,0.09560697,37500.7900
1622682311103000,0,0.00106522,37513.2100
1622682314461000,0,0.08687600,37513.2100
1622682314488000,0,0.11205867,37513.2100
1622682327352000,0,0.00128000,37497.8700
1622682340217000,1,0.22002993,37481.2600
1622682340950000,1,0.10575186,37481.2600
1622682353038000,0,0.00150000,37481.8700
1622682353038000,0,0.00232000,37481.8800
1622682354127000,0,0.06195000,37482.2200
1622682358102000,0,0.00000039,37482.2200
1622682358102000,0,0.01908071,37491.9400
1622682366595000,0,0.20013626,37490.6400
1622682368191000,0,0.00380522,37495.8300
1622682375208000,0,0.03844070,37500.6200
1622682375655000,0,0.00788026,37501.4200
1622682382443000,1,0.08419652,37487.1300
1622682383383000,0,0.00300000,37490.0400
1622682384272000,1,0.14480348,37487.1300
1622682385182000,1,0.00500000,37490.4300
1622682391363000,0,0.00400000,37481.9000
1622682397409000,0,0.14040426,37490.2500
1622682398780000,1,0.00100000,37491.2900
1622682399418000,0,0.00500000,37490.4500
1622682400374000,0,0.01000000,37490.4500
1622682407154000,1,0.00300000,37487.2600
1622682408459000,0,0.00161000,37495.0500
1622682413167000,0,0.03817421,37495.0500
1622682413262000,0,0.00153000,37495.0500
1622682414511000,0,0.00610000,37495.0500
1622682419955000,0,0.08732638,37498.8200
1622682419961000,0,0.23331817,37498.8200
1622682419967000,0,0.20007492,37499.7200
1622682424213000,0,0.00423000,37506.5100
1622682436572000,0,0.00088889,37507.2900
1622682436572000,0,0.00216111,37510.9000
1622682437767000,0,0.33360088,37510.9000
1622682437777000,0,0.15646652,37510.9000
1622682437786000,0,0.17218462,37510.9000
1622682437836000,0,0.45871709,37510.9000
1622682437977000,0,0.09086978,37510.9000
1622682439248000,0,0.07216718,37525.1400
1622682440470000,1,0.00830959,37509.3000
1622682448402000,0,0.08379113,37520.5900
1622682461003000,0,0.00164000,37530.7100
1622682490132000,0,0.07299227,37502.6000
1622682498106000,1,0.67253154,37478.1500
1622682504419000,0,0.00159893,37483.3500
1622682505383000,1,0.28810121,37473.6400
1622682518438000,1,0.26672251,37480.2800
1622682518524000,1,0.10000000,37476.3400
1622682519745000,1,0.11138227,37471.7200
1622682519750000,1,0.12442450,37471.7200
1622682519808000,1,0.10285089,37471.7200
1622682519820000,1,0.14043357,37471.7200
1622682519824000,1,0.12076420,37471.7200
1622682519850000,1,0.05414457,37471.7200
1622682520684000,0,0.01276000,37471.9400
1622682522658000,0,0.03105904,37470.6400
1622682525186000,0,0.13322632,37476.4900
1622682525382000,0,0.06695623,37476.4900
1622682525382000,0,0.17533202,37479.3800
1622682533682000,0,0.01168000,37482.5700
1622682544528000,0,0.20000000,37485.5600
1622682549162000,1,0.00246598,37479.8800
1622682560537000,0,0.00255000,37503.4200
1622682561117000,0,0.00510000,37503.4200
1622682601045000,0,0.00150000,37509.1400
1622682601045000,0,0.02464000,37509.1500
1622682604084000,1,0.01301210,37472.7200
1622682604140000,0,0.03558000,37489.9200
1622682610427000,0,0.00510000,37500.9500
1622682633423000,0,0.19994254,37527.2100
1622682665646000,1,0.03816710,37508.0800
1622682692918000,0,0.00755725,37524.2300
1622682705460000,0,0.00900000,37524.2300
1622682708459000,0,0.01944275,37524.2300
1622682713193000,0,0.00446000,37526.7100
1622682715754000,1,0.03555000,37525.8300
1622682715963000,1,0.00000725,37525.8300
1622682725174000,0,0.13770327,37529.6500
1622682727736000,0,0.04700000,37533.6100
1622682731864000,0,0.04900000,37542.9900
1622682734049000,0,0.00102000,37552.3000
1622682743664000,1,0.00829701,37531.0200
1622682772594000,0,0.00255000,37543.6400
1622682781659000,0,0.14912528,37539.1700
1622682781734000,0,0.05071911,37539.1700
1622682783696000,0,0.19981951,37544.4500
1622682789752000,0,0.00127000,37552.3000
1622682793187000,0,0.00056185,37552.3000
1622682793187000,0,0.03600000,37552.3700
1622682793187000,0,0.00028815,37553.6900
1622682797266000,0,0.14422581,37554.7400
1622682804745000,0,0.08283574,37558.9400
1622682804771000,0,0.09099938,37558.9400
1622682808296000,0,0.00056493,37560.0000
1622682808296000,0,0.00446814,37561.6900
1622682812396000,0,0.01500000,37561.7500
1622682814104000,0,0.00196000,37561.7500
1622682814398000,0,0.00900000,37561.7500
1622682817346000,0,0.00804000,37561.7500
1622682828379000,0,0.00231000,37571.1300
1622682829805000,0,0.03968999,37571.1300
1622682829822000,0,0.00000001,37571.1300
1622682839031000,0,0.03000000,37569.9900
1622682840091000,0,0.00157699,37566.6700
1622682849060000,0,0.00382000,37557.0200
1622682851268000,1,0.13139732,37537.8000
1622682851367000,1,0.04060268,37537.8000
1622682852089000,0,0.00341974,37543.0400
1622682856531000,0,0.00257000,37551.3800
1622682861054000,0,0.02814680,37550.9700
1622682862796000,0,0.08331606,37555.8900
1622682865495000,1,0.08916888,37541.5700
1622682871756000,1,0.08385061,37538.5300
1622682871891000,1,0.16877592,37538.5300
1622682872343000,0,0.00255000,37554.1100
1622682880708000,1,0.05000000,37548.3000
1622682904419000,0,0.03137011,37562.6900
1622682904419000,0,0.12069901,37564.3500
1622682904419000,0,0.02844758,37565.4700
1622682904419000,0,0.07210983,37569.5900
1622682914175000,0,0.00107000,37548.2000
1622682964446000,0,0.00471000,37558.0300
1622682980315000,0,0.19973530,37560.5000
1622682980362000,0,0.08570460,37563.7700
1622682980459000,0,0.23176617,37563.7700
1622682980467000,0,0.15552987,37560.5000
1622682980526000,0,0.04420543,37560.5000
1622682981498000,0,0.25262000,37563.7700
1622682985752000,0,0.00000653,37563.7700
1622682985752000,0,0.01200000,37569.7400
1622682988243000,0,0.00255000,37579.1300
1622682998010000,0,0.00318000,37579.1300
1622683002062000,0,0.00290000,37579.1300
1622683002929000,0,0.00037000,37579.1300
1622683002929000,0,0.01236000,37579.8300
1622683006088000,0,0.00509000,37579.9400
1622683010940000,0,0.01273000,37579.9400
1622683017533000,0,0.18183447,37579.9400
1622683021224000,1,0.00824959,37569.5400
1622683035466000,0,0.01100000,37588.5200
1622683035466000,0,0.19957232,37594.9400
1622683035466000,0,0.07952157,37597.3400
1622683035466000,0,0.00356790,37597.3600
1622683035466000,0,0.26608822,37597.8600
1622683035466000,0,0.01000000,37597.9100
1622683035466000,0,0.66460000,37598.8400
1622683035466000,0,0.39920590,37599.4400
1622683035466000,0,0.33200000,37602.6600
1622683035466000,0,0.11391740,37603.1800
1622683052636000,0,0.02646000,37594.2200
1622683061951000,0,0.00273000,37601.0900
1622683077568000,1,0.00150000,37551.6400
1622683077568000,1,0.39535230,37551.6200
1622683077715000,1,0.22658373,37542.6700
1622683081838000,0,0.00300000,37558.5300
1622683098091000,1,0.05962068,37533.6100
1622683101450000,0,0.19985028,37541.8500
1622683129781000,1,0.02511771,37553.5000
1622683198022000,1,0.01938687,37536.5100
1622683202535000,0,0.00374000,37539.1100
1622683217816000,0,0.00070000,37540.1000
1622683217816000,0,0.01224000,37544.9200
1622683227729000,1,0.10000000,37536.1400
1622683229851000,0,0.01019000,37553.7700
1622683253529000,1,0.12647205,37524.5500
1622683257574000,0,0.00650650,37525.8800
1622683266479000,1,0.19987361,37514.2000
1622683266479000,1,0.40200000,37514.2000
1622683266479000,1,0.33311266,37510.1100
1622683266479000,1,0.46178305,37509.0600
1622683266479000,1,0.03772588,37508.5400
1622683266479000,1,0.33312268,37508.4200
1622683266479000,1,0.67970428,37507.9500
1622683266479000,1,0.66131209,37507.9400
1622683266479000,1,0.68685828,37507.9300
1622683266479000,1,0.02937106,37507.3600
1622683266479000,1,0.32059693,37505.3700
1622683267138000,1,0.19987000,37514.2000
1622683286696000,0,0.29976174,37525.4600
1622683288463000,1,0.11724724,37519.3500
1622683289455000,0,0.00159000,37525.4600
1622683292441000,1,0.14578652,37512.1400
1622683298189000,1,0.05221000,37512.1400
1622683309288000,0,0.00255000,37519.0600
1622683332309000,0,0.00200000,37515.6800
1622683335022000,1,0.00000348,37512.1400
1622683335324000,0,0.00100000,37513.1800
1622683336277000,0,0.02500000,37516.2000
1622683343246000,0,0.00258000,37506.5800
1622683343263000,0,0.01100000,37506.5800
1622683344294000,0,0.01100000,37510.4900
1622683345298000,0,0.00100000,37515.6700
1622683346266000,0,0.03092714,37515.6700
1622683346266000,0,0.00207286,37519.3700
1622683349263000,0,0.00700000,37519.3700
1622683352908000,1,0.02000000,37517.6700
1622683354627000,1,0.01500000,37511.4000
1622683358285000,0,0.03600000,37510.7900
1622683360284000,0,0.00500000,37513.4100
1622683366782000,0,0.19997076,37519.1100
1622683366799000,0,0.37976944,37519.9100
1622683366818000,0,0.10231118,37519.9100
1622683366818000,0,0.10181015,37519.9100
1622683368511000,1,0.17580000,37506.4400
1622683368511000,1,0.03000000,37506.4300
1622683368631000,1,0.03000000,37497.9000
1622683368763000,1,0.26660526,37502.8600
1622683368763000,1,0.04040081,37497.0800
1622683368779000,1,0.13446807,37504.8900
1622683368875000,1,0.06548587,37504.8900
1622683370274000,0,0.00178000,37496.5600
1622683373047000,1,0.15186931,37477.1200
1622683393298000,0,0.01147047,37489.0900
1622683393298000,0,0.04352953,37491.2100
1622683395308000,0,0.03700000,37494.3900
1622683396310000,0,0.01900000,37501.1400
1622683398331000,1,0.00400000,37499.1400
1622683403307000,0,0.03000000,37492.1300
1622683404327000,0,0.03400000,37492.1300
1622683404857000,0,0.09956142,37501.2700
1622683404857000,0,0.37654115,37501.2700
1622683404930000,0,0.10487539,37501.2700
1622683404945000,0,0.17902204,37501.2700
1622683404945000,0,0.02186141,37501.4800
1622683404947000,0,0.07720981,37501.4800
1622683405336000,0,0.02800000,37508.8800
1622683405559000,0,0.06600000,37508.8800
1622683405739000,1,0.19997672,37499.1900
1622683405897000,1,0.16289840,37499.1900
1622683405899000,1,0.11198111,37499.1900
1622683405951000,0,0.04100000,37508.8800
1622683405967000,1,0.08516705,37499.1900
1622683406273000,0,0.08900000,37508.8800
1622683406318000,0,0.00400000,37508.8800
1622683406701000,0,0.03600000,37508.8700
1622683407322000,0,0.02300000,37508.8800
1622683407720000,0,0.00200000,37508.8800
1622683408315000,0,0.01100000,37508.8800
1622683409295000,0,0.02600000,37508.8800
1622683410310000,0,0.01800000,37508.8800
1622683411331000,0,0.01500000,37508.8800
1622683411614000,0,0.17700000,37508.8800
1622683413229000,0,0.11829592,37506.5200
1622683415295000,0,0.03100000,37515.9500
1622683417396000,0,0.01100000,37520.9100
1622683419331000,0,0.02700000,37520.9100
1622683434250000,0,0.10255779,37521.8800
1622683435624000,0,0.10802444,37521.8800
1622683450455000,1,0.18162250,37513.8500
1622683472059000,0,0.11428259,37521.8800
1622683472073000,0,0.17513518,37521.8800
1622683472573000,0,0.00600000,37522.0500
1622683486793000,0,0.00700000,37531.4300
1622683486793000,0,0.00047000,37538.5500
1622683489148000,0,0.00100000,37538.5500
1622683503159000,0,0.00100000,37526.1300
1622683516027000,0,0.00133000,37530.2500
1622683522492000,0,0.00157880,37532.5300
1622683529884000,1,0.08523356,37505.2000
1622683537090000,0,0.03745304,37509.6400
1622683537090000,0,0.00334696,37518.9300
1622683544220000,0,0.00265000,37515.5900
1622683545281000,0,0.00629000,37515.4800
1622683562213000,0,0.00510000,37529.9800
1622683607250000,1,0.09209504,37490.9400
1622683637014000,0,0.09209504,37506.2100
1622683650785000,0,0.20001742,37511.0100
1622683650839000,0,0.09491901,37511.6200
1622683655117000,0,0.03499835,37527.5500
1622683655117000,0,0.04530165,37533.8700
1622683673675000,0,0.00510000,37522.1600
1622683677463000,0,0.00150000,37530.6500
1622683677463000,0,0.11120000,37530.6600
1622683697983000,0,0.10048093,37529.8500
1622683698044000,0,0.09943013,37529.8500
1622683711453000,0,0.00306000,37523.6600
1622683730226000,0,0.06400000,37518.5200
1622683732258000,0,0.03100000,37518.5200
1622683732576000,1,0.23286984,37505.6200
1622683736246000,0,0.02000000,37518.5000
1622683737205000,0,0.01800000,37518.3300
1622683738227000,0,0.01700000,37518.3300
1622683739227000,0,0.01700000,37518.3300
1622683740291000,0,0.01800000,37518.3300
1622683743226000,0,0.02000000,37518.0600
1622683744238000,0,0.01700000,37514.2900
1622683745224000,0,0.00500000,37513.9100
1622683746207000,0,0.02880343,37513.9100
1622683746207000,0,0.00219657,37514.2900
1622683747199000,0,0.01600000,37514.1700
1622683747471000,1,0.08842540,37498.5200
1622683748240000,0,0.00800000,37514.1400
1622683753239000,0,0.04000000,37497.7900
1622683754223000,0,0.00300000,37505.1400
1622683757170000,1,0.02200000,37502.0600
1622683765318000,0,0.00638000,37505.1400
1622683772462000,0,0.00265000,37493.7500
1622683779740000,0,0.01288000,37502.4100
1622683783232000,0,0.01301000,37501.6600
1622683801717000,0,0.00766000,37490.1700
1622683802278000,0,0.00191000,37488.9800
1622683802765000,0,0.19821146,37488.9800
1622683802765000,0,0.03478854,37489.4300
1622683803245000,0,0.00100000,37489.4300
1622683804154000,0,0.15085813,37481.0800
1622683804154000,0,0.03536237,37485.5200
1622683804154000,0,0.06177950,37486.3100
1622683804589000,0,0.00100000,37484.3900
1622683808954000,0,0.00100000,37472.9600
1622683825463000,1,0.06090020,37454.8400
1622683825614000,1,0.08989877,37454.3600
1622683828451000,0,0.02043000,37462.5000
1622683847970000,1,0.09026785,37436.4300
1622683852094000,0,0.00168000,37443.0800
1622683870885000,0,0.02927000,37423.0900
1622683874758000,1,0.00262140,37417.4300
1622683874840000,1,0.09882999,37407.7500
1622683874876000,1,0.10160030,37407.7500
1622683905513000,0,0.00141000,37401.8700
1622683912955000,0,0.01330000,37393.5600
1622683913175000,0,0.00768000,37393.5500
1622683916860000,0,0.03564438,37384.9900
1622683920916000,0,0.00128000,37408.7300
1622683942442000,1,0.00262139,37372.5900
1622683948434000,1,0.00000001,37372.5900
1622683948434000,1,0.00056493,37370.0000
1622683950671000,0,0.20081789,37361.9800
1622683954327000,1,0.49900087,37353.1400
1622683962210000,0,0.01600000,37359.5100
1622683965062000,1,0.00700000,37361.8600
1622683966193000,0,0.01700000,37364.6900
1622683966266000,1,0.02700000,37361.8000
1622683968198000,0,0.00300000,37362.9000
1622683969167000,0,0.03600000,37364.6900
1622683974163000,0,0.03000000,37364.6900
1622683977309000,0,0.11780085,37364.6900
1622683979175000,0,0.02200000,37374.7300
1622683979270000,0,0.02585000,37374.7300
1622683980206000,0,0.01600000,37364.8900
1622683983861000,0,0.04352000,37364.8900
1622683992144000,0,0.04800000,37384.4100
1622683993083000,0,0.00896000,37388.8800
1622683994859000,0,0.04140000,37386.4700
1622684010369000,0,0.13093005,37388.8800
1622684010469000,0,0.10136918,37388.8800
1622684010481000,0,0.25874077,37388.8800
1622684011451000,1,0.13658453,37379.9300
1622684029644000,0,0.00745000,37393.7500
1622684061353000,0,0.05270000,37387.9000
1622684067821000,1,0.04580000,37370.9300
1622684067821000,1,0.03223869,37367.6800
1622684067821000,1,0.00150000,37366.5600
1622684067821000,1,0.46905166,37366.5400
1622684067821000,1,0.68791568,37366.5300
1622684067918000,0,0.38817561,37366.5300
1622684081247000,0,0.20067808,37383.7100
1622684081247000,0,0.03232192,37385.4000
1622684081642000,0,0.00100000,37385.4000
1622684087934000,0,0.20067808,37383.7100
1622684088073000,0,0.20067808,37383.7100
1622684088073000,0,0.33448275,37386.9800
1622684088130000,0,0.24000000,37392.7800
1622684088408000,0,0.00100000,37393.7500
1622684088725000,0,0.03342684,37386.8500
1622684096509000,0,0.03655000,37393.7500
1622684101547000,0,0.00448000,37403.0900
1622684103557000,0,0.04052000,37403.0900
1622684108581000,0,0.06100000,37412.4300
1622684110085000,0,0.05800000,37421.7700
1622684110660000,0,0.00846000,37425.5300
1622684110847000,0,0.04300000,37431.1100
1622684112322000,0,0.06200000,37440.4500
1622684112950000,0,0.03187000,37436.8000
1622684112961000,0,0.00000262,37436.8000
1622684114372000,0,0.03017495,37442.9900
1622684114372000,0,0.03674213,37443.7100
1622684114372000,0,0.34308292,37454.4100
1622684114381000,0,0.09000000,37454.4100
1622684118068000,0,0.56200000,37456.0700
1622684118068000,0,0.00150000,37459.2600
1622684118068000,0,0.64775701,37461.8100
1622684124254000,0,0.01091442,37448.6000
1622684134586000,0,0.00511000,37448.6000
1622684143255000,0,0.06827552,37449.2800
1622684146359000,1,0.02010000,37431.6500
1622684171791000,0,0.10034433,37449.9800
1622684171839000,0,0.08825212,37449.9800
1622684171850000,0,0.11372862,37452.0200
1622684172175000,0,0.00600000,37459.8800
1622684172175000,0,0.00197000,37464.1500
1622684186475000,1,0.18000000,37454.1000
1622684201636000,0,0.05312000,37468.2900
1622684219371000,0,0.20032179,37454.1400
1622684219371000,0,0.26710384,37454.4500
1622684223682000,1,0.33385915,37428.3200
1622684223683000,1,0.03000000,37426.1000
1622684223683000,1,0.20000000,37424.6100
1622684223696000,1,0.00072646,37421.0800
1622684223696000,1,0.36500000,37421.0700
1622684223801000,1,0.20030366,37435.7800
1622684223817000,1,0.33385027,37428.6200
1622684224101000,1,0.00072646,37419.1200
1622684224101000,1,0.30856774,37419.1100
1622684225216000,0,0.03000000,37419.5700
1622684225216000,0,0.00376072,37419.5800
1622684228883000,0,0.02815624,37423.4600
1622684235733000,0,0.00307000,37420.7900
1622684238357000,0,0.00123000,37420.8000
1622684238418000,1,0.00531536,37412.7200
1622684242262000,1,0.03748688,37403.6000
1622684242262000,1,0.03384292,37403.3600
1622684242262000,1,0.17867020,37395.0500
1622684252212000,0,0.01986000,37427.4300
1622684261273000,0,0.10492070,37427.4300
1622684265470000,0,0.00153000,37438.5900
1622684272855000,1,0.02100000,37426.7900
1622684272855000,1,0.03586777,37426.7800
1622684272855000,1,0.21323881,37422.3700
1622684281615000,0,0.02555000,37444.8300
1622684284965000,0,0.01369000,37444.8300
1622684288065000,0,0.07944000,37450.7400
1622684291343000,0,0.00000856,37450.7400
1622684291343000,0,0.00127144,37457.7500
1622684303520000,0,0.20028351,37462.0800
1622684303520000,0,0.06819784,37462.0800
1622684305650000,0,0.10410000,37462.0800
1622684319104000,1,0.03915865,37454.4300
1622684319104000,1,0.01784164,37443.1800
1622684339080000,0,0.00128000,37459.3900
1622684349254000,0,0.00700000,37462.2400
1622684349254000,0,0.00066000,37465.4500
1622684349959000,0,0.20023319,37469.8400
1622684349969000,0,0.11937394,37470.3000
1622684358889000,0,0.02703812,37467.6200
1622684362990000,1,0.11121306,37449.1800
1622684369552000,0,0.00435071,37444.0500
1622684389661000,0,0.01149000,37459.7200
1622684394340000,0,0.03186322,37448.8800
1622684394354000,0,0.35000000,37448.8800
1622684394443000,0,0.11813678,37448.8800
1622684470790000,0,0.00100000,37418.8500
1622684471165000,0,0.01700000,37411.9100
1622684472136000,0,0.01400000,37413.4700
1622684473116000,0,0.01100000,37414.0800
1622684473987000,0,0.00205000,37413.5500
1622684475704000,1,0.25951293,37398.5700
1622684475704000,1,0.19010312,37398.4100
1622684476143000,0,0.03535479,37407.7500
1622684476143000,0,0.00164521,37412.1600
1622684476591000,1,0.08114632,37396.1700
1622684476593000,1,0.20051361,37393.2600
1622684479072000,0,0.00128000,37397.4200
1622684479706000,1,0.02200000,37393.7700
1622684481148000,0,0.03000000,37393.0800
1622684485112000,0,0.02900000,37395.1300
1622684486133000,0,0.00100000,37391.0400
1622684487141000,0,0.00600000,37391.0400
1622684488248000,1,0.03800000,37390.5900
1622684488447000,1,0.06536573,37386.6100
1622684491082000,1,0.01300000,37389.1700
1622684491152000,1,0.02900000,37389.1600
1622684492119000,0,0.01600000,37382.4400
1622684495135000,0,0.00300000,37393.7400
1622684496313000,1,0.01500000,37396.2100
1622684498150000,0,0.03597181,37392.6600
1622684498524000,1,0.00002819,37395.8200
1622684499168000,0,0.00800000,37394.9900
1622684506309000,0,0.00253000,37404.9000
1622684519940000,0,0.00196000,37406.0300
1622684544628000,1,0.09973770,37396.7100
1622684545748000,1,0.10082544,37396.7100
1622684550691000,1,0.00824132,37389.5200
1622684572472000,0,0.00422000,37397.2100
1622684616675000,1,0.02700000,37382.8400
1622684622210000,1,0.76000000,37365.1000
1622684622905000,1,0.03736169,37375.7600
1622684622911000,1,0.00000001,37375.7600
1622684624858000,0,0.17935690,37382.3200
1622684625085000,0,0.01200000,37391.2400
1622684625775000,0,0.00563000,37394.1400
1622684627046000,0,0.01100000,37394.1400
1622684629020000,0,0.00775000,37401.1000
1622684635071000,0,0.00700000,37408.8800
1622684636034000,0,0.02700000,37408.8800
1622684636899000,0,0.46600000,37408.8800
1622684637056000,0,0.00700000,37419.0100
1622684658999000,0,0.00102000,37432.8300
1622684692875000,0,0.02811000,37438.4300
1622684703874000,0,0.00383000,37417.1500
1622684712827000,1,0.00150000,37395.9900
1622684712827000,1,0.10965053,37395.9800
1622684717046000,1,0.03100000,37392.4000
1622684724888000,1,0.03293000,37355.7200
1622684760296000,0,0.00879000,37372.5100
1622684763081000,1,0.10000000,37368.9000
1622684767652000,0,0.00128000,37364.1100
1622684777446000,0,0.00256000,37360.3500
1622684779007000,1,0.09082800,37345.1800
1622684793439000,0,0.19815213,37348.5800
1622684850897000,0,0.00128000,37371.1400
1622684855939000,0,0.00129000,37382.4400
1622684875464000,0,0.76000000,37395.8100
1622684875464000,0,0.36846667,37395.8100
1622684875464000,0,0.11362319,37395.8400
1622684883071000,0,0.02047000,37384.4000
1622684889336000,0,0.19484423,37378.5800
1622684892433000,0,0.01919000,37397.7000
1622684916010000,0,0.02349000,37388.9500
1622684923686000,0,0.00100000,37389.5200
1622684933558000,1,0.26753079,37369.1300
1622684933717000,1,0.26753079,37369.1300
1622684935859000,0,0.16830245,37381.0300
1622684938503000,0,0.08435049,37386.1000
1622684948295000,0,0.01791000,37381.2300
1622684949094000,0,0.00155000,37386.2700
1622684964260000,0,0.00659000,37381.1000
1622684973439000,1,0.01517360,37365.9800
1622685004510000,0,0.00327000,37366.8700
1622685009369000,1,0.16100928,37351.0600
1622685034689000,0,0.00384000,37344.9700
1622685058083000,1,0.14185802,37336.7700
1622685058083000,1,0.06057434,37334.7400
1622685058083000,1,0.25938446,37334.3500
1622685058083000,1,0.20082878,37333.9100
1622685058083000,1,0.26776315,37333.9000
1622685058083000,1,0.03289041,37333.2800
1622685058083000,1,0.03000000,37330.2200
1622685058083000,1,0.50000000,37327.1500
1622685058083000,1,0.46714285,37327.0900
1622685058083000,1,0.63963356,37327.0900
1622685058083000,1,0.69070552,37327.0800
1622685058083000,1,0.48505192,37327.0700
1622685058083000,1,0.34740000,37326.9600
1622685058083000,1,0.10493119,37326.3800
1622685079843000,0,0.00725000,37348.8300
1622685092560000,0,0.00100000,37340.8500
1622685099556000,0,0.00100000,37346.9100
1622685118518000,1,0.11433070,37328.6900
1622685125427000,1,0.22566930,37328.6900
1622685125427000,1,0.05785707,37328.6900
1622685125457000,1,0.10223772,37328.6900
1622685125491000,1,0.05790521,37328.6900
1622685125579000,1,0.16014293,37328.6900
1622685125799000,1,0.03393919,37328.6900
1622685132734000,0,0.16456657,37326.2200
1622685132738000,0,0.01928571,37326.2200
1622685133278000,0,0.00142000,37336.2300
1622685133594000,1,0.10000000,37315.3900
1622685133594000,1,0.40000000,37314.8900
1622685145712000,0,0.76000000,37331.7100
1622685163298000,0,0.04971118,37320.3700
1622685181405000,0,0.00147000,37328.3400
1622685188018000,0,0.01281000,37325.6100
1622685204950000,1,0.02160000,37300.0100
1622685204950000,1,0.00056492,37300.0000
1622685204950000,1,0.20102374,37298.7100
1622685204950000,1,0.27681134,37298.3100
1622685205971000,0,0.00769000,37312.8300
1622685214559000,0,0.00513000,37313.1000
1622685232003000,1,0.08976514,37298.5500
1622685248923000,0,0.00129000,37315.9100
1622685253875000,1,0.00551015,37294.4500
1622685254343000,1,0.00531344,37294.4500
1622685257331000,1,0.09271027,37287.7000
1622685257647000,1,0.14217696,37281.9900
1622685257670000,1,0.19295964,37281.9900
1622685257670000,1,0.08009625,37278.8900
1622685257670000,1,0.53599707,37278.8200
1622685257738000,1,0.09143972,37281.9900
1622685257757000,1,0.09233687,37281.9900
1622685257920000,1,0.42159284,37271.9500
1622685258424000,1,0.01000000,37270.0000
1622685259235000,1,0.03435552,37259.1900
1622685259243000,1,0.00000001,37259.1900
1622685259257000,0,0.03000000,37269.8400
1622685259257000,0,0.00831290,37277.8100
1622685259344000,1,0.50000000,37250.0000
1622685259344000,1,0.31771140,37250.0000
1622685259344000,1,0.00055000,37250.0000
1622685259353000,1,0.00056491,37240.0000
1622685259519000,1,0.04963045,37247.9400
1622685259623000,1,0.07410314,37271.8600
1622685259676000,1,0.00150000,37267.0000
1622685260028000,1,0.07260493,37265.2300
1622685260068000,1,0.14563455,37248.5200
1622685260068000,1,0.06456666,37244.7500
1622685260072000,0,0.03000000,37265.2900
1622685260072000,0,0.03931005,37265.3000
1622685260227000,0,0.03000000,37265.2900
1622685260227000,0,0.03299284,37265.3000
1622685260374000,0,0.06554333,37265.3000
1622685260440000,0,0.03526675,37265.3000
1622685260824000,0,0.58688703,37265.3000
1622685261002000,0,0.03871659,37273.0200
1622685261310000,0,0.20127545,37273.5600
1622685261339000,0,0.15781563,37275.9900
1622685262206000,0,0.23300000,37282.2300
1622685263387000,0,0.00100000,37287.4300
1622685263783000,1,0.01000000,37275.7100
1622685263868000,0,0.01140000,37287.4300
1622685264521000,1,0.02000000,37275.7100
1622685264590000,1,0.07260000,37269.0700
1622685266235000,0,0.03325248,37282.0100
1622685275151000,0,0.00667000,37316.6900
1622685283749000,0,0.03785000,37309.8200
1622685284159000,0,0.57013000,37317.3500
1622685285294000,0,0.03422000,37313.3300
1622685285377000,0,0.00000280,37313.3300
1622685285377000,0,0.00000159,37317.3500
1622685285377000,0,0.05234561,37318.1100
1622685288103000,1,0.55005419,37311.5300
1622685288562000,0,0.13236000,37331.3800
1622685289705000,1,0.20088787,37321.7900
1622685289705000,1,0.03000000,37319.2800
1622685289705000,1,0.20348167,37318.0800
1622685296713000,0,0.02777160,37309.0900
1622685297009000,0,0.05410790,37309.0900
1622685304153000,0,0.00100000,37325.8400
1622685305941000,1,0.03958137,37311.2300
1622685310454000,0,0.03581000,37325.8400
1622685310537000,0,0.00000006,37325.8400
1622685311607000,1,0.50000000,37319.0100
1622685323979000,0,0.00000565,37331.3800
1622685323979000,0,0.01280435,37336.9600
1622685331827000,1,0.07726000,37324.4700
1622685345341000,0,0.00512000,37327.1400
1622685352148000,0,0.00215000,37312.5400
1622685352929000,0,0.00700000,37312.5400
1622685358996000,0,0.01000000,37306.3000
1622685360732000,0,0.76000000,37302.5000
1622685360861000,0,0.26812768,37304.3600
1622685360861000,0,0.26812768,37304.3700
1622685360861000,0,0.14623816,37305.4200
1622685364939000,0,0.01600000,37312.2600
1622685367516000,1,0.02300000,37313.8000
1622685367949000,0,0.02000000,37317.3400
1622685368912000,0,0.03846000,37317.3400
1622685371947000,0,0.01700000,37317.3400
1622685372979000,0,0.00300000,37317.3400
1622685373562000,1,0.01800000,37314.1700
1622685373630000,1,0.00800000,37313.8800
1622685373630000,1,0.00500000,37313.8000
1622685374538000,1,0.01600000,37306.5500
1622685374942000,0,0.00400000,37306.9300
1622685375945000,0,0.03200000,37308.9900
1622685378232000,1,0.00600000,37303.7600
1622685390950000,0,0.03923000,37302.5700
1622685393662000,1,0.01729212,37281.3300
1622685418670000,1,0.03127666,37281.0800
1622685418670000,1,0.02999056,37276.7100
1622685418670000,1,0.06552600,37273.6000
1622685418670000,1,0.76000000,37273.5600
1622685418670000,1,0.00150000,37271.7100
1622685418670000,1,0.38209931,37271.7000
1622685418670000,1,0.27618583,37271.6900
1622685418670000,1,0.45342164,37270.9500
1622685430756000,1,0.30960000,37278.5500
1622685440599000,0,0.01200000,37299.0500
1622685442974000,0,0.00277000,37299.0500
1622685443596000,0,0.00400000,37299.0500
1622685444650000,0,0.00500000,37299.0500
1622685446594000,0,0.00600000,37299.0500
1622685447581000,1,0.00300000,37297.0100
1622685447864000,0,0.01000000,37299.0400
1622685447911000,0,0.01000000,37299.0400
1622685451577000,0,0.00400000,37292.9600
1622685453614000,0,0.00500000,37293.9700
1622685454626000,0,0.00500000,37300.4900
1622685454694000,0,0.20000000,37300.4900
1622685457593000,0,0.00800000,37295.1400
1622685466667000,1,0.20511582,37281.1200
1622685496948000,0,0.00600000,37297.2600
1622685500674000,0,0.00600000,37302.9000
1622685500932000,0,0.01700000,37309.5200
1622685505074000,0,0.00539989,37323.3100
1622685505923000,1,0.15501645,37309.2400
1622685512932000,0,0.03000000,37326.2100
1622685512948000,0,0.00131000,37326.2100
1622685517427000,1,0.20093131,37313.4300
1622685541687000,0,0.00115000,37326.9500
1622685580418000,0,0.00129000,37300.6300
1622685584197000,0,0.00800000,37300.6300
1622685597957000,0,0.02052000,37299.5500
1622685600682000,1,0.04504556,37284.2200
1622685601109000,1,0.04685513,37275.8500
1622685601109000,1,0.00136548,37273.8100
1622685601109000,1,0.15177939,37273.6100
1622685602113000,1,0.03000000,37273.6200
1622685602571000,1,0.03000000,37268.1800
1622685603352000,1,0.02779935,37267.4200
1622685603353000,1,0.00000001,37267.4200
1622685608339000,1,0.03366000,37242.4200
1622685622157000,1,0.20129085,37247.9600
1622685624049000,0,0.04674000,37259.0000
1622685624158000,0,0.00526114,37259.0000
1622685651245000,0,0.00152000,37252.6900
1622685657483000,1,0.11502534,37242.8700
1622685657488000,0,0.00385000,37250.7900
1622685657916000,0,0.12165000,37257.4100
1622685683510000,0,0.02569000,37252.3800
1622685692726000,0,0.06140929,37256.8700
1622685692726000,0,0.03140790,37259.4000
1622685692726000,0,0.15718281,37259.4100
1622685696086000,0,0.00801000,37258.7100
1622685703434000,0,0.00257000,37256.4100
1622685721055000,1,0.00452428,37238.3700
1622685721055000,1,0.11959081,37237.1100
1622685721077000,1,0.14885654,37237.1100
1622685721144000,1,0.09431444,37235.7300
1622685721178000,1,0.14715851,37235.7300
1622685722567000,0,0.02345721,37224.2600
1622685727137000,0,0.00214000,37221.7100
1622685728515000,0,0.00779000,37221.6300
1622685728552000,1,0.17790917,37207.7500
1622685728554000,1,0.21945706,37207.7500
1622685728555000,1,0.00724060,37207.7500
1622685729597000,1,0.00069891,37201.0000
1622685729597000,1,0.12148799,37200.0200
1622685729597000,1,0.06038575,37200.0000
1622685729597000,1,0.03267377,37199.2200
1622685729597000,1,0.00452428,37193.7300
1622685729597000,1,0.00108425,37192.7000
1622685729597000,1,0.27914505,37190.5600
1622685734736000,0,0.52044524,37229.7400
1622685736279000,0,0.06000000,37233.2900
1622685739035000,1,0.03000000,37231.1500
1622685739035000,1,0.05657534,37231.1400
1622685739046000,1,0.13864765,37231.1400
1622685739089000,1,0.14377292,37231.1400
1622685739973000,1,0.16100409,37231.1400
1622685740293000,0,0.00000123,37233.2900
1622685740293000,0,0.00150000,37245.7300
1622685740293000,0,0.00132877,37245.7300
1622685767680000,0,0.20135411,37257.0300
1622685768721000,0,0.50000000,37258.8800
1622685769112000,0,0.00100000,37286.6200
1622685788694000,0,0.08381101,37288.8800
1622685788697000,0,0.08928881,37288.8800
1622685788727000,0,0.08243630,37288.8800
1622685788751000,0,0.13313915,37288.8800
1622685788835000,0,0.11132473,37288.8800
1622685789466000,0,0.03626000,37299.0500
1622685796748000,1,0.11912370,37290.1600
1622685796748000,1,0.76000000,37282.1900
1622685796748000,1,0.26716846,37282.1600
1622685796748000,1,0.20111130,37281.0900
1622685796748000,1,0.16020013,37276.8400
1622685801043000,0,0.00218000,37299.0900
1622685808734000,0,0.00266857,37298.6600
1622685818225000,0,0.04185000,37298.8000
1622685835367000,1,0.24125137,37284.9300
1622685835864000,1,0.17790000,37280.0200
1622685836765000,1,0.06915019,37271.6400
1622685842844000,0,0.00884100,37285.4100
1622685846268000,0,0.00160000,37283.5900
1622685851403000,1,0.10385077,37258.9100
1622685893997000,0,0.00400000,37287.3500
1622685910125000,1,0.08061311,37269.8200
1622685947089000,0,0.02567000,37269.2900
1622685979606000,0,0.03300000,37274.7800
1622685992104000,0,0.00257000,37293.5900
1622685997113000,0,0.00174000,37295.7800
1622686028328000,0,0.00472498,37283.0400
1622686042575000,0,0.20208062,37288.8800
1622686044419000,0,0.20213506,37288.8800
1622686044429000,0,0.09578432,37288.8800
1622686080053000,1,0.15302633,37298.7700
1622686080064000,1,0.11499895,37298.7700
1622686081759000,0,0.00385000,37305.2100
1622686096824000,0,0.00800000,37322.1600
1622686096996000,1,0.02200000,37317.2000
1622686113627000,0,0.11447705,37320.8400
1622686123793000,1,0.00586000,37310.8300
1622686126000000,0,0.00963695,37319.6100
1622686126000000,0,0.00897439,37319.6100
1622686141927000,0,0.00264000,37328.8300
1622686147535000,0,0.00127297,37313.0500
1622686149281000,0,0.00462000,37312.3400
1622686161521000,0,0.00241000,37312.3400
1622686191089000,0,0.10258000,37295.8200
1622686196663000,0,0.10566000,37299.3200
1622686207885000,1,0.14634430,37264.6300
1622686218074000,1,0.20135658,37232.9100
1622686218074000,1,0.67901737,37229.5100
1622686218074000,1,0.69391392,37229.5000
1622686218074000,1,0.47932007,37229.4800
1622686218074000,1,0.63584497,37229.4800
1622686227190000,1,0.00098000,37238.2400
1622686227489000,1,0.00002000,37238.2400
1622686229694000,0,0.03600000,37230.6500
1622686233230000,1,0.02000000,37229.1500
1622686235622000,1,0.01300000,37228.0800
1622686243027000,0,0.00162000,37232.7800
1622686246689000,0,0.01800000,37234.1900
1622686248718000,0,0.04700000,37241.1700
1622686251769000,0,0.01800000,37250.9500
1622686261902000,1,0.01300000,37238.3300
1622686262102000,1,0.01700000,37238.3300
1622686262102000,1,0.00700000,37233.0500
1622686262701000,0,0.02800000,37240.1600
1622686269565000,0,0.00534000,37260.0500
1622686271805000,0,0.02100000,37243.2300
1622686272955000,0,0.02300000,37246.0800
1622686278887000,1,0.01800000,37259.9100
1622686278970000,1,0.04900000,37259.9100
1622686279058000,1,0.03400000,37259.9100
1622686290860000,0,0.00259000,37304.5400
1622686304493000,0,0.00513000,37315.1300
1622686333650000,0,0.00400000,37323.0100
1622686337248000,1,0.00135464,37302.7700
1622686353725000,0,0.01000000,37298.8000
1622686367089000,0,0.00205000,37298.8000
1622686383736000,0,0.00256000,37299.9700
1622686385070000,0,0.00256000,37299.9700
1622686393419000,0,0.02589000,37304.0800
1622686400474000,0,0.00154000,37308.4100
1622686430716000,0,0.00131000,37313.1800
1622686451536000,0,0.12600600,37313.0000
1622686451546000,0,0.07506723,37313.0000
1622686451546000,0,0.26811595,37313.9600
1622686464780000,0,0.03455907,37310.0100
1622686464780000,0,0.04278101,37318.0500
1622686478704000,0,0.08414482,37323.1200
1622686498838000,0,0.01282000,37325.3800
1622686507558000,0,0.06473000,37308.5800
1622686514829000,1,0.06996912,37289.1900
1622686522555000,0,0.03922000,37321.4600
1622686533353000,0,0.00266839,37328.8800
1622686537377000,0,0.08174894,37328.8800
1622686537499000,0,0.41558000,37328.8800
1622686537594000,0,0.00000267,37328.8800
1622686546554000,0,0.02672161,37329.7100
1622686564598000,1,0.09518110,37316.8500
1622686573466000,0,0.01282000,37326.8800
1622686605982000,0,0.13170230,37355.8800
1622686611082000,0,0.36829770,37355.8800
1622686612533000,1,0.13735413,37343.4300
1622686612553000,1,0.08572244,37343.4300
1622686612605000,1,0.12087481,37343.4300
1622686622795000,0,0.76000000,37344.1800
1622686622795000,0,0.67693698,37344.5800
1622686622795000,0,0.20090579,37344.5900
1622686622795000,0,0.66465360,37347.2300
1622686622795000,0,0.49595060,37347.2400
1622686622795000,0,0.76000000,37347.2400
1622686622795000,0,0.48874456,37349.3900
1622686622795000,0,0.03000000,37349.4000
1622686622795000,0,0.69197489,37349.6600
1622686622795000,0,0.33485313,37349.6700
1622686622795000,0,0.33485313,37349.6900
1622686622795000,0,0.03062819,37351.2900
1622686622795000,0,0.03049913,37352.1100
1622686639775000,1,0.00134960,37341.9000
1622686669809000,1,0.01991000,37364.7700
1622686675188000,1,0.00000565,37364.7700
1622686675188000,1,0.04999435,37364.7700
1622686675188000,1,0.00000565,37364.7700
1622686698396000,0,0.02561000,37352.9100
1622686710937000,0,0.20080738,37362.7800
1622686710937000,0,0.27238964,37362.7800
1622686710937000,0,0.33472843,37362.8300
1622686710937000,0,0.47373621,37368.1000
1622686710937000,0,0.50631194,37368.1000
1622686736594000,0,0.20085386,37355.1600
1622686736684000,0,0.03000000,37358.6300
1622686736684000,0,0.05054007,37360.5600
1622686753085000,0,0.02636000,37368.3200
1622686766154000,0,0.09081701,37370.5400
1622686766180000,0,0.10995821,37370.5400
1622686774149000,0,0.00512000,37364.7000
1622686778721000,0,0.01331000,37368.4600
1622686786554000,1,0.00070000,37354.0700
1622686788537000,1,0.00135500,37354.5200
1622686790236000,1,0.00200900,37354.5200
1622686791941000,1,0.00266400,37354.5400
1622686793623000,1,0.00331900,37356.4400
1622686795291000,1,0.00397300,37354.5200
1622686814268000,0,0.00128000,37356.0000
1622686818812000,1,0.00150000,37346.8400
1622686818812000,1,0.11490735,37346.8300
1622686818842000,1,0.10800220,37346.8300
1622686818873000,1,0.11167651,37346.8300
1622686818944000,1,0.33458000,37346.8300
1622686822040000,1,0.00150000,37334.1100
1622686834473000,0,0.00179000,37338.2800
1622686849276000,0,0.00128000,37316.2400
1622686860710000,0,0.02500000,37334.6600
1622686860795000,0,0.13838022,37342.0700
1622686863462000,0,0.00393000,37343.7700
1622686865958000,1,0.00137776,37333.6500
1622686868935000,0,0.00567000,37343.9900
1622686870681000,0,0.00769000,37343.9900
1622686882881000,0,0.02231000,37343.9900
1622686914333000,0,0.00033000,37343.9900
1622686914333000,0,0.00362100,37351.2300
1622686921190000,0,0.00103000,37353.3200
1622686946903000,0,0.00400000,37353.3200
1622686957976000,0,0.00133000,37353.3200
1622686959796000,0,0.00377000,37353.3200
1622686985309000,0,0.00543000,37348.4500
1622686992431000,0,0.03318408,37348.4500
1622686992431000,0,0.02009592,37353.3200
1622687025174000,1,0.03921000,37345.6800
1622687029564000,0,0.00177408,37353.3200
1622687029564000,0,0.00334800,37356.0000
1622687029564000,0,0.00150000,37360.3700
1622687029564000,0,0.01258792,37361.7800
1622687042192000,0,0.18822498,37361.7800
1622687042203000,0,0.02800000,37362.6500
1622687042203000,0,0.00528300,37364.0000
1622687042203000,0,0.33473759,37364.2200
1622687042353000,0,0.20081290,37361.7800
1622687053237000,1,0.08615098,37354.0900
1622687060222000,0,0.00384000,37363.5600
1622687065377000,0,0.00646000,37363.5600
1622687066158000,1,0.00125496,37355.7200
1622687066664000,0,0.01800000,37358.7200
1622687067681000,0,0.00700000,37358.7200
1622687068108000,1,0.02174000,37355.7200
1622687070404000,1,0.00000504,37355.7200
1622687078073000,0,0.00133000,37355.4000
1622687080660000,0,0.02888360,37348.3000
1622687080660000,0,0.00011640,37355.4000
1622687125035000,0,0.00131000,37368.7400
1622687137137000,0,0.02560000,37368.7400
1622687142391000,0,0.00238569,37368.7400
1622687144748000,1,0.00743763,37356.2200
1622687145234000,1,0.00308949,37356.2200
1622687148329000,0,0.09188754,37368.7400
1622687161483000,1,0.09086616,37347.0700
