timestamp ms,type,amount,price
1622937614933000,1,0.03103155,35490.3600
1622937615820000,1,0.15867208,35488.2200
1622937618068000,1,0.00361100,35469.8100
1622937620894000,1,0.19000000,35498.0500
1622937627142000,0,0.00381147,35490.3500
1622937634023000,0,0.01347000,35516.4200
1622937637456000,0,0.01471000,35525.3900
1622937644295000,0,0.30853694,35531.2400
1622937644764000,0,0.66666969,35539.5000
1622937644764000,0,0.02333031,35541.6600
1622937645764000,0,0.07000000,35542.9300
1622937648764000,1,0.03609009,35546.2400
1622937654227000,0,0.03404926,35546.3000
1622937654227000,0,0.01005074,35558.6800
1622937657409000,0,0.03196970,35548.6700
1622937657409000,0,0.05104074,35558.8800
1622937657424000,0,0.35130000,35559.3800
1622937657424000,0,0.21100471,35563.2500
1622937657424000,0,0.28135201,35563.8100
1622937657424000,0,0.09789849,35564.1800
1622937661983000,0,0.34030036,35572.6400
1622937662614000,0,0.34477506,35572.6400
1622937662704000,0,0.02244555,35572.6400
1622937662806000,0,0.30530967,35572.6400
1622937663039000,0,0.27976047,35572.6400
1622937663080000,0,0.05854904,35572.6400
1622937663998000,0,0.41802362,35572.6400
1622937664016000,0,0.18566010,35572.6400
1622937664127000,0,0.60405780,35572.6400
1622937664908000,0,0.66297207,35572.6400
1622937664950000,0,0.42125070,35572.6400
1622937664951000,0,0.09115377,35572.6400
1622937665168000,0,0.44492217,35572.6400
1622937665408000,0,1.01889471,35572.6400
1622937667088000,0,0.00083333,35579.4000
1622937667088000,0,0.12916667,35584.7500
1622937667149000,0,0.00574084,35584.7500
1622937667403000,0,0.10000000,35590.6400
1622937668756000,0,0.00627744,35590.6400
1622937668756000,0,0.00970312,35597.2100
1622937685267000,1,0.00519807,35599.3300
1622937689902000,0,0.00275000,35614.0300
1622937703384000,0,0.02713000,35606.4100
1622937709189000,0,0.00083333,35622.1000
1622937709234000,0,0.35101405,35629.4600
1622937715373000,0,0.00136000,35619.9400
1622937724678000,0,0.03519500,35622.0100
1622937727440000,1,0.11088570,35604.2300
1622937727465000,1,0.00080067,35604.2300
1622937736454000,0,0.00419000,35620.8100
1622937745934000,0,0.08913054,35601.3200
1622937747549000,1,0.07200000,35594.9700
1622937748664000,1,0.02821237,35577.0700
1622937748670000,1,0.21071797,35577.9600
1622937748670000,1,0.32293106,35577.0700
1622937748670000,1,0.35121961,35569.4800
1622937748670000,1,0.10000000,35569.0600
1622937748670000,1,0.03000000,35568.5600
1622937748670000,1,0.12125930,35564.9600
1622937748670000,1,0.70647206,35561.1000
1622937749073000,1,0.08297063,35562.6100
1622937749073000,1,2.12702937,35561.1000
1622937750300000,1,0.10000000,35561.1000
1622937753075000,1,0.11102407,35561.1000
1622937753089000,1,0.09753916,35561.1000
1622937753147000,1,0.22943465,35561.1000
1622937753393000,1,1.91000000,35561.1000
1622937753812000,1,0.99922340,35561.1000
1622937753865000,1,0.26549891,35561.1000
1622937753866000,1,0.14824361,35561.1000
1622937754015000,1,0.23730144,35561.1000
1622937754016000,1,0.99920604,35561.1000
1622937754025000,1,0.58922354,35561.1000
1622937754062000,1,0.27518680,35561.1000
1622937754101000,1,0.46356424,35561.1000
1622937754104000,1,0.70351948,35561.1000
1622937754106000,1,0.00953323,35561.1000
1622937755199000,0,0.03425506,35551.3000
1622937757643000,1,0.03625749,35532.5200
1622937757734000,1,0.00000001,35532.5200
1622937761538000,0,0.03765901,35517.6000
1622937763142000,1,0.03547409,35517.5100
1622937763283000,0,0.03371874,35516.5000
1622937763706000,0,0.02988924,35516.5000
1622937764118000,0,0.11761000,35516.5000
1622937765631000,1,0.08060000,35495.8100
1622937765631000,1,0.00721513,35495.3100
1622937765631000,1,0.00083333,35494.1700
1622937765631000,1,0.00730566,35493.0100
1622937765637000,1,0.00000001,35493.0100
1622937766316000,1,0.44599999,35490.2400
1622937766364000,1,0.00000001,35490.2400
1622937774417000,0,0.08568668,35491.3000
1622937775112000,0,0.00275000,35503.4200
1622937775348000,0,0.41558539,35501.6400
1622937775352000,0,0.24817673,35501.6400
1622937775384000,0,0.11078609,35501.6400
1622937775387000,0,0.01545179,35501.6400
1622937775387000,0,0.07984807,35503.6900
1622937775420000,0,0.20000000,35501.6300
1622937775420000,0,0.19643850,35507.4800
1622937779097000,1,0.03221233,35513.6000
1622937784087000,0,0.03000000,35536.7700
1622937786543000,1,0.03089011,35531.2600
1622937791744000,0,0.00207339,35536.7700
1622937791745000,0,0.00004231,35536.7700
1622937792326000,0,0.00214750,35553.7900
1622937796599000,1,0.10000000,35536.0600
1622937798054000,1,0.08544229,35535.5600
1622937798166000,1,0.08845404,35528.5500
1622937799656000,1,0.17018901,35514.7300
1622937801589000,1,0.02255339,35509.4100
1622937801589000,1,0.23215507,35509.0000
1622937802758000,0,0.00579508,35518.1900
1622937812752000,0,0.00133085,35511.0900
1622937816657000,0,0.02666944,35511.0900
1622937823628000,1,0.99922626,35485.8300
1622937823633000,1,0.99916864,35485.8300
1622937823847000,1,0.14934915,35485.8300
1622937824009000,1,0.99909286,35485.8300
1622937824064000,1,0.99904186,35485.8300
1622937824101000,1,0.18330697,35485.8300
1622937824102000,1,0.46466484,35485.8300
1622937824371000,1,0.69800000,35478.6100
1622937826646000,0,0.00135000,35489.5700
1622937829998000,1,0.15494552,35485.6900
1622937835590000,1,0.00405969,35481.2100
1622937836936000,0,0.00809000,35487.1000
1622937838069000,0,0.00139271,35496.9200
1622937845911000,1,0.14447120,35490.5500
1622937845921000,1,0.10303024,35490.5500
1622937858886000,0,0.00180000,35492.4900
1622937865857000,0,0.00216000,35497.7000
1622937879910000,0,0.00911000,35499.2500
1622937885312000,0,0.00140000,35486.2900
1622937885464000,1,0.00221624,35478.8500
1622937885614000,1,0.01100359,35468.5400
1622937885614000,1,0.13611233,35466.1600
1622937889637000,1,0.16152814,35443.6800
1622937890976000,0,0.05876359,35460.6500
1622937893433000,0,0.00309282,35483.5700
1622937906208000,0,0.00272000,35474.2400
1622937916742000,0,0.11423193,35451.3100
1622937919095000,0,0.00100000,35472.4200
1622937921111000,0,0.00100000,35465.1100
1622937925914000,0,0.21150351,35475.4500
1622937928110000,0,0.00100000,35491.9600
1622937932134000,0,0.00200000,35500.3800
1622937948751000,0,0.09486759,35472.6000
1622937948752000,0,0.09990246,35472.6000
1622937948753000,0,0.43837811,35472.6000
1622937948753000,0,0.11076718,35472.6000
1622937950493000,0,0.03490268,35478.8400
1622937950493000,0,0.70410000,35479.3100
1622937950493000,0,0.79000000,35480.1900
1622937950493000,0,0.16750000,35481.4500
1622937950493000,0,0.46129004,35481.9600
1622937950493000,0,0.65618633,35481.9600
1622937950493000,0,0.07124413,35483.8800
1622937950493000,0,0.45854444,35484.1900
1622937950493000,0,8.20768498,35484.2000
1622937950665000,1,0.20675449,35460.6700
1622937963108000,0,0.02821885,35475.9900
1622937968175000,0,0.00150000,35470.9400
1622937968175000,0,0.00128000,35470.9500
1622937968517000,0,0.00216000,35470.9500
1622937972571000,1,0.07197000,35456.0600
1622937972781000,1,0.00000303,35456.0600
1622937972781000,1,0.09999697,35453.8800
1622937976528000,0,0.01238000,35463.3100
1622937981318000,0,0.00701000,35461.6800
1622937991822000,1,0.00700000,35457.3000
1622937992728000,0,0.00100000,35457.7000
1622937993713000,0,0.00200000,35455.7000
1622937997416000,1,0.00196000,35450.5800
1622937997427000,1,0.00004000,35450.5800
1622937999514000,1,0.00294000,35450.5800
1622937999544000,1,0.00006000,35450.5800
1622938001738000,0,0.00400000,35448.6800
1622938002661000,0,0.20765000,35448.6800
1622938002712000,0,0.00000784,35448.6800
1622938002712000,0,0.28218043,35454.7300
1622938002712000,0,0.00150000,35457.9600
1622938002769000,1,0.01639716,35445.2100
1622938005754000,0,0.00200000,35474.7200
1622938008731000,0,0.00100000,35479.4000
1622938009717000,0,0.00200000,35479.5000
1622938011726000,0,0.00300000,35476.5700
1622938014492000,0,0.34200000,35468.2900
1622938014539000,1,0.03338617,35468.1600
1622938014984000,0,0.01935000,35480.1300
1622938017714000,0,0.00100000,35483.7700
1622938020467000,0,0.00135000,35487.7200
1622938055137000,0,0.00533000,35477.3500
1622938063791000,0,0.00690000,35467.9600
1622938066812000,0,0.03344000,35466.1200
1622938078329000,0,0.00216000,35476.6900
1622938089124000,0,0.00650000,35478.5500
1622938089124000,0,0.04339000,35480.5400
1622938099925000,1,0.09461481,35468.0200
1622938099926000,1,0.17794356,35468.0200
1622938099932000,1,0.13569407,35468.0200
1622938099938000,1,0.09623795,35468.0200
1622938099940000,1,0.13807932,35468.0200
1622938099977000,1,0.14736226,35466.3400
1622938099978000,1,0.12802904,35466.3400
1622938111913000,0,0.08730000,35469.5900
1622938111913000,0,0.21152160,35469.6000
1622938111913000,0,0.44929640,35470.8100
1622938116334000,0,0.00324000,35469.6000
1622938131454000,0,0.01539864,35454.7400
1622938131454000,0,0.05160136,35462.1300
1622938132477000,0,0.03300000,35461.7700
1622938133460000,0,0.01500000,35461.7700
1622938138431000,0,0.02700000,35450.4700
1622938139438000,0,0.01700000,35450.4700
1622938143448000,0,0.02900000,35440.9900
1622938144434000,0,0.01700000,35440.9900
1622938145459000,0,0.00500000,35440.9900
1622938146433000,0,0.03000000,35440.9900
1622938147245000,0,0.13068000,35440.9900
1622938147447000,0,0.01900000,35446.7500
1622938165637000,0,0.01362000,35456.9400
1622938177001000,1,0.19389711,35443.6900
1622938186046000,0,0.00216000,35444.7200
1622938191445000,0,0.08000000,35446.0600
1622938195461000,0,0.02100000,35445.7400
1622938196462000,0,0.02100000,35443.5300
1622938197442000,0,0.02100000,35444.9500
1622938198459000,0,0.00800000,35445.6700
1622938200431000,0,0.03000000,35442.0200
1622938201444000,0,0.02600000,35441.9700
1622938202445000,0,0.00400000,35441.6800
1622938203434000,0,0.02977780,35437.8600
1622938204446000,0,0.02100000,35441.9600
1622938205115000,1,0.00822220,35440.3500
1622938205485000,0,0.01400000,35442.0500
1622938210449000,0,0.00100000,35441.5700
1622938210527000,0,0.16328165,35441.5700
1622938211544000,1,0.00100000,35480.0700
1622938212091000,0,0.01274882,35476.7700
1622938212665000,1,0.02100000,35487.0900
1622938212707000,1,0.02351469,35463.8500
1622938214535000,1,0.02600000,35473.8200
1622938215445000,0,0.02100000,35475.3200
1622938264672000,0,0.00175000,35484.5700
1622938264957000,1,0.01600000,35480.7100
1622938267837000,0,0.16000000,35479.4700
1622938267911000,0,0.19170000,35479.4700
1622938267911000,0,0.15830000,35480.5700
1622938270300000,1,0.02000000,35470.9500
1622938298193000,0,0.21152000,35470.1400
1622938306198000,0,0.21143734,35483.8000
1622938315275000,1,0.00294000,35476.2900
1622938315277000,1,0.00006000,35476.2900
1622938316444000,0,0.00300000,35474.5200
1622938319424000,0,0.00600000,35468.0000
1622938320411000,0,0.00300000,35468.0000
1622938322429000,0,0.00300000,35468.0000
1622938323432000,0,0.00400000,35468.0000
1622938323442000,0,0.09047633,35468.0000
1622938324430000,0,0.00300000,35468.0000
1622938325426000,0,0.00300000,35468.0000
1622938326422000,0,0.00300000,35468.0000
1622938327418000,0,0.00500000,35468.0000
1622938328431000,0,0.00200000,35468.0000
1622938329421000,0,0.00200000,35468.0000
1622938330426000,0,0.00500000,35468.0000
1622938332415000,0,0.00700000,35468.0000
1622938334592000,1,0.00400000,35467.0200
1622938334631000,1,0.25417034,35461.2300
1622938334676000,1,0.06682966,35461.2300
1622938334695000,1,0.01600000,35456.8700
1622938336218000,1,0.02834529,35450.7500
1622938336251000,1,0.03158814,35450.7500
1622938336276000,1,0.08359995,35450.7500
1622938338074000,0,0.21158639,35458.8500
1622938338518000,0,0.21156058,35463.8800
1622938338518000,0,0.07052440,35464.0500
1622938338642000,0,0.35257073,35470.9600
1622938341521000,0,0.00809000,35480.0200
1622938354761000,0,0.03000000,35463.6500
1622938354761000,0,0.03451000,35468.6400
1622938356498000,1,0.25600236,35450.7500
1622938361398000,1,0.01200000,35451.4600
1622938361398000,1,0.08871346,35450.7500
1622938361408000,1,0.13973752,35450.7500
1622938371187000,1,0.02451301,35450.7500
1622938381584000,0,0.11981238,35457.1300
1622938381766000,0,0.01415232,35452.5800
1622938381838000,0,0.09179327,35457.1300
1622938381838000,0,0.28214708,35458.1700
1622938389204000,0,0.00270000,35476.3400
1622938394064000,0,0.00258514,35462.2300
1622938403246000,0,0.09103910,35467.1200
1622938403270000,0,0.11051927,35467.1200
1622938413359000,0,0.00165000,35476.6800
1622938422956000,0,0.00155087,35461.3900
1622938426546000,0,0.08943255,35461.4400
1622938430021000,1,0.00800000,35456.3800
1622938430021000,1,0.00050027,35450.7500
1622938430021000,1,0.00800000,35446.6300
1622938430066000,1,0.12894568,35442.6100
1622938430118000,1,0.22359568,35442.6100
1622938451161000,0,0.21160000,35454.1000
1622938451187000,0,0.00000411,35454.1000
1622938458600000,0,0.08066990,35458.5300
1622938458600000,0,0.08271070,35458.5300
1622938462470000,0,0.21154744,35462.6600
1622938477767000,0,0.00216000,35461.9900
1622938494680000,0,0.00192242,35457.3800
1622938496321000,0,0.05397000,35457.3300
1622938497127000,1,0.00700000,35445.0400
1622938503430000,0,0.03298000,35453.0600
1622938515222000,0,0.00270000,35469.7900
1622938517347000,0,0.03128682,35470.7900
1622938522944000,0,0.00162000,35470.7900
1622938534905000,0,0.00124000,35470.8200
1622938535900000,0,0.21028252,35470.8200
1622938535906000,0,0.28203003,35472.7500
1622938536254000,0,0.00561000,35478.3700
1622938538995000,0,0.12990714,35476.5000
1622938539019000,0,0.08001917,35476.5000
1622938539043000,0,0.00156135,35476.5000
1622938539045000,0,0.08690304,35478.6200
1622938539045000,0,0.15573395,35478.6200
1622938539053000,0,0.03934307,35478.6200
1622938563779000,0,0.00809000,35477.8700
1622938565573000,0,0.00113000,35477.8700
1622938580580000,0,0.21148636,35474.1300
1622938580585000,0,0.35200000,35474.8700
1622938580598000,0,0.35247726,35479.5400
1622938580603000,0,0.03000000,35482.3000
1622938580615000,0,0.20000000,35488.4200
1622938580615000,0,0.35243582,35488.4300
1622938580727000,0,0.21760438,35476.1100
1622938580777000,0,0.08400000,35476.1100
1622938580791000,0,0.40279562,35476.1100
1622938580797000,0,0.20000000,35494.6800
1622938580797000,0,0.18242049,35494.6900
1622938580799000,0,0.38153550,35494.6900
1622938581053000,0,0.03418394,35497.4900
1622938581053000,0,0.08546177,35498.6900
1622938581723000,0,0.20200000,35512.4800
1622938582137000,0,0.06493658,35511.7700
1622938582624000,0,0.08054885,35523.0600
1622938583603000,0,0.06000000,35524.8700
1622938584635000,0,0.00771367,35531.8100
1622938585950000,0,0.02671530,35531.8100
1622938594970000,1,0.45000000,35517.2100
1622938595057000,1,0.08900000,35517.2100
1622938598994000,1,0.00800000,35517.0000
1622938603699000,0,0.47192000,35526.8000
1622938606396000,0,0.35120000,35542.7800
1622938606396000,0,0.70340000,35544.7500
1622938606396000,0,0.19586926,35544.8000
1622938623491000,0,0.19934000,35542.5900
1622938631103000,0,0.00135000,35567.7400
1622938633167000,0,0.00083334,35579.4000
1622938633167000,0,0.00053666,35582.4900
1622938672045000,0,0.00134000,35608.8400
1622938673532000,1,0.79000000,35604.0600
1622938678712000,0,0.01075000,35597.6900
1622938680573000,0,0.00140000,35609.7300
1622938685929000,0,0.12256385,35606.1200
1622938685942000,0,0.08813710,35606.1200
1622938689679000,0,0.00200000,35628.5900
1622938694661000,0,0.00100000,35620.9600
1622938699713000,0,0.00100000,35612.4800
1622938705703000,0,0.00100000,35611.4400
1622938707927000,0,0.00215000,35608.1600
1622938713331000,1,0.00100000,35601.2100
1622938713478000,1,0.00700000,35588.4400
1622938718178000,0,0.00215000,35590.5700
1622938729888000,0,0.01936477,35583.6900
1622938737707000,0,0.00242000,35598.1900
1622938751417000,0,0.01344000,35600.9700
1622938760412000,1,0.01387875,35576.0900
1622938763560000,0,0.00277000,35579.0300
1622938775796000,1,0.21076961,35573.7400
1622938775796000,1,0.35100000,35572.8200
1622938783079000,0,0.00139847,35574.5700
1622938783514000,0,0.00272000,35574.5700
1622938795932000,1,0.09797601,35554.2900
1622938795932000,1,0.16932569,35553.8900
1622938807272000,0,0.13209339,35557.0800
1622938807272000,0,0.00707544,35566.9000
1622938832240000,0,0.08148319,35578.1100
1622938837710000,1,0.12225816,35574.1900
1622938846466000,1,0.31300000,35574.1900
1622938846466000,1,0.05770694,35566.8500
1622938846599000,1,0.23438538,35566.8500
1622938846753000,1,0.14001802,35566.8500
1622938846782000,1,0.45888966,35566.8500
1622938847041000,1,0.17376034,35566.7900
1622938847086000,1,0.14212696,35566.7900
1622938847276000,1,0.58897000,35566.7900
1622938847350000,1,0.03448070,35566.7900
1622938850510000,0,0.00582000,35569.0500
1622938852110000,0,0.11694851,35569.0500
1622938852110000,0,0.02262149,35569.0500
1622938853256000,0,0.01582000,35569.0500
1622938858381000,0,0.00066667,35579.4000
1622938858381000,0,0.03033333,35586.5100
1622938862397000,0,0.01500000,35588.0600
1622938866208000,0,0.19580889,35588.0600
1622938866208000,0,0.70240000,35590.4800
1622938866208000,0,0.08354188,35590.5300
1622938866208000,0,0.69188942,35590.9700
1622938866208000,0,0.46473323,35590.9800
1622938866208000,0,0.66452723,35590.9900
1622938866208000,0,0.07064659,35591.0000
1622938866996000,0,0.00140000,35588.0600
1622938868357000,0,0.00300000,35599.5100
1622938869485000,1,0.03800000,35599.5300
1622938870386000,0,0.02200000,35599.8100
1622938871535000,0,0.00700000,35598.2500
1622938872339000,0,0.02673887,35598.2500
1622938872339000,0,0.00126113,35601.5500
1622938873394000,0,0.01100000,35600.4000
1622938874377000,0,0.01000000,35601.7100
1622938875390000,0,0.00400000,35595.9700
1622938875653000,0,0.00537000,35595.9700
1622938876350000,0,0.04300000,35595.0600
1622938877411000,0,0.00700000,35594.8200
1622938879478000,1,0.01800000,35592.2100
1622938879739000,0,0.00140000,35592.5200
1622938880418000,0,0.01400000,35592.6200
1622938881021000,1,0.03945600,35585.3700
1622938881021000,1,0.00407400,35585.3700
1622938881021000,1,0.03866674,35585.2700
1622938882390000,0,0.01600000,35592.1700
1622938883065000,1,0.10803908,35585.2700
1622938883084000,1,0.08822752,35585.2700
1622938883209000,1,0.09958614,35585.2700
1622938883210000,1,0.21135176,35585.2700
1622938883343000,0,0.01800000,35587.7500
1622938883379000,1,0.15804000,35585.2700
1622938885401000,0,0.01300000,35591.8900
1622938886386000,0,0.00200000,35591.8900
1622938892380000,1,0.00154637,35585.0700
1622938894124000,1,0.11121466,35585.0700
1622938894160000,0,0.00559000,35589.0900
1622938894324000,1,0.10693708,35585.0700
1622938894333000,1,0.05944789,35585.0700
1622938894333000,1,0.00487900,35585.0700
1622938894333000,1,0.11239683,35584.9700
1622938894384000,1,0.11015325,35584.9700
1622938894384000,1,0.18464537,35584.9700
1622938894391000,1,0.17495164,35584.9700
1622938894427000,1,0.07497891,35584.9700
1622938894427000,1,0.01633000,35584.9700
1622938905541000,0,0.01412914,35580.4900
1622938905902000,0,0.09842303,35580.4900
1622938905902000,0,0.03753697,35582.4600
1622938905902000,0,0.31168442,35585.0100
1622938910233000,0,0.00207000,35574.2500
1622938911051000,1,0.01262800,35566.5100
1622938912065000,1,0.00337200,35564.8600
1622938927041000,1,0.00187500,35553.9400
1622938927041000,1,0.03961000,35553.9400
1622938943429000,1,0.02264000,35564.2400
1622938943907000,1,0.00000500,35564.2400
1622938943907000,1,0.17204500,35564.1400
1622938943976000,1,0.15000000,35564.1400
1622938944043000,1,0.08400000,35564.1400
1622938944047000,1,0.45712700,35564.1400
1622938965748000,1,0.93713800,35562.8300
1622938966035000,0,0.00215000,35572.5200
1622938985223000,1,0.13657717,35546.3400
1622938990419000,0,0.00133333,35579.4000
1622938998149000,0,0.13578667,35610.4900
1622938999422000,0,0.00545946,35606.0400
1622939002102000,0,0.01343000,35610.2900
1622939023896000,1,0.20000000,35594.2300
1622939023975000,1,0.30000000,35594.2300
1622939024048000,1,0.21892000,35594.2300
1622939024287000,1,0.20000000,35594.2300
1622939024332000,1,0.00000900,35594.2300
1622939037532000,0,0.00215000,35596.6100
1622939045302000,1,0.20000000,35580.3300
1622939045575000,1,0.65000000,35580.3300
1622939045651000,1,0.03641200,35580.3300
1622939045651000,1,0.06665100,35580.3300
1622939045651000,1,0.00281400,35580.3300
1622939059827000,0,0.21085173,35586.4100
1622939059827000,0,0.35146565,35586.4800
1622939064197000,0,0.21077000,35599.5800
1622939064206000,0,0.00000601,35599.5800
1622939068692000,0,0.00148000,35603.0400
1622939071051000,1,0.00857500,35587.2500
1622939071051000,1,0.20051675,35587.1600
1622939071489000,1,0.03432000,35587.1600
1622939071546000,1,0.00000725,35587.1600
1622939081370000,0,0.16303136,35574.6100
1622939084118000,0,0.10000000,35584.7500
1622939109011000,0,0.00161000,35571.9700
1622939113000000,0,0.20931700,35571.9700
1622939113000000,0,0.02363816,35572.3700
1622939113027000,0,0.13423902,35572.3700
1622939113037000,0,0.11547726,35572.3700
1622939113042000,0,0.00788552,35572.3700
1622939113171000,0,0.35080000,35576.6200
1622939113381000,0,0.35153852,35578.5700
1622939113652000,0,0.10000000,35586.5600
1622939117694000,1,0.08873806,35591.6000
1622939121815000,0,0.02714000,35591.6400
1622939123676000,0,0.00215000,35586.8100
1622939125416000,0,0.00866956,35595.7800
1622939129961000,1,0.00200000,35610.0900
1622939141248000,0,0.00815917,35614.1600
1622939174411000,0,0.01490491,35637.1100
1622939180571000,0,0.18532563,35625.3700
1622939180584000,0,0.02530278,35625.3700
1622939180584000,0,0.06066641,35627.0200
1622939180614000,0,0.17281827,35627.0200
1622939182279000,0,0.02894040,35629.5300
1622939182330000,1,0.03400929,35631.1300
1622939182761000,0,0.15000000,35644.0100
1622939182928000,0,0.08169495,35644.0100
1622939183474000,0,0.79000000,35658.3100
1622939183520000,0,0.20200000,35659.9900
1622939183520000,0,0.00059461,35660.0000
1622939183522000,1,0.00306882,35648.7100
1622939183611000,0,0.28058139,35660.1000
1622939183611000,0,0.21040860,35663.7100
1622939183670000,0,0.42093324,35664.0400
1622939183670000,0,0.00566667,35664.8500
1622939183672000,0,0.42090414,35666.8100
1622939184679000,0,0.03915025,35681.3400
1622939185275000,0,0.00108000,35693.5900
1622939185354000,0,0.02469396,35693.5900
1622939185622000,0,0.03000000,35700.0000
1622939185756000,0,0.00073051,35701.0000
1622939185756000,0,0.00566667,35707.6400
1622939185756000,0,0.14245104,35710.2100
1622939187912000,0,0.01420000,35684.8400
1622939187912000,0,0.05292244,35684.8500
1622939187978000,1,0.03532607,35668.6400
1622939189013000,0,0.02719395,35684.8500
1622939189013000,0,0.03000000,35693.7100
1622939189013000,0,0.20000000,35704.7100
1622939189013000,0,0.68000000,35704.7200
1622939189013000,0,0.64097135,35708.3900
1622939189699000,0,0.00268000,35691.9200
1622939192289000,0,0.02858000,35670.9200
1622939196107000,0,0.02943000,35670.8000
1622939199603000,0,0.03120000,35701.2300
1622939201717000,0,0.00250000,35707.6400
1622939201840000,0,0.99966854,35710.2100
1622939201894000,0,0.32952341,35710.2100
1622939201947000,0,0.03541265,35703.8200
1622939201947000,0,0.11835701,35710.2100
1622939204554000,0,0.03348737,35701.0400
1622939205696000,1,0.02856271,35710.9200
1622939207123000,0,0.00058273,35720.0000
1622939207226000,0,0.00001189,35720.0000
1622939210361000,0,0.00274000,35749.9900
1622939211950000,1,0.33465803,35734.7200
1622939212491000,0,0.00250000,35750.4900
1622939214980000,0,0.00059463,35780.0000
1622939214980000,0,0.27956361,35793.0200
1622939215041000,0,0.20965811,35795.0100
1622939225531000,1,0.03124000,35726.2000
1622939225697000,0,0.03522158,35729.8300
1622939226410000,0,0.02852544,35729.8300
1622939229450000,1,0.03000000,35726.7100
1622939230093000,1,0.00230000,35713.4400
1622939234416000,0,0.00139900,35732.2700
1622939234416000,0,0.03279995,35736.1500
1622939235656000,1,0.02000000,35724.0200
1622939239270000,1,0.05621000,35720.2200
1622939243015000,1,0.00172000,35698.0600
1622939243611000,1,0.00129000,35691.7900
1622939245838000,0,0.21012000,35712.1400
1622939247400000,0,0.00000115,35712.1400
1622939247400000,0,0.21006885,35720.9700
1622939258531000,0,0.35009516,35721.5400
1622939258667000,0,0.08355005,35732.7100
1622939258667000,0,0.25233046,35733.7900
1622939258741000,0,0.09771792,35733.7900
1622939264296000,0,0.00843000,35742.8500
1622939285056000,1,0.00282305,35695.9600
1622939289090000,0,0.00299968,35712.2500
1622939299951000,0,0.21010000,35713.2400
1622939301172000,0,0.19481000,35713.2400
1622939309875000,0,0.00556214,35726.2300
1622939317834000,0,0.25094000,35727.4300
1622939328050000,0,0.21000000,35729.7500
1622939328471000,0,0.00000686,35729.7500
1622939334483000,0,0.01586000,35743.5800
1622939339259000,0,0.00089000,35734.5100
1622939345418000,1,0.01900000,35724.4100
1622939346569000,0,0.00926760,35720.4000
1622939359273000,0,0.02200000,35725.6500
1622939360299000,0,0.01900000,35729.2500
1622939362574000,0,0.00321000,35731.4800
1622939363096000,1,0.02700000,35725.1100
1622939363492000,0,0.01392000,35731.4800
1622939364497000,1,0.02000000,35709.6100
1622939364522000,1,0.00991271,35709.6100
1622939365382000,0,0.02375000,35713.5100
1622939367281000,0,0.02000000,35702.6500
1622939368757000,1,0.02000000,35701.2000
1622939370274000,0,0.00100000,35718.7300
1622939388801000,1,0.35877915,35712.3000
1622939388843000,1,0.12028908,35712.3000
1622939388861000,1,0.08001725,35712.3000
1622939389263000,1,0.38901000,35712.3000
1622939389386000,1,0.00000152,35712.3000
1622939393560000,1,0.19743074,35712.1100
1622939395869000,1,0.16785000,35712.1100
1622939395947000,1,0.18294000,35712.1100
1622939396025000,1,0.00000826,35712.1100
1622939396025000,1,0.41584400,35711.9200
1622939396025000,1,0.18187774,35711.9200
1622939396027000,1,0.00001826,35711.9200
1622939403147000,0,0.03500000,35706.7100
1622939403890000,1,0.05084000,35699.3200
1622939403890000,1,0.03267200,35699.3200
1622939404179000,0,0.03134251,35703.5500
1622939404179000,0,0.09165749,35704.1100
1622939405171000,0,0.01200000,35703.3100
1622939407179000,0,0.13400000,35693.3000
1622939408199000,0,0.10600000,35693.3000
1622939409155000,0,0.00228000,35697.7100
1622939409740000,0,0.02788000,35710.8900
1622939410146000,0,0.00500000,35710.7100
1622939411147000,0,0.01600000,35708.3200
1622939412172000,0,0.08870000,35697.9100
1622939412172000,0,0.05030000,35698.3600
1622939413278000,1,0.10000000,35694.4000
1622939414170000,0,0.07800000,35695.4100
1622939415410000,1,0.02000000,35694.4000
1622939415415000,1,0.00200000,35694.4000
1622939416145000,0,0.12527238,35691.8300
1622939416145000,0,0.00772762,35693.8100
1622939417213000,0,0.00600000,35685.7300
1622939418153000,0,0.15000000,35685.7300
1622939420152000,0,0.05800000,35699.4500
1622939422167000,0,0.08300000,35697.8000
1622939423902000,0,0.00214000,35697.0400
1622939429166000,0,0.07088285,35694.0200
1622939429166000,0,0.06011715,35694.3300
1622939432356000,1,0.10173722,35679.7100
1622939432359000,1,0.22762517,35679.7100
1622939432386000,1,0.12487770,35679.7100
1622939432392000,1,0.20626542,35679.7100
1622939432450000,1,0.15121194,35679.7100
1622939432493000,1,0.14528255,35679.7100
1622939441432000,0,0.15000000,35692.2500
1622939448041000,1,0.25400000,35680.0200
1622939452736000,1,0.07669331,35657.2200
1622939452736000,1,0.24330669,35656.5100
1622939475157000,0,0.03739025,35675.2300
1622939477267000,0,0.04900000,35686.5500
1622939478257000,0,0.02200000,35686.5000
1622939484263000,0,0.01100000,35688.9100
1622939486260000,0,0.01800000,35695.6800
1622939487257000,0,0.00700000,35697.5400
1622939488268000,0,0.01090000,35697.5300
1622939488268000,0,0.01210000,35697.5400
1622939489314000,0,0.01053858,35697.5400
1622939489314000,0,0.00846142,35697.7700
1622939495157000,1,0.01000000,35697.7700
1622939495158000,1,0.00500000,35697.7700
1622939502010000,1,0.06800000,35673.6600
1622939505610000,0,0.00429000,35678.1500
1622939506568000,0,0.00139000,35678.1500
1622939522156000,0,0.05241000,35661.9400
1622939523802000,0,0.15949000,35661.9400
1622939524151000,0,0.18601099,35661.9400
1622939524414000,0,0.00176587,35661.9400
1622939525462000,0,0.06000000,35673.0700
1622939540475000,0,0.00085000,35683.7500
1622939550800000,0,0.44000000,35654.5000
1622939563325000,1,0.02217233,35651.5100
1622939563407000,1,0.21036191,35642.6100
1622939563407000,1,0.01085329,35638.9600
1622939563777000,0,0.05318148,35638.2900
1622939563904000,1,0.06200448,35639.7600
1622939563970000,1,0.01961952,35639.7600
1622939571840000,0,0.15000000,35625.9400
1622939572020000,0,0.23670000,35625.9900
1622939572055000,0,0.04409634,35625.9900
1622939572735000,0,0.35097000,35631.4800
1622939572979000,1,0.00071000,35622.6000
1622939578875000,1,0.00250001,35622.1000
1622939584330000,0,0.00000880,35631.4800
1622939584887000,0,0.01469000,35624.5500
1622939584890000,0,0.00000759,35624.5500
1622939602928000,0,0.00134000,35642.0900
1622939606198000,0,0.21049321,35642.1400
1622939614199000,0,0.21044410,35651.4200
1622939614199000,0,0.42098939,35653.6600
1622939614199000,0,0.70070000,35654.0300
1622939614199000,0,0.07501342,35656.7000
1622939614229000,0,0.13495864,35657.8100
1622939614241000,0,0.21510780,35657.8100
1622939619453000,0,0.21026662,35686.3900
1622939619453000,0,0.28034631,35689.3400
1622939620150000,0,0.04960000,35684.6100
1622939628577000,1,0.00229120,35650.2700
1622939632747000,0,0.18434000,35649.8900
1622939632839000,0,0.02378000,35649.8900
1622939633217000,0,0.00000383,35649.8900
1622939633217000,0,0.28054617,35651.5700
1622939641939000,0,0.00001057,35651.5700
1622939641939000,0,0.05011943,35661.2800
1622939646401000,0,0.00137000,35649.8500
1622939657203000,0,0.02684000,35639.2900
1622939677645000,0,0.50000000,35639.2700
1622939677805000,0,0.30000000,35639.2700
1622939679110000,0,0.00124000,35654.5400
1622939693074000,0,0.00205000,35647.0200
1622939693620000,0,0.20840000,35647.0200
1622939695994000,0,0.00241000,35665.1800
1622939700390000,0,0.19670000,35667.6500
1622939705947000,0,0.02859174,35656.4900
1622939705947000,0,0.07288657,35663.8700
1622939705947000,0,0.03609081,35666.3000
1622939707411000,1,0.00337307,35646.2400
1622939710095000,1,0.00150000,35635.6300
1622939710095000,1,0.08531488,35635.6200
1622939718173000,0,0.04200000,35646.8100
1622939720594000,0,0.14492082,35649.8300
1622939722184000,0,0.04000000,35678.6800
1622939722956000,0,0.02912000,35673.7800
1622939724414000,0,0.01255000,35666.5800
1622939724810000,1,0.56702166,35645.5500
1622939725159000,0,0.01400000,35661.7600
1622939726448000,1,0.01900000,35661.5400
1622939727184000,0,0.01700000,35659.4300
1622939727996000,1,0.29600475,35653.2700
1622939728082000,1,0.08449126,35653.2700
1622939728101000,1,0.11850399,35653.2700
1622939728195000,0,0.01700000,35652.6000
1622939729201000,0,0.01600000,35652.9300
1622939731189000,0,0.02900000,35646.3200
1622939732221000,0,0.01600000,35646.3200
1622939733226000,0,0.01000000,35646.3200
1622939734227000,0,0.02400000,35646.2700
1622939735210000,0,0.01600000,35646.3200
1622939738224000,0,0.01600000,35673.0000
1622939739174000,0,0.01800000,35672.1800
1622939746615000,1,0.00200000,35658.8700
1622939748473000,0,0.00132000,35647.7600
1622939768998000,0,0.04027000,35649.2300
1622939776720000,1,0.09617004,35633.2900
1622939776785000,1,0.03582996,35633.2900
1622939780139000,0,0.00083968,35632.5200
1622939788148000,0,0.03078867,35625.3100
1622939788148000,0,0.79000000,35627.1700
1622939788148000,0,0.33896431,35627.2500
1622939788148000,0,0.70140000,35628.6700
1622939788148000,0,0.03307743,35628.7200
1622939788148000,0,0.11839119,35629.5200
1622939788148000,0,0.21056039,35630.0900
1622939788148000,0,0.35060000,35630.1000
1622939788148000,0,0.28075287,35631.2700
1622939788148000,0,0.06845361,35632.4800
1622939788148000,0,0.49348194,35637.7500
1622939788148000,0,0.65808844,35637.7600
1622939788148000,0,0.35091538,35637.7700
1622939788148000,0,0.05369215,35639.0000
1622939788148000,0,0.47736485,35640.5300
1622939788148000,0,0.16062189,35640.5400
1622939796822000,0,0.00600000,35638.7300
1622939800183000,0,0.00268000,35635.1200
1622939804434000,0,0.21057716,35626.6200
1622939821181000,1,0.35020000,35623.5800
1622939821181000,1,0.12160978,35618.7100
1622939821181000,1,0.00150000,35615.2700
1622939821181000,1,0.35219022,35615.2300
1622939821708000,1,0.35030000,35623.5800
1622939821708000,1,0.48456165,35613.4700
1622939835974000,0,0.03815934,35661.8100
1622939836016000,0,0.00000001,35661.8100
1622939841831000,0,0.00268000,35662.3600
1622939842935000,0,0.01000000,35662.3600
1622939853226000,0,0.01400000,35662.9300
1622939857820000,0,0.00150000,35661.0000
1622939857820000,0,0.00172000,35661.0100
1622939858595000,1,0.06757439,35636.8200
1622939862195000,0,0.01800000,35657.1200
1622939866825000,0,0.01610000,35657.1200
1622939868190000,0,0.01800000,35655.5400
1622939870197000,0,0.03600000,35657.1300
1622939875209000,0,0.01400000,35656.3000
1622939875228000,1,0.02000000,35652.1100
1622939885542000,0,0.00097551,35633.7400
1622939891312000,0,0.01208000,35622.7500
1622939898436000,1,0.00400000,35632.0500
1622939901425000,0,0.01100000,35632.7200
1622939906509000,0,0.00140000,35637.9800
1622939915437000,0,0.01200000,35638.0500
1622939916433000,0,0.00400000,35638.0500
1622939916474000,0,0.00556000,35638.0500
1622939917418000,0,0.00400000,35635.1200
1622939922652000,1,0.00392000,35635.0600
1622939922974000,1,0.00008000,35635.0600
1622939924434000,0,0.00400000,35626.5100
1622939925986000,0,0.01491000,35626.5100
1622939925989000,1,0.00400000,35624.3600
1622939926622000,1,0.00300000,35624.2400
1622939929277000,1,0.00400000,35624.2300
1622939929664000,0,0.00542000,35625.1100
1622939940118000,0,0.00205000,35623.7400
1622939943183000,0,0.08866009,35623.7400
1622939943244000,0,0.17367381,35623.7400
1622939949629000,0,0.21050643,35641.0900
1622939949703000,0,0.11038438,35644.2400
1622939949733000,0,0.17028163,35644.2400
1622939949733000,0,0.42105735,35647.7800
1622939953157000,1,0.03923162,35681.1600
1622939953175000,1,0.06940000,35681.1600
1622939953282000,1,0.68136838,35681.1600
1622939953504000,1,0.02879000,35679.2900
1622939954886000,1,0.00000900,35679.2900
1622939955049000,0,0.03611079,35678.0000
1622939955049000,0,0.07588921,35685.2300
1622939959557000,0,0.79000000,35684.2300
1622939959562000,0,0.79000000,35684.4300
1622939960093000,0,0.00062500,35707.6400
1622939960564000,1,0.02037500,35715.9500
1622939960593000,0,0.00219000,35706.1500
1622939961106000,0,0.03100000,35726.0900
1622939961175000,0,0.02100000,35726.0900
1622939962900000,1,0.03119493,35709.6600
1622939967090000,1,0.00269300,35697.5900
1622939967312000,1,0.92694600,35694.2600
1622939971135000,0,0.00600000,35695.5100
1622939971183000,1,0.02600000,35693.7200
1622939973054000,0,0.02700000,35690.1000
1622939974042000,0,0.02800000,35690.1000
1622939974110000,0,0.03200000,35690.1000
1622939975066000,0,0.00700000,35694.4900
1622939976410000,1,0.04900000,35692.6300
1622939976410000,1,0.02500000,35692.6300
1622939979141000,0,0.04300000,35698.0100
1622939983172000,1,0.01100000,35704.4100
1622939983426000,1,0.02700000,35697.3000
1622939983726000,1,0.02173500,35697.2100
1622939983726000,1,0.44764500,35697.2100
1622939983787000,1,0.45884000,35697.2100
1622939984213000,1,0.00000900,35697.2100
1622939986485000,0,0.00536000,35701.4300
1622939989798000,1,0.00900000,35687.4200
1622939989798000,1,0.00556100,35687.3300
1622939989798000,1,0.26806600,35687.3300
1622939989881000,1,0.00556100,35687.3300
1622939994422000,1,0.03780874,35681.4800
1622939994422000,1,0.44219126,35680.3900
1622940011059000,1,0.30000000,35670.0000
1622940011093000,1,0.49000000,35670.0000
1622940013303000,0,0.21032461,35673.3900
1622940013536000,0,0.35053575,35680.8100
1622940013555000,0,0.00000001,35680.8100
1622940020797000,1,0.79000000,35677.5200
1622940020916000,1,0.47774900,35668.5600
1622940020916000,1,0.01081176,35666.1900
1622940020916000,1,0.19614887,35663.9800
1622940023590000,0,0.01293000,35658.8300
1622940024226000,1,0.01106000,35649.0500
1622940024469000,0,0.03773250,35645.0000
1622940028090000,0,0.21045791,35647.8800
1622940028090000,0,0.28061371,35649.0200
1622940028090000,0,0.03000000,35652.5500
1622940028090000,0,0.00092838,35652.5700
1622940028335000,0,0.03000000,35657.1600
1622940046574000,1,0.35060000,35622.7900
1622940046574000,1,0.79000000,35614.4400
1622940046574000,1,0.05461324,35614.2500
1622940046651000,0,0.17200000,35613.0000
1622940046655000,0,0.00040000,35613.0000
1622940049390000,0,0.01311000,35635.5200
1622940049934000,0,0.30000000,35618.5000
1622940050009000,0,0.25000000,35618.5000
1622940050118000,0,0.25000000,35618.5000
1622940051546000,0,0.01000000,35618.5000
1622940051567000,0,0.00535969,35618.5000
1622940054701000,0,0.21055837,35632.1900
1622940056108000,1,0.00119706,35623.8200
1622940068321000,0,0.05604661,35638.1900
1622940072021000,1,0.09471000,35621.0300
1622940091365000,0,0.79000000,35636.1000
1622940091732000,0,0.21052000,35637.8000
1622940092580000,0,0.00000069,35637.8000
1622940100711000,0,0.03444671,35653.2600
1622940100711000,0,0.53029714,35656.5800
1622940133316000,1,0.06556000,35643.2000
1622940150904000,0,0.08372000,35654.2600
1622940153993000,1,0.10460666,35638.8000
1622940154023000,1,0.13293377,35638.8000
1622940155778000,0,0.00100000,35644.9800
1622940197358000,0,0.19343483,35635.0400
1622940222734000,0,0.10290580,35642.5700
1622940291697000,0,0.03300000,35637.1900
1622940306116000,0,0.00127900,35637.1400
1622940314452000,0,0.00134000,35637.1400
1622940344895000,1,0.12101961,35625.1100
1622940349813000,1,0.08830038,35625.1100
1622940349838000,1,0.14526902,35625.1100
1622940349886000,1,0.08816183,35625.1100
1622940349899000,1,0.14724916,35625.1100
1622940349899000,1,0.02425909,35625.1100
1622940350036000,1,0.13200000,35625.1100
1622940350088000,1,0.00074091,35625.1100
1622940351256000,0,0.30000000,35614.0000
1622940355776000,1,0.46803852,35603.0700
1622940355778000,0,0.35090000,35601.5000
1622940362527000,0,0.00132719,35608.9000
1622940365049000,0,0.01343000,35611.6200
1622940365867000,0,0.00118550,35605.1800
1622940373342000,1,0.35120000,35573.4200
1622940373342000,1,0.03052797,35570.2600
1622940373342000,1,0.06827203,35569.9800
1622940380240000,1,0.00150000,35592.8600
1622940380240000,1,0.00111083,35592.8500
1622940384523000,0,0.18575545,35608.3500
1622940401394000,0,0.00113000,35596.6900
1622940416707000,0,0.21084888,35584.3600
1622940416707000,0,0.01533746,35584.3600
1622940429653000,1,0.00059463,35560.0000
1622940431895000,1,0.01312500,35536.7600
1622940439937000,0,0.30923581,35549.9700
1622940440433000,0,0.30923581,35551.8600
1622940448802000,0,0.21092626,35572.5200
1622940449048000,0,0.03145413,35570.2200
1622940449295000,1,0.79000000,35573.9100
1622940462127000,0,0.00150000,35590.6800
1622940462127000,0,0.00913000,35590.6900
1622940479637000,0,0.00806000,35590.2900
1622940479943000,0,0.24079616,35592.9700
1622940479954000,0,0.24079616,35592.9700
1622940479956000,0,0.22030768,35592.9700
1622940479956000,0,0.07405698,35593.0200
1622940479965000,0,0.13676344,35593.0200
1622940479974000,0,0.28109107,35595.3600
1622940480074000,0,0.09342586,35598.4500
1622940480082000,0,0.08688235,35598.4500
1622940480083000,0,0.08107259,35598.4500
1622940480084000,0,0.08101522,35598.4500
1622940480812000,1,0.18810198,35580.4700
1622940480816000,1,0.01189802,35580.4700
1622940480816000,1,0.10645908,35580.4600
1622940480840000,1,0.09880704,35580.4600
1622940480856000,1,0.18387621,35580.4600
1622940493431000,1,0.05295826,35563.0400
1622940543664000,0,0.35140000,35552.2300
1622940571948000,0,0.06100000,35565.0600
1622940572943000,0,0.00500000,35565.0600
1622940573065000,0,0.08600152,35565.0600
1622940575908000,0,0.19841185,35569.5900
1622940575975000,0,0.01250744,35569.5900
1622940575986000,0,0.15086592,35571.0700
1622940575995000,0,0.10332553,35571.0700
1622940577696000,0,0.09819336,35574.0400
1622940577699000,0,0.08457700,35574.0400
1622940577710000,0,0.02812221,35574.0400
1622940577729000,0,0.21383000,35576.1600
1622940577851000,0,0.06736010,35576.1600
1622940577904000,0,0.20803000,35580.2100
1622940581102000,1,0.03100000,35590.5400
1622940583046000,1,0.01700000,35583.0700
1622940584557000,1,0.01300000,35589.1800
1622940585038000,0,0.21080000,35592.5300
1622940587941000,0,0.02300000,35626.0900
1622940588294000,0,0.03291000,35614.2200
1622940588947000,0,0.01600000,35612.6700
1622940591944000,0,0.00800000,35614.5500
1622940597809000,1,0.00700000,35612.9900
1622940599813000,0,0.09993000,35605.6100
1622940615621000,0,0.00219000,35611.5900
1622940616370000,1,0.21065916,35591.3700
1622940616379000,1,0.09428690,35596.2600
1622940616411000,1,0.23119926,35596.2600
1622940616426000,1,0.46451384,35596.2600
1622940616426000,1,0.19064616,35594.8700
1622940616480000,1,0.11167370,35594.8700
1622940626061000,0,0.21087000,35578.1800
1622940632756000,0,0.00359791,35594.6000
1622940633727000,0,0.00538000,35595.2400
1622940653421000,0,0.00232743,35588.2500
1622940654504000,1,0.11540391,35578.6700
1622940661615000,0,0.00271000,35585.2400
1622940662080000,0,0.20810000,35585.2400
1622940676389000,0,0.01344000,35588.6200
1622940680264000,1,0.16759609,35578.6700
1622940680505000,1,0.10046746,35574.6200
1622940682229000,1,0.09567048,35567.9200
1622940682229000,1,0.14601359,35567.9200
1622940682238000,1,0.12897015,35567.9200
1622940682267000,1,0.20534578,35567.9200
1622940685043000,0,0.03400000,35569.5800
1622940688511000,0,0.00215000,35574.4100
1622940693999000,0,0.01700000,35574.4100
1622940695021000,0,0.00500000,35574.4100
1622940697001000,0,0.01600000,35574.4100
1622940697983000,0,0.00300000,35574.4100
1622940699011000,0,0.02200000,35574.4100
1622940699994000,0,0.02600000,35574.4100
1622940700150000,0,0.11973720,35574.4100
1622940700150000,0,0.42187816,35576.8100
1622940701024000,0,0.01600000,35596.0800
1622940702042000,0,0.01700000,35589.2900
1622940702989000,0,0.01700000,35592.7100
1622940704037000,0,0.26405511,35592.7100
1622940704037000,0,0.70220000,35592.8200
1622940704037000,0,0.21077365,35593.8300
1622940704037000,0,0.42165475,35595.8000
1622940704037000,0,0.35060000,35596.5900
1622940704037000,0,0.07840232,35598.3000
1622940704037000,0,0.68601678,35601.4700
1622940704037000,0,0.63513365,35601.4800
1622940704037000,0,0.67571860,35601.4900
1622940704037000,0,0.49118861,35601.5000
1622940704037000,0,0.05831790,35601.7600
1622940704037000,0,0.00150000,35603.2900
1622940704037000,0,0.28418315,35603.4400
1622940704037000,0,0.42156502,35603.6100
1622940704037000,0,0.03000000,35604.9200
1622940704037000,0,0.48209171,35607.3600
1622940704037000,0,0.48755325,35607.3700
1622940704037000,0,0.08457700,35608.1100
1622940704037000,0,0.16292817,35609.0200
1622940704037000,0,0.08411360,35612.5500
1622940704037000,0,0.00616229,35614.0800
1622940704457000,0,0.00242000,35595.4900
1622940706588000,1,0.01200000,35591.0300
1622940707437000,0,0.01377000,35591.1900
1622940712283000,0,0.00350000,35585.3900
1622940712496000,0,0.01344000,35585.3900
1622940712729000,1,0.00200000,35584.0700
1622940719875000,0,0.01653000,35585.4500
1622940726634000,0,0.00134000,35584.2900
1622940732661000,1,0.08920000,35584.0900
1622940746686000,0,0.00500000,35574.4000
1622940748111000,1,0.02900000,35573.8500
1622940748111000,1,0.08621046,35566.4900
1622940748130000,1,0.24183433,35565.6700
1622940753260000,0,0.00280000,35558.5700
1622940754461000,0,0.00570000,35564.9900
1622940755746000,1,0.01290000,35555.6800
1622940755791000,1,0.00000061,35555.6800
1622940765903000,0,0.21104000,35549.4900
1622940776920000,0,0.00807000,35575.8900
1622940787817000,1,0.03407000,35547.4900
1622940787976000,1,0.00000302,35547.4900
1622940798093000,0,0.21102519,35552.3600
1622940798093000,0,0.01454181,35552.3600
1622940798100000,0,0.35174110,35553.8300
1622940798100000,0,0.35173342,35554.6500
1622940800147000,0,3.65699000,35571.0700
1622940800192000,0,0.50600851,35571.0700
1622940800237000,0,0.30000000,35571.0700
1622940800335000,0,0.35000000,35571.0700
1622940800338000,0,0.29306400,35571.0700
1622940800343000,0,0.14957850,35571.0700
1622940800422000,0,0.30000000,35571.0700
1622940800504000,0,0.60000000,35571.0700
1622940800588000,0,1.05000000,35571.0700
1622940800665000,0,0.10000000,35571.0700
1622940800692000,0,0.72275026,35571.0700
1622940800714000,0,0.38452528,35571.0700
1622940800737000,0,0.22096608,35571.0700
1622940800748000,0,0.35000000,35571.0700
1622940800765000,0,0.13265836,35571.0700
1622940800781000,0,0.16319442,35571.0700
1622940800783000,0,0.19735138,35571.0700
1622940800785000,0,0.68836328,35571.0700
1622940800796000,0,0.18976095,35571.0700
1622940800803000,0,0.19033283,35571.0700
1622940800806000,0,0.36906071,35571.0700
1622940800807000,0,0.14928971,35571.0700
1622940800813000,0,0.36610122,35571.0700
1622940800814000,0,0.23909880,35571.0700
1622940800824000,0,0.12461689,35571.0700
1622940800829000,0,0.23100000,35571.0700
1622940800839000,0,0.30000000,35571.0700
1622940800932000,0,0.10000000,35571.0700
1622940800998000,0,0.09935883,35571.0700
1622940801018000,0,0.10000000,35571.0700
1622940801103000,0,0.10000000,35571.0700
1622940801118000,0,1.40508895,35571.0700
1622940801123000,0,0.20072491,35571.0700
1622940801139000,0,0.28104330,35571.0700
1622940801140000,0,0.21079844,35571.0700
1622940801195000,0,0.15000000,35571.0700
1622940801212000,0,0.20325506,35571.0700
1622940801220000,0,0.08835960,35571.0700
1622940801223000,0,0.19524293,35571.0700
1622940801281000,0,0.10000000,35571.0700
1622940801321000,0,0.16597360,35571.0700
1622940801345000,0,0.24053653,35571.0700
1622940801374000,0,0.15000000,35571.0700
1622940801461000,0,0.10000000,35571.0700
1622940801541000,0,0.30000000,35571.0700
1622940801620000,0,0.09012833,35571.0700
1622940801627000,0,0.60000000,35571.0700
1622940801628000,0,0.15000000,35571.0700
1622940801630000,0,1.40484967,35571.0700
1622940801707000,0,0.15000000,35571.0700
1622940801742000,0,11.73184715,35571.0700
1622940802763000,1,0.10000000,35591.0800
1622940804243000,0,0.24273195,35595.1900
1622940804437000,1,0.79000000,35571.8500
1622940804510000,1,0.66155000,35571.5700
1622940805189000,1,0.03549998,35571.9300
1622940806172000,1,0.03281558,35570.1100
1622940814464000,1,0.15000000,35560.9200
1622940819632000,0,0.00807000,35564.6800
1622940828327000,0,0.01996000,35566.0600
1622940831243000,0,0.00163780,35563.1000
1622940834620000,1,0.35130000,35553.9200
1622940834788000,1,0.00150000,35549.1900
1622940834901000,1,0.21091814,35545.4100
1622940839303000,1,0.15000000,35545.4200
1622940839303000,1,0.20130000,35545.4200
1622940846801000,0,0.08283444,35551.8000
1622940846826000,0,0.03677158,35551.8000
1622940847936000,0,0.00309000,35566.4500
1622940850890000,0,0.00171000,35568.3600
1622940858076000,1,0.79000000,35564.8000
1622940858076000,1,0.10000000,35563.5300
1622940858076000,1,0.35100000,35560.9200
1622940858076000,1,0.70250000,35559.9500
1622940858076000,1,0.00150000,35558.8700
1622940858076000,1,0.12731300,35550.0700
1622940858084000,1,0.13041378,35550.0700
1622940868436000,0,0.00140000,35545.3500
1622940875134000,1,0.68810471,35516.8400
1622940875134000,1,0.20000000,35516.8200
1622940875138000,1,0.15229502,35515.2700
1622940875154000,1,0.05880142,35515.2700
1622940875154000,1,0.00150000,35514.8500
1622940875154000,1,0.12977774,35511.5200
1622940875154000,1,0.18143212,35511.5200
1622940875160000,1,0.04059777,35511.5200
1622940875163000,1,0.16896482,35510.5200
1622940875171000,1,0.17487775,35510.5200
1622940875172000,1,0.10855430,35510.5200
1622940875172000,1,0.09335770,35510.5100
1622940875172000,1,0.14868934,35510.5100
1622940875219000,1,0.32056810,35510.5100
1622940875219000,1,0.35183120,35509.0700
1622940875219000,1,0.01088524,35508.6000
1622940875299000,1,0.02721310,35505.5100
1622940875382000,1,0.01088524,35503.8800
1622940875382000,1,0.13242451,35503.8700
1622940875384000,1,0.56275329,35502.0900
1622940875688000,1,0.07000045,35506.1100
1622940875688000,1,0.13999955,35503.4200
1622940875834000,1,0.00059462,35500.0000
1622940876117000,0,0.79000000,35515.0800
1622940876239000,0,0.00592739,35516.3400
1622940876443000,1,0.79000000,35502.3300
1622940877568000,0,0.03359164,35499.2200
1622940877568000,0,0.26640836,35507.4800
1622940880374000,0,0.00348000,35518.0200
1622940882834000,1,0.70329999,35501.3700
1622940882834000,1,0.00000001,35501.3700
1622940884451000,0,0.01557068,35487.3000
1622940889401000,0,0.18997160,35499.2100
1622940889404000,0,0.02138494,35499.2100
1622940889404000,0,0.08029354,35500.1400
1622940889405000,0,0.08630909,35500.1400
1622940889408000,0,0.08764472,35500.1400
1622940889412000,0,0.02757060,35500.1400
1622940889433000,0,0.47774900,35507.7600
1622940889433000,0,0.20000000,35507.7600
1622940889433000,0,0.31897088,35509.7800
1622940889446000,0,0.03322931,35509.7800
1622940889446000,0,0.35219178,35510.7600
1622940889647000,1,0.02867219,35499.2000
1622940891387000,1,0.28153912,35509.9400
1622940891387000,1,0.15658249,35507.6900
1622940891561000,1,0.03402754,35503.9700
1622940892676000,1,0.03559984,35507.0200
1622940894274000,0,0.02559000,35530.1600
1622940896172000,1,0.40000000,35526.3300
1622940896206000,1,0.39000000,35526.3300
1622940898978000,0,0.06584991,35526.1200
1622940911348000,0,0.00269000,35564.2000
1622940921800000,0,0.03681134,35589.2400
1622940921800000,0,0.00026755,35592.4500
1622940925456000,1,0.20000000,35589.1000
1622940927396000,1,0.00400000,35591.3300
1622940930219000,0,0.03907232,35595.5700
1622940930958000,1,0.15000000,35589.0100
1622940931036000,1,0.48100000,35589.0100
1622940932024000,0,0.00200000,35588.5000
1622940932567000,0,0.02995308,35588.5000
1622940935816000,1,0.15022000,35585.7400
1622940937790000,0,0.06496000,35595.4700
1622940947773000,1,0.00600000,35593.5200
1622940950702000,1,0.16700000,35593.5200
1622940950751000,0,0.01881000,35594.4100
1622940957161000,0,0.09620000,35581.2500
1622940957573000,1,0.00150000,35565.7200
1622940957573000,1,0.21080101,35565.7100
1622940957573000,1,0.10000000,35565.7100
1622940957573000,1,0.44213709,35564.9100
1622940957694000,1,0.10000000,35566.2100
1622940958275000,1,0.03530000,35562.8900
1622940959582000,1,0.00000338,35562.8900
1622940959582000,1,0.06304662,35562.8800
1622940960791000,0,0.00578000,35566.8200
1622940968309000,1,0.03367000,35566.5100
1622940968342000,1,0.00000289,35566.5100
1622940968517000,1,0.02824000,35566.4100
1622940998218000,0,0.21093520,35564.7800
1622940998248000,0,0.28124407,35566.9100
1622941002042000,0,0.21086355,35579.4600
1622941002120000,0,0.01392354,35583.4900
1622941048818000,0,0.01193000,35606.7900
1622941051647000,1,0.20518000,35596.8100
1622941065491000,0,0.00978000,35598.6900
1622941070724000,0,0.02289093,35596.9900
1622941071577000,0,0.01159992,35596.9900
1622941082193000,0,0.02794270,35609.2900
1622941086993000,1,0.15145000,35607.6900
1622941088618000,0,0.14902511,35612.1100
1622941088625000,0,0.13188228,35612.1100
1622941088644000,0,0.08800000,35612.1000
1622941088644000,0,0.12266302,35613.3400
1622941088721000,0,0.08800000,35613.3400
1622941088721000,0,0.35040000,35615.1900
1622941088855000,0,0.00170137,35613.3400
1622941088855000,0,0.29142346,35615.8200
1622941088877000,0,0.08004324,35615.8200
1622941089686000,1,0.12346273,35607.8200
1622941089712000,1,0.10034631,35607.8200
1622941089737000,1,0.03980480,35607.8200
1622941089838000,1,0.52638616,35607.8200
1622941090951000,0,0.03079601,35613.7200
1622941090951000,0,0.31960399,35613.7500
1622941091042000,0,0.42142000,35613.9600
1622941091164000,1,0.05000000,35606.3700
1622941091405000,1,0.99887686,35606.3700
1622941091514000,1,0.60112314,35606.3700
1622941108644000,0,0.01289000,35609.4100
1622941116196000,1,0.00000439,35596.8100
1622941117768000,1,0.15000000,35577.3400
1622941117836000,1,0.20000000,35577.3400
1622941127508000,1,0.15000000,35562.0100
1622941137257000,0,0.01278403,35564.0300
1622941137259000,0,0.00000001,35564.0300
1622941152868000,1,0.25000000,35574.7100
1622941157292000,0,0.00839000,35577.4100
1622941162628000,0,0.21083484,35584.9300
1622941169043000,0,0.03904388,35588.3000
1622941169067000,0,0.00079681,35588.3000
1622941179054000,1,0.03487233,35599.5100
1622941184271000,1,0.03307139,35601.3100
1622941184382000,1,0.03449280,35601.3100
1622941184629000,1,0.02812462,35601.3100
1622941184770000,1,0.03979745,35601.3100
1622941187420000,0,0.11255789,35603.0800
1622941191402000,1,0.12794995,35599.9100
1622941191402000,1,0.14551840,35599.9100
1622941191445000,1,0.12969785,35600.7600
1622941191456000,1,0.18746563,35587.2900
1622941206164000,1,0.01373000,35608.3000
1622941209395000,0,0.00500000,35622.1000
1622941209395000,0,0.00306000,35629.7400
1622941210648000,0,0.20751166,35629.7400
1622941210733000,0,0.14234365,35631.3200
1622941210756000,0,0.21057166,35629.7400
1622941210756000,0,0.43018843,35631.3200
1622941219185000,0,0.00376000,35647.1700
1622941226497000,0,0.08297401,35664.3500
1622941226565000,0,0.00500000,35664.8500
1622941231172000,1,0.55000000,35666.2500
1622941231235000,1,0.15070000,35666.2500
1622941235248000,0,0.00542000,35669.5100
1622941235675000,0,0.19129035,35662.8400
1622941244675000,0,0.02761517,35666.2100
1622941247073000,0,0.00170000,35673.6200
1622941249271000,0,0.02367827,35672.6700
1622941249606000,1,0.35030000,35662.0000
1622941251648000,0,0.01553610,35672.2600
1622941251687000,0,0.00031706,35672.2600
1622941261551000,0,0.02110803,35680.8800
1622941261610000,0,0.08743967,35686.0300
1622941261622000,0,0.14592703,35686.0300
1622941262425000,0,0.99892944,35700.0000
1622941262483000,0,0.00107056,35700.0000
1622941262823000,0,0.00499999,35707.6400
1622941262826000,0,0.00000001,35707.6400
1622941263661000,0,0.00059462,35720.0000
1622941263661000,0,0.02954267,35721.4200
1622941263975000,1,0.06666724,35719.6300
1622941264014000,1,0.18977623,35719.6300
1622941264058000,1,0.99872786,35719.6300
1622941264093000,1,0.04482867,35719.6300
1622941270703000,1,0.02911000,35687.5800
1622941274424000,1,0.15000000,35685.9700
1622941275953000,1,0.02895000,35680.8800
1622941280794000,1,0.00118550,35688.7600
1622941280968000,0,0.06550000,35703.8800
1622941282636000,0,0.00268000,35712.6000
1622941289544000,0,0.00947000,35732.5500
1622941296735000,0,0.00910000,35752.8200
1622941301350000,0,0.03000000,35754.4300
1622941307081000,1,0.03906000,35717.2800
1622941321271000,1,0.19861829,35720.1500
1622941327157000,0,0.01916000,35721.8100
1622941335795000,0,0.02607627,35710.9200
1622941336697000,0,0.00977342,35722.4200
1622941338355000,1,0.14648216,35699.7700
1622941338362000,1,0.24383076,35699.7700
1622941338372000,1,0.22752264,35699.7700
1622941338380000,1,0.08216444,35699.7700
1622941339233000,1,0.03014000,35693.5000
1622941346694000,1,0.00171149,35673.8900
1622941347954000,1,0.01400000,35680.7100
1622941350464000,1,0.03780000,35671.7900
1622941350686000,1,0.20000000,35667.0000
1622941351208000,1,0.15291384,35683.6400
1622941355836000,0,0.01700000,35671.8400
1622941356841000,0,0.03300000,35671.9000
1622941356976000,1,0.00196000,35667.0000
1622941357220000,1,0.02812000,35667.2000
1622941358355000,1,0.01900000,35667.1500
1622941358355000,1,0.00004000,35667.0000
1622941359483000,1,0.03728000,35665.7700
1622941366863000,0,0.03300000,35683.2500
1622941368852000,0,0.00200000,35680.0000
1622941371841000,0,0.03800000,35681.7100
1622941372825000,0,0.02600000,35683.2500
1622941375983000,1,0.00600000,35678.9000
1622941384996000,0,0.33000000,35688.5600
1622941393905000,1,0.15000000,35688.3100
1622941393906000,1,0.07000000,35688.3100
1622941393924000,1,0.72538900,35688.3100
1622941394397000,1,0.00849000,35683.6700
1622941394559000,1,0.00000900,35683.6700
1622941394559000,1,0.29999100,35678.6200
1622941395763000,1,0.00600000,35685.8600
1622941396546000,0,0.00268000,35687.5500
1622941408109000,0,0.00836000,35686.6100
1622941408295000,0,0.09184265,35686.6100
1622941418442000,0,0.00321724,35699.0300
1622941424806000,1,0.18212000,35696.5200
1622941424904000,1,0.25000000,35696.5200
1622941424942000,1,0.03299383,35696.5200
1622941424981000,1,0.20000000,35696.5200
1622941425004000,1,0.18388417,35696.5200
1622941425004000,1,0.00782400,35693.3300
1622941428108000,1,0.01238500,35687.4700
1622941428108000,1,0.07315346,35687.3100
1622941428121000,1,0.09982821,35687.3100
1622941428126000,1,0.16121156,35687.3100
1622941428175000,1,0.16462434,35687.3100
1622941428217000,1,0.13814995,35687.3100
1622941428251000,1,0.23855355,35687.3100
1622941428275000,1,0.04146293,35687.3100
1622941428901000,0,0.00139000,35685.5300
1622941442055000,1,0.01142000,35675.1600
1622941443604000,1,0.00000700,35675.1600
1622941443604000,1,0.03843300,35666.0500
1622941461968000,1,0.00600000,35645.8200
1622941461968000,1,0.15228580,35644.8000
1622941464299000,1,0.57500000,35641.9400
1622941469773000,0,0.01342000,35653.8700
1622941472692000,0,0.00268000,35652.8200
1622941475757000,0,0.00215000,35654.1000
1622941484349000,1,0.00338806,35641.5000
1622941484355000,1,0.01610193,35641.5000
1622941484620000,1,0.04954000,35640.0000
1622941484694000,1,0.00000068,35640.0000
1622941487527000,0,0.00813000,35638.7800
1622941493794000,0,0.00537000,35635.0200
1622941497615000,1,0.00196000,35628.5800
1622941497717000,1,0.00004000,35628.5800
1622941501845000,0,0.09116145,35628.7800
1622941501845000,0,0.21057209,35629.8300
1622941501845000,0,0.28076940,35630.5800
1622941501845000,0,0.17416569,35630.6400
1622941502497000,0,0.17976000,35628.2400
1622941510661000,0,0.01395000,35640.2700
1622941510910000,0,0.00000759,35640.2700
1622941510910000,0,0.63999241,35644.7400
1622941512288000,0,0.00734820,35644.7400
1622941516491000,0,0.00140000,35644.7200
1622941528896000,0,0.21049965,35641.1600
1622941528896000,0,0.07017977,35641.2300
1622941532238000,0,0.00014996,35644.7400
1622941532238000,0,0.00554004,35650.4500
1622941542769000,0,0.21044077,35650.5100
1622941544381000,0,0.21044077,35650.5100
1622941545441000,0,0.00215000,35650.5100
1622941545590000,1,0.00180818,35644.8000
1622941546908000,0,0.20829077,35650.5100
1622941548397000,0,0.21044077,35650.5100
1622941549017000,0,0.18937688,35650.5100
1622941549095000,0,0.28058933,35653.0000
1622941549172000,0,0.00161000,35657.3900
1622941552877000,0,0.01909040,35669.5000
1622941559113000,1,0.06415700,35663.4200
1622941559497000,1,0.51927000,35656.2200
1622941559585000,1,0.30000000,35656.2200
1622941559660000,1,0.07773000,35656.2200
1622941559707000,1,0.00000700,35656.2200
1622941567809000,0,0.04010392,35664.1300
1622941569416000,0,0.21034117,35669.1700
1622941571509000,0,0.18311846,35679.8200
1622941588157000,1,0.09790900,35680.6400
1622941588157000,1,0.00101600,35680.6400
1622941594409000,1,0.53350257,35677.7500
1622941594419000,1,0.10933986,35677.7500
1622941594458000,1,0.30514757,35677.7500
1622941595308000,1,0.01440000,35677.6000
1622941596702000,1,0.00000400,35677.6000
1622941596702000,1,0.93789600,35677.4500
1622941596740000,1,0.00000700,35677.4500
1622941599792000,0,0.21030130,35674.0300
1622941600738000,0,0.15949825,35674.0300
1622941600766000,0,0.05080305,35674.0300
1622941600808000,0,0.10721449,35675.5900
1622941601808000,0,0.12193100,35678.4600
1622941601919000,0,0.08834777,35678.4600
1622941605953000,0,0.21045859,35682.9000
1622941607740000,0,0.19849960,35691.5200
1622941607751000,0,0.01170118,35691.5200
1622941607751000,0,0.07477863,35694.0000
1622941607751000,0,0.02314731,35694.1600
1622941607756000,0,0.10276087,35694.1600
1622941607767000,0,0.14589971,35694.1600
1622941607767000,0,0.00845982,35694.1600
1622941607905000,0,0.02393315,35694.1600
1622941625310000,0,0.03024931,35704.0900
1622941625310000,0,0.21014566,35706.2800
1622941625310000,0,0.69990000,35706.3000
1622941625310000,0,0.28020891,35706.3500
1622941625310000,0,0.34970000,35707.1100
1622941625310000,0,0.35027010,35709.0500
1622941625310000,0,0.06212232,35709.3700
1622941625310000,0,0.48496046,35712.5700
1622941625310000,0,0.00150000,35715.3700
1622941625310000,0,0.20000000,35717.7500
1622941625310000,0,0.65440900,35717.7600
1622941625310000,0,0.08461335,35717.7600
1622941625310000,0,0.42025888,35718.1100
1622941625310000,0,0.48416005,35718.4200
1622941625310000,0,0.64410260,35718.4300
1622941625310000,0,0.63291426,35718.4900
1622941625310000,0,0.56050268,35718.7900
1622941625310000,0,0.10865192,35719.2300
1622941625310000,0,0.56047289,35720.5500
1622941625310000,0,0.08272506,35720.7300
1622941625310000,0,0.09805500,35721.5600
1622941625310000,0,0.03000000,35721.8600
1622941625310000,0,0.49958936,35723.7300
1622941625310000,0,0.03397593,35727.2900
1622941625310000,0,0.36953200,35727.3000
1622941625787000,0,0.02679000,35706.2800
1622941634829000,1,0.23088000,35692.4600
1622941634871000,1,0.00000700,35692.4600
1622941634871000,1,0.44860200,35692.4500
1622941634871000,1,0.00365400,35692.4500
1622941634871000,1,0.25049000,35692.4400
1622941635718000,1,0.06022869,35689.9900
1622941635718000,1,0.01076735,35684.9700
1622941675384000,0,0.03000000,35715.0300
1622941675809000,0,0.00548000,35724.7600
1622941705356000,0,0.03424183,35716.7400
1622941705356000,0,0.11068244,35716.8600
1622941710553000,0,0.05000000,35717.7800
1622941710554000,0,0.04853757,35717.7800
1622941761891000,1,0.00150000,35706.6000
1622941762022000,1,0.00150000,35703.5000
1622941763135000,1,0.03359730,35694.4100
1622941763689000,1,0.03119795,35692.9900
1622941763792000,1,0.51034219,35689.6200
1622941765370000,0,0.00214000,35695.3700
1622941769288000,0,0.00268000,35702.6300
1622941808265000,0,0.03000000,35698.6000
1622941808288000,0,0.15676562,35698.6000
1622941808586000,0,0.06000000,35714.5800
1622941808605000,0,0.00604358,35714.5800
1622941808605000,0,0.04102171,35714.5800
1622941849924000,0,0.28004924,35722.3900
1622941849924000,0,0.21002287,35723.2000
1622941849945000,0,0.06040821,35728.5100
1622941849971000,0,0.22780602,35723.0300
1622941849972000,0,0.10024946,35723.0300
1622941849980000,0,0.24983587,35723.0300
1622941849982000,0,0.12180865,35723.0300
1622941849982000,0,0.21060375,35725.7100
1622941850003000,0,0.13869625,35725.7100
1622941850037000,0,0.35970061,35728.5100
1622941850087000,0,0.08052219,35733.5600
1622941850104000,0,0.33953264,35733.5600
1622941850120000,0,0.28001836,35726.9700
1622941850120000,0,0.21000195,35727.7800
1622941850910000,0,0.00500000,35750.4900
1622941850910000,0,0.03158066,35750.9000
1622941850910000,0,0.02844811,35754.5800
1622941851362000,0,0.03000000,35745.9400
1622941851362000,0,0.03000000,35746.7500
1622941853234000,1,0.03940272,35760.6200
1622941853251000,0,0.03416543,35760.8500
1622941853357000,1,0.12478662,35760.6200
1622941856254000,0,0.11000000,35762.6000
1622941865646000,0,0.00136000,35755.6500
1622941870224000,1,0.03887009,35762.4800
1622941870734000,0,0.03960000,35757.1400
1622941877275000,0,0.00214000,35760.5200
1622941880712000,1,0.34960000,35743.8800
1622941880732000,1,0.25802080,35739.9700
1622941880773000,1,0.20909362,35739.9700
1622941880933000,1,0.09915510,35740.0100
1622941880958000,1,0.12940310,35740.0100
1622941881625000,0,0.00157500,35751.4900
1622941885074000,1,0.05290000,35727.7100
1622941887109000,0,0.01114000,35733.9100
1622941896612000,0,0.00134000,35726.4300
1622941897784000,1,0.02800000,35724.4300
1622941898720000,1,0.03934022,35724.4300
1622941898878000,1,0.01865978,35724.4300
1622941901786000,0,0.00500000,35726.6200
1622941903734000,0,0.00800000,35726.6200
1622941905708000,1,0.27395266,35708.7400
1622941906719000,0,0.03800000,35714.1000
1622941912719000,0,0.02800000,35731.3600
1622941914885000,0,0.34000000,35738.7900
1622941915714000,0,0.03478602,35739.7200
1622941915848000,1,0.00021398,35747.6500
1622941917870000,0,0.00184000,35739.0800
1622941918732000,0,0.02500000,35744.1600
1622941920716000,0,0.02500000,35752.8200
1622941921732000,0,0.01700000,35744.1100
1622941922752000,1,0.00700000,35723.1700
1622941930222000,0,0.02000000,35719.7500
1622941930223000,0,0.00743920,35719.7500
1622941942007000,0,0.00945000,35718.4000
1622941943516000,1,0.02300000,35717.1300
1622941946608000,0,0.11000000,35718.4000
1622941956865000,0,0.08300000,35749.8900
1622941957806000,0,0.02100000,35749.8400
1622941960822000,0,0.04300000,35745.1600
1622941965813000,0,0.01200000,35730.3100
1622941966841000,0,0.01600000,35730.3100
1622941967015000,0,0.00134000,35730.3100
1622941967826000,0,0.01000000,35727.1100
1622941968806000,0,0.03600000,35731.3400
1622941971834000,0,0.01400000,35731.3500
1622941973815000,0,0.00500000,35731.3500
1622941974829000,0,0.03600000,35731.3500
1622941976781000,1,0.01600000,35730.5000
1622941979823000,0,0.01000000,35733.3400
1622941980830000,0,0.01100000,35733.4400
1622941983858000,0,0.01600000,35742.3700
1622941989878000,0,0.08689850,35758.5400
1622941991321000,0,0.00214000,35773.3800
1622941991642000,0,0.04510984,35773.3800
1622941994510000,0,0.01394638,35762.6700
1622941996434000,0,0.00417000,35762.6700
1622941997270000,0,0.00161000,35762.6700
1622942007110000,0,0.00409890,35758.1300
1622942048057000,0,0.27970929,35766.9200
1622942048057000,0,0.13995271,35767.4700
1622942048066000,0,0.38685607,35767.4700
1622942052466000,0,0.03953978,35770.4600
1622942052466000,0,0.02734022,35770.7400
1622942053679000,0,0.03141175,35764.6100
1622942053679000,0,0.02328825,35774.5000
1622942055476000,0,0.00243334,35762.1000
1622942073913000,1,0.26241407,35738.3800
1622942079060000,0,0.02142000,35735.8300
1622942081504000,1,0.03751000,35722.0600
1622942086454000,1,0.56800000,35708.6900
1622942095950000,0,0.00643000,35735.9400
1622942122840000,0,0.00418000,35725.0100
1622942123530000,0,0.19000000,35721.8400
1622942123533000,0,0.00811384,35721.8400
1622942124786000,0,0.00268000,35726.8000
1622942126164000,1,0.11264324,35719.0900
1622942134512000,1,0.08717410,35721.8400
1622942138036000,1,0.08513855,35721.8400
1622942143141000,1,0.10808115,35721.8400
1622942143143000,1,0.20888054,35721.8400
1622942143144000,1,0.14893970,35721.8400
1622942144529000,0,0.00214000,35722.1400
1622942145361000,1,0.09429324,35715.6900
1622942145367000,1,0.08648300,35715.6900
1622942145379000,1,0.54247000,35715.6900
1622942145440000,1,0.44275376,35715.6900
1622942145549000,1,0.01300000,35713.5900
1622942145553000,1,0.00033417,35713.5900
1622942146780000,0,0.00139000,35718.8600
1622942147158000,0,0.74500000,35718.8600
1622942153058000,0,0.46462434,35716.3200
1622942153077000,0,0.11764370,35716.3200
1622942153080000,0,0.20773196,35716.3200
1622942164070000,0,0.00536000,35717.5000
1622942167723000,0,0.00107000,35726.5200
1622942172361000,0,0.00637000,35717.2400
1622942189707000,1,0.00215735,35705.0900
1622942216825000,0,0.13396000,35709.5100
1622942226459000,0,0.21008284,35710.6600
1622942226464000,0,0.28011701,35711.6400
1622942226622000,0,0.13974355,35714.3400
1622942226633000,0,0.07031792,35714.3400
1622942226793000,0,0.01013775,35710.6600
1622942236289000,0,0.00268000,35738.2700
1622942236650000,0,0.02338134,35745.2600
1622942236993000,0,0.00107000,35745.2600
1622942237100000,0,0.01386407,35745.2600
1622942239823000,0,0.14235373,35745.4100
1622942240151000,0,0.17693838,35752.2200
1622942245453000,0,0.00400000,35777.1100
1622942246595000,1,0.02456047,35769.5100
1622942246625000,1,0.00555639,35769.5100
1622942247154000,0,0.01009000,35777.1100
1622942250232000,0,0.00059463,35780.0000
1622942250232000,0,0.01367391,35785.2200
1622942251703000,0,0.00072847,35801.0000
1622942251703000,0,0.00312507,35805.6900
1622942251746000,0,0.00000001,35805.6900
1622942252214000,0,0.99931148,35815.0600
1622942252216000,0,0.00068852,35815.0600
1622942252221000,0,0.01368302,35816.4400
1622942252447000,0,0.00114605,35824.4000
1622942252615000,0,0.00059464,35840.0000
1622942252615000,0,0.02940536,35844.4100
1622942253075000,0,0.06465479,35838.6600
1622942253075000,0,0.47059464,35844.4100
1622942253075000,0,0.08475057,35850.0000
1622942253325000,0,0.07251852,35850.0000
1622942253733000,0,0.20200000,35881.7800
1622942254325000,0,0.16448265,35879.1600
1622942254328000,0,0.19617437,35879.1600
1622942254330000,0,0.17546622,35879.1600
1622942254334000,0,0.10502793,35879.1600
1622942254341000,0,0.01592704,35879.1600
1622942254349000,0,0.13292179,35879.1600
1622942254567000,0,0.00263052,35889.5200
1622942254654000,0,0.51106851,35878.6300
1622942254655000,0,0.03970462,35878.6300
1622942254657000,0,0.32207637,35878.6300
1622942254670000,0,0.12715050,35878.6300
1622942254670000,0,0.72029776,35889.5200
1622942254675000,0,0.60000000,35889.5200
1622942254697000,0,0.03651511,35889.5200
1622942255299000,0,0.02940500,35896.6900
1622942255413000,0,0.00059465,35900.0000
1622942255413000,0,0.00072644,35901.0000
1622942255413000,0,0.01167891,35901.3600
1622942255669000,0,0.00600000,35901.3600
1622942256026000,1,0.03809336,35885.0700
1622942256446000,0,0.00500000,35901.3600
1622942256780000,0,0.97732109,35901.3600
1622942257091000,0,0.00673000,35936.4800
1622942257293000,1,0.00150000,35902.3600
1622942257293000,1,0.10000000,35902.3500
1622942257293000,1,0.34770000,35901.3500
1622942257340000,0,0.00150000,35896.6900
1622942257366000,1,0.15869936,35883.8100
1622942257385000,0,0.01989500,35896.6900
1622942257479000,0,0.00100000,35939.2000
1622942257959000,0,0.32123566,35892.0100
1622942258486000,1,0.00959530,35883.2900
1622942258486000,1,0.10000000,35883.2900
1622942259285000,1,0.10000000,35867.2200
1622942259285000,1,0.00959529,35864.4200
1622942259652000,1,0.24000000,35881.7300
1622942259688000,1,0.07225131,35881.7300
1622942259896000,0,0.00150000,35888.3000
1622942260940000,0,0.11703394,35884.0100
1622942261094000,0,0.03000000,35889.0500
1622942261362000,0,0.00072000,35896.3600
1622942261403000,1,0.16000000,35889.5100
1622942261445000,0,0.20838798,35896.3600
1622942261445000,0,0.34859202,35897.2500
1622942261445000,0,0.34858290,35898.2800
1622942261445000,0,0.09443710,35900.1300
1622942261485000,1,0.00700000,35897.9800
1622942262020000,1,0.15789828,35889.5100
1622942262397000,1,0.65210172,35889.5100
1622942262397000,1,0.78789828,35889.5100
1622942262571000,1,0.00210172,35889.5100
1622942262571000,1,0.03375189,35880.1300
1622942262571000,1,0.00150000,35872.2700
1622942262571000,1,0.06264639,35869.3300
1622942262604000,0,0.32247291,35895.1900
1622942262604000,0,0.46752709,35905.5000
1622942262847000,1,0.00150000,35869.3400
1622942262847000,1,0.00809000,35869.3400
1622942264130000,0,0.00213000,35886.9600
1622942264679000,0,0.03000000,35886.4400
1622942264679000,0,0.69680000,35887.1300
1622942264679000,0,0.34770000,35888.6400
1622942264731000,1,0.10000000,35889.5200
1622942265079000,1,0.42000000,35889.5200
1622942265695000,1,0.00550000,35889.5200
1622942266420000,0,1.65000000,35891.8300
1622942266460000,0,0.01000000,35905.5000
1622942266890000,0,0.00133000,35909.5000
1622942269393000,0,0.09920000,35894.0400
1622942269393000,0,0.00150000,35901.2900
1622942269393000,0,0.56885674,35902.2600
1622942272479000,0,0.00300000,35922.4000
1622942272650000,0,0.00200000,35922.4000
1622942273723000,0,0.47376258,35954.0000
1622942273723000,0,0.99623742,35955.0500
1622942274395000,0,0.34700000,35954.9200
1622942275061000,1,0.00490000,35953.3600
1622942275164000,1,0.00010000,35953.3600
1622942285403000,0,0.06000000,35927.7800
1622942286614000,1,0.06581141,35903.4200
1622942286614000,1,0.49893244,35893.0500
1622942288912000,1,0.14000000,35901.1800
1622942292954000,0,0.03563073,35906.4300
1622942298630000,0,0.03055845,35898.0500
1622942299492000,1,0.06846402,35897.8400
1622942299729000,1,0.06000000,35896.0000
1622942299902000,1,0.00316018,35896.0000
1622942299907000,1,0.00000001,35896.0000
1622942303241000,1,0.79000000,35898.3700
1622942305231000,0,0.20898419,35902.1900
1622942314339000,0,0.00213000,35904.0900
1622942315314000,0,0.00135000,35904.0900
1622942320037000,0,0.45000000,35888.0100
1622942320112000,0,0.34000000,35888.0100
1622942329661000,1,0.34770000,35892.1500
1622942335639000,1,0.00214209,35885.5500
1622942342563000,0,0.07000000,35892.8600
1622942344014000,0,0.01999000,35900.4300
1622942356787000,0,0.17710000,35906.8700
1622942363206000,0,0.00906000,35913.9400
1622942363841000,0,0.00407007,35913.9400
1622942374733000,0,0.11586921,35933.7600
1622942374739000,0,0.09175553,35933.7600
1622942374776000,0,0.15625211,35933.7600
1622942374793000,0,0.08888194,35934.1300
1622942375461000,0,0.00058277,35960.0000
1622942375461000,0,0.00001189,35960.0000
1622942375461000,0,0.13583534,35964.6000
1622942376148000,0,0.03961000,35955.8900
1622942380393000,0,0.02964500,35955.6900
1622942380904000,0,0.03900000,35958.5100
1622942381107000,0,0.06038499,35954.2400
1622942381107000,0,0.00000429,35958.5100
1622942381107000,0,0.05949374,35970.4300
1622942381107000,0,0.01033016,35971.4900
1622942381137000,0,0.19827241,35971.4900
1622942381138000,0,0.27813346,35974.2000
1622942381138000,0,0.18801758,35974.9000
1622942381947000,0,0.08158245,35991.4300
1622942381947000,0,0.01841755,35999.0000
1622942382326000,0,0.12579849,35989.6400
1622942382402000,0,0.17416851,35989.6400
1622942382451000,0,0.38012000,35989.6400
1622942382534000,0,0.10991300,35989.6400
1622942388458000,0,0.13720636,35980.5200
1622942388458000,0,0.33912735,35982.6600
1622942389492000,0,0.08260690,35978.6700
1622942399491000,0,0.00213000,35999.0000
1622942407985000,1,0.16300000,35947.3600
1622942408642000,1,0.00097000,35938.1500
1622942413879000,1,0.03760000,35936.9600
1622942415407000,0,0.03163487,35950.7500
1622942425648000,1,0.20865815,35941.1800
1622942426873000,1,0.34777288,35933.7200
1622942427691000,1,0.34780800,35930.1000
1622942428173000,1,0.03945747,35933.7200
1622942428237000,1,0.99876922,35933.7200
1622942428291000,1,0.69530000,35933.7200
1622942428666000,1,1.70000000,35933.7200
1622942435203000,0,0.03426000,35949.0500
1622942436082000,0,0.02000000,35965.5100
1622942438130000,0,0.03583751,35962.7900
1622942448117000,0,0.00213000,35973.3600
1622942448296000,1,0.19584090,35964.8400
1622942448296000,1,0.00964122,35964.8400
1622942448296000,1,0.06265511,35964.8400
1622942449019000,1,0.20855278,35953.3300
1622942449019000,1,0.66931252,35952.9100
1622942450726000,0,0.03582038,35970.9100
1622942454930000,0,0.13675656,35979.9900
1622942455048000,1,0.14788313,35984.1000
1622942455962000,1,0.04044947,35979.2000
1622942456392000,0,0.13000000,35991.5300
1622942456633000,0,0.00988966,35991.5300
1622942456633000,0,0.05911034,35998.4600
1622942457637000,0,0.01100000,35982.9600
1622942458638000,0,0.03000000,35977.4600
1622942459659000,0,0.01800000,35991.3400
1622942461655000,0,0.01000000,35993.7300
1622942463852000,1,0.01700000,35973.9100
1622942468783000,1,0.03300000,35966.7200
1622942469622000,1,0.12420952,35951.1000
1622942469639000,0,0.00900000,35968.6000
1622942474642000,0,0.01800000,35964.1700
1622942475623000,0,0.01700000,35964.1700
1622942476652000,0,0.00300000,35964.1700
1622942477645000,0,0.02100000,35964.1700
1622942478621000,1,0.09787353,35960.9400
1622942478664000,0,0.03200000,35964.1700
1622942478737000,0,0.03497659,35964.1700
1622942479634000,0,0.01900000,35968.6000
1622942480416000,1,0.11585492,35960.8700
1622942480431000,1,0.09269246,35960.8700
1622942480498000,1,0.10530909,35956.3000
1622942480571000,1,0.14354095,35952.1100
1622942480580000,1,0.09865726,35952.1100
1622942480638000,0,0.01900000,35967.3900
1622942480967000,1,0.10443178,35960.9400
1622942480989000,1,1.43450000,35960.9400
1622942480993000,1,0.00687890,35960.9400
1622942481300000,1,0.09882622,35960.9400
1622942481318000,1,0.31646193,35960.9400
1622942481925000,1,0.01700000,35964.3700
1622942482025000,1,0.14493000,35960.9400
1622942482091000,1,0.00000162,35960.9400
1622942482705000,1,0.01900000,35961.6200
1622942487606000,1,0.04037164,35944.3000
1622942487606000,1,0.02032568,35944.3000
1622942487606000,1,0.02554503,35943.2000
1622942493596000,0,0.00225000,35957.6400
1622942498296000,0,0.00266000,35952.8100
1622942502357000,0,0.01040000,35954.4200
1622942510333000,1,0.00073162,35939.8000
1622942512590000,0,0.03201887,35963.1500
1622942512590000,0,0.00257113,35965.5300
1622942519677000,0,0.04000000,35956.4200
1622942519716000,0,0.00241555,35956.4200
1622942526671000,0,0.20863804,35961.6300
1622942529924000,0,0.00213000,35960.8500
1622942533839000,0,0.00415000,35961.9500
1622942534800000,0,0.08833678,35966.5100
1622942534803000,0,0.12027867,35966.5100
1622942534803000,0,0.06400270,35966.9000
1622942534849000,0,0.10347216,35966.9000
1622942534860000,0,0.16307734,35966.9000
1622942534874000,0,0.01718148,35966.9000
1622942535718000,0,0.11068000,35973.6400
1622942535777000,0,0.00000671,35973.6400
1622942535777000,0,0.03629763,35982.5100
1622942538747000,1,0.10000000,35977.3700
1622942538747000,1,0.11633641,35977.1000
1622942539279000,0,0.02872984,35988.1800
1622942539279000,0,0.79000000,35992.6200
1622942539279000,0,0.01768814,35992.6300
1622942539279000,0,0.20845615,35996.6800
1622942539279000,0,0.15539584,35998.2000
1622942539279000,0,0.66519833,35998.2700
1622942539279000,0,0.02945245,35999.0000
1622942539279000,0,0.27793874,35999.1800
1622942539279000,0,0.02000000,36000.0000
1622942539279000,0,0.00116558,36000.0000
1622942539279000,0,0.00072442,36001.0000
1622942539279000,0,0.00150000,36002.6100
1622942539279000,0,0.69654787,36004.4700
1622942539279000,0,0.45204010,36004.4800
1622942539279000,0,0.66231914,36004.5000
1622942539279000,0,0.08133300,36004.5100
1622942539279000,0,0.07182875,36004.6500
1622942539279000,0,0.41693499,36007.0800
1622942539279000,0,0.46260375,36008.5300
1622942539279000,0,0.41691229,36008.5400
1622942539279000,0,0.00500000,36008.6700
1622942539279000,0,0.73605025,36009.4000
1622942541975000,0,0.20845000,35995.3600
1622942542254000,1,0.00150000,35987.4100
1622942542254000,1,0.05698268,35987.4000
1622942542433000,0,0.17130182,36001.2000
1622942542665000,0,0.02457849,36001.2000
1622942542703000,0,0.00000001,36001.2000
1622942542885000,0,0.05000000,36010.0000
1622942542885000,0,0.09683680,36010.0000
1622942545195000,0,0.03126380,35988.4900
1622942545280000,1,0.33673000,35995.0900
1622942545363000,1,0.19670000,35995.0900
1622942545387000,1,0.99858861,35995.0900
1622942545443000,1,0.99865416,35995.0900
1622942545471000,1,0.04979151,35995.0900
1622942545492000,1,0.99871805,35995.0900
1622942545638000,1,0.12510278,35995.0900
1622942545658000,1,0.08463068,35995.0900
1622942545668000,1,0.10000000,35995.0900
1622942545754000,1,0.59400000,35995.0900
1622942545832000,1,0.12513904,35995.0900
1622942545973000,1,0.11120718,35995.0900
1622942546095000,1,0.04697710,35995.0900
1622942546802000,0,0.01520000,36009.4600
1622942549530000,0,0.00699768,36012.8300
1622942549530000,0,0.02700232,36015.2000
1622942551530000,0,0.05200000,36014.5700
1622942552552000,0,0.03100000,36014.5700
1622942553039000,0,0.00989016,36014.5700
1622942553548000,0,0.00978892,36014.5700
1622942553548000,0,0.01321108,36017.5700
1622942554543000,0,0.03900000,36017.5300
1622942555530000,0,0.03100000,36017.4800
1622942556544000,0,0.03200000,36014.6700
1622942557614000,0,0.00058278,36020.0000
1622942557614000,0,0.00001189,36020.0000
1622942557657000,1,0.03040533,36020.7900
1622942559525000,0,0.01000000,36013.5900
1622942560551000,0,0.01000000,36012.1200
1622942561602000,0,0.02000000,36013.5900
1622942565558000,0,0.09700000,36001.0200
1622942566529000,0,0.02300000,36011.5300
1622942567538000,0,0.01800000,36008.5600
1622942568533000,0,0.04500000,36011.6400
1622942569562000,0,0.00040533,36013.5900
1622942569562000,0,0.01920248,36016.2600
1622942569562000,0,0.00639219,36017.6500
1622942572606000,0,0.03100000,36012.8100
1622942579619000,0,0.03233471,36019.8000
1622942579987000,0,0.00531000,36024.9000
1622942584443000,1,0.01400000,36026.1200
1622942584451000,1,0.03326537,36020.4200
1622942585011000,1,0.01539992,36020.4200
1622942585687000,0,0.03752064,36021.6300
1622942585687000,0,0.34700000,36023.4700
1622942585687000,0,0.20826902,36025.3200
1622942585799000,1,0.20826902,36026.1200
1622942586395000,1,0.04000000,36026.1200
1622942586454000,1,3.42705577,36026.1200
1622942586542000,1,0.60000000,36026.1200
1622942586560000,1,0.11704471,36026.1200
1622942586790000,1,0.04000000,36009.2800
1622942587161000,1,0.18736535,36007.6300
1622942587174000,1,0.15038559,36007.6300
1622942587577000,0,0.00150000,36019.5600
1622942587577000,0,0.03050000,36021.9000
1622942589533000,0,0.20830000,36017.4400
1622942589583000,0,0.11884571,36019.7300
1622942589614000,0,0.01400000,36022.7400
1622942590566000,0,0.00100000,36025.9300
1622942591093000,0,0.02162252,36025.9300
1622942591093000,0,0.20825142,36026.9600
1622942591093000,0,0.07686092,36028.6100
1622942591575000,0,0.08300000,36039.2600
1622942591752000,0,0.46273000,36041.2700
1622942591779000,0,0.02000000,36041.2700
1622942591840000,0,0.20820410,36036.9800
1622942591840000,0,0.04179590,36040.1600
1622942591853000,0,0.10528812,36040.1600
1622942591869000,0,0.13051297,36040.1600
1622942591869000,0,0.30849571,36041.2700
1622942591936000,0,0.20877429,36041.2700
1622942592471000,0,0.50000000,36066.3300
1622942592770000,1,0.02400000,36075.9300
1622942592770000,1,0.01170839,36058.3500
1622942592771000,1,0.03336785,36058.3500
1622942592786000,1,0.03483457,36058.3500
1622942592973000,1,0.04834877,36058.3500
1622942593444000,0,0.20246146,36070.4800
1622942593462000,0,0.40000000,36079.9900
1622942593462000,0,0.08794561,36079.9900
1622942593754000,0,0.01425000,36068.7200
1622942594581000,0,0.00059468,36080.0000
1622942594581000,0,0.02640532,36090.5900
1622942594730000,0,0.00300000,36085.2500
1622942594783000,0,0.00359468,36090.5900
1622942594783000,0,0.01000000,36095.1400
1622942594783000,0,0.00640532,36095.5100
1622942595298000,0,0.00590630,36089.3300
1622942595337000,0,0.13372591,36095.5100
1622942595337000,0,0.00058835,36095.8100
1622942595784000,0,0.03000000,36098.8400
1622942595784000,0,0.00072242,36101.0000
1622942595784000,0,0.00113701,36109.2000
1622942596034000,0,0.15580000,36118.0000
1622942596105000,0,0.05297400,36118.0000
1622942596105000,0,0.30849600,36118.0000
1622942596105000,0,0.02000000,36118.0000
1622942596105000,0,0.46273000,36118.0000
1622942596105000,0,0.78542857,36139.6300
1622942596105000,0,0.00058469,36140.0000
1622942596105000,0,0.08924576,36144.0900
1622942596610000,0,0.00403488,36148.3200
1622942596610000,0,0.01996512,36161.3600
1622942597088000,1,0.56000000,36137.1100
1622942597180000,1,0.08600000,36137.1100
1622942597735000,1,0.00150000,36137.1200
1622942597735000,1,0.50000000,36137.1200
1622942597735000,1,0.47400000,36137.1100
1622942598046000,0,0.11550595,36148.6800
1622942598061000,0,0.01968656,36148.6800
1622942598159000,0,0.06206864,36144.6500
1622942598159000,0,0.12139283,36148.6800
1622942598505000,0,0.03000000,36158.9400
1622942598588000,0,0.00066917,36158.9400
1622942598588000,0,0.02033083,36166.5000
1622942598593000,0,0.47966917,36166.5000
1622942598593000,0,0.01200000,36168.0500
1622942599124000,0,0.34530000,36144.7100
1622942599140000,0,0.11743000,36144.7100
1622942599204000,0,0.02000000,36144.7100
1622942599511000,0,0.30849600,36144.7100
1622942599511000,0,0.01996350,36165.9900
1622942599550000,0,0.05297400,36144.7100
1622942599930000,0,0.01840180,36144.7100
1622942600033000,0,0.13739820,36144.7100
1622942600306000,0,0.05244666,36168.0100
1622942600426000,1,0.87471452,36184.5000
1622942600435000,1,0.01274316,36184.5000
1622942600477000,1,0.02710075,36184.5000
1622942600507000,1,0.06299491,36184.5000
1622942600809000,0,0.00212000,36187.1800
1622942601642000,0,0.01996000,36162.1500
1622942602104000,1,0.61000000,36137.1200
1622942603198000,0,0.02789249,36159.7900
1622942605130000,1,0.13367450,36131.4600
1622942606427000,1,0.44000000,36127.8300
1622942607064000,1,0.28763000,36107.9000
1622942607103000,1,0.00000347,36107.9000
1622942607103000,1,0.05040309,36099.8700
1622942608116000,0,0.03116442,36105.8800
1622942612259000,0,0.17170481,36119.2900
1622942612440000,0,0.03045000,36116.2200
1622942612764000,0,0.00000285,36116.2200
1622942616484000,0,0.00072308,36121.3800
1622942620705000,0,0.03075441,36120.8000
1622942623051000,1,0.03505000,36096.3400
1622942624318000,1,0.02946000,36097.2200
1622942624339000,1,0.00000282,36097.2200
1622942625445000,0,0.03366081,36096.7200
1622942625548000,0,0.03930999,36101.5800
1622942625714000,0,0.03655606,36101.0800
1622942625831000,0,0.03758868,36101.0800
1622942628225000,0,0.00001476,36121.3800
1622942628694000,0,0.20769912,36132.4600
1622942633725000,0,0.06490000,36118.3300
1622942634212000,0,0.00300000,36129.9000
1622942643343000,1,0.63950000,36114.9700
1622942645760000,1,0.02994125,36098.3500
1622942645760000,1,0.03248517,36096.3000
1622942651995000,0,0.00212000,36086.2000
1622942656548000,1,0.02312802,36070.7000
1622942664619000,0,0.00800000,36084.6200
1622942664707000,0,0.05659184,36084.6200
1622942670623000,0,0.02500000,36103.1900
1622942671405000,0,0.00556056,36103.1900
1622942671645000,0,0.00200000,36117.1800
1622942673626000,0,0.01800000,36122.9100
1622942673942000,0,0.06377000,36122.9100
1622942680681000,0,0.00321684,36115.7500
1622942686654000,0,0.00900000,36114.1800
1622942688818000,0,0.00725000,36098.8600
1622942689616000,0,0.02700000,36098.8600
1622942690634000,0,0.01200000,36098.8100
1622942695729000,1,0.02500000,36099.4900
1622942700727000,0,0.00150000,36090.6400
1622942700727000,0,0.01165732,36090.6500
1622942713881000,0,0.00276000,36077.8000
1622942715802000,0,0.20794000,36078.0100
1622942715814000,0,0.00000624,36078.0100
1622942715814000,0,0.27726952,36078.4300
1622942719781000,0,0.06017922,36084.8100
1622942719974000,0,0.20789480,36089.5300
1622942721526000,0,0.00277858,36089.9300
1622942721537000,0,0.00000001,36089.9300
1622942721810000,1,0.03572000,36083.6700
1622942728623000,0,0.20795263,36078.4800
1622942728629000,0,0.03770945,36080.4400
1622942728629000,0,0.79000000,36081.0400
1622942728629000,0,0.17146229,36083.7800
1622942729005000,0,0.00493694,36081.7300
1622942729005000,0,0.00127470,36081.7300
1622942729005000,0,0.00173836,36105.7200
1622942732122000,0,0.00212000,36078.0300
1622942737404000,1,0.60651540,36070.0300
1622942737625000,1,0.25000000,36070.0300
1622942743221000,1,0.06148000,36070.0300
1622942743276000,1,0.00000460,36070.0300
1622942757026000,1,0.00058471,36040.0000
1622942757127000,1,0.20304625,36040.0000
1622942757176000,1,0.04095375,36040.0000
1622942761919000,0,0.02000000,36044.6200
1622942763438000,0,0.00796000,36044.6200
1622942771520000,0,0.11161632,36054.3700
1622942773425000,1,0.08200000,36051.3100
1622942773439000,1,0.01800000,36051.3100
1622942773439000,1,0.03878182,36050.8100
1622942778118000,0,0.02037000,36038.0700
1622942787032000,0,0.00939000,36044.3200
1622942793997000,1,0.08265115,36022.5700
1622942812215000,0,0.00481000,36019.0600
1622942814630000,1,0.14245758,36000.4800
1622942817918000,1,0.08224890,36000.4800
1622942820462000,0,0.06075752,36006.1400
1622942820470000,0,0.00123995,36006.1400
1622942833501000,0,0.20831366,36013.4300
1622942833501000,0,0.06944377,36014.5700
1622942833541000,0,0.11085441,36014.5700
1622942836773000,0,0.00159000,36021.7300
1622942836901000,1,0.15127187,36014.2700
1622942836909000,1,0.16547885,36014.2700
1622942839072000,0,0.20667158,36021.7300
1622942839072000,0,0.23058577,36023.9900
1622942839082000,0,0.04709352,36023.9900
1622942839082000,0,0.04031900,36024.2400
1622942839125000,0,0.03884121,36024.2400
1622942845850000,0,0.20825970,36025.9300
1622942846136000,0,0.00212000,36030.6300
1622942846937000,1,0.28861051,36015.6700
1622942853562000,0,0.04142000,36030.6300
1622942853690000,0,0.00433000,36030.2400
1622942856371000,1,0.19992952,36014.8700
1622942856465000,1,0.14647048,36014.8700
1622942856963000,0,0.00398000,36020.9700
1622942862760000,1,0.09425309,36000.4800
1622942876287000,1,0.13553238,36000.4800
1622942886578000,0,0.00213000,36005.4100
1622942888020000,0,0.00266000,36006.3000
1622942895892000,0,0.20568897,36006.3000
1622942896009000,0,0.34724829,36012.0200
1622942896009000,0,0.00117519,36012.0900
1622942896092000,0,0.34724477,36012.4400
1622942897986000,0,0.00266000,36022.5900
1622942915015000,0,0.00402000,36022.5900
1622942917123000,0,0.07000000,36022.5900
1622942917157000,0,0.00516077,36022.5900
1622942917269000,0,0.20826714,36024.9600
1622942923474000,0,0.20000000,36024.9600
1622942924165000,0,0.00106000,36024.9600
1622942927434000,1,0.09576783,36007.5200
1622942927450000,1,0.00834176,36007.5200
1622942927450000,1,0.14993373,36004.6800
1622942935813000,1,0.20532632,36002.4900
1622942935821000,1,0.14137368,36002.4900
1622942935821000,1,0.05230186,36000.4800
1622942935918000,1,0.00500000,36000.0000
1622942935918000,1,0.09971012,35998.6700
1622942936753000,0,0.00133000,36011.0000
1622942938737000,0,0.00133000,36011.0000
1622942940801000,0,0.00414000,36013.4900
1622942950726000,0,0.00552000,36025.4800
1622942959456000,0,0.00932000,36022.4700
1622942965575000,0,0.00173000,36029.0100
1622942974628000,0,0.20832211,36014.3200
1622942974650000,0,0.27776592,36015.1100
1622942989093000,0,0.15829652,36012.7700
1622942989109000,0,0.02018373,36012.7700
1622942996012000,0,0.00482749,36013.6900
1622942996035000,0,0.00009852,36013.6900
1622943002107000,1,0.00766698,36008.4500
1622943002716000,1,0.00766698,36006.5900
1622943008766000,1,0.08006916,36002.7900
1622943008787000,1,0.13446635,36002.7900
1622943009173000,1,0.08774477,35999.5700
1622943022438000,1,0.12491632,35992.3500
1622943022457000,1,0.22188368,35992.3500
1622943022460000,1,0.10000000,35987.1900
1622943022479000,1,0.08489250,35986.7400
1622943022500000,1,0.15045562,35986.7400
1622943022506000,1,0.21027295,35986.7400
1622943022582000,1,0.15107055,35982.4800
1622943028404000,0,0.14000000,35984.4200
1622943036305000,0,0.03451834,35975.8000
1622943036345000,0,0.17404324,35975.8000
1622943038341000,0,0.00277000,35999.4900
1622943048423000,0,0.00112000,35966.3100
1622943049202000,0,0.02888000,35966.3100
1622943050713000,0,0.00227170,35968.1100
1622943050824000,0,0.34761408,35982.6100
1622943050824000,0,0.16678936,35988.0700
1622943050860000,0,0.15131240,35978.8900
1622943050861000,0,0.05723544,35978.8900
1622943050861000,0,0.16325411,35986.3100
1622943050889000,0,0.16369199,35986.3100
1622943050963000,0,0.46305390,35986.3100
1622943050963000,0,0.41714986,35986.3500
1622943050963000,0,0.41713321,35987.9100
1622943051747000,0,0.03000000,36006.7700
1622943052894000,1,0.00150000,35995.6500
1622943052894000,1,0.03113435,35995.1700
1622943053738000,0,0.01134781,36004.2900
1622943058274000,1,0.00766698,35978.0800
1622943059429000,1,0.11451709,35981.6600
1622943059451000,1,0.21436233,35981.6600
1622943060401000,0,0.04783839,36003.5400
1622943060402000,0,0.12999837,36003.5400
1622943060417000,0,0.03061083,36003.5400
1622943060417000,0,0.08849008,36007.5200
1622943060418000,0,0.11150992,36007.5200
1622943062384000,1,0.06430000,36028.5300
1622943062389000,0,0.01751572,36024.1700
1622943062495000,1,0.03030296,36022.9200
1622943063571000,0,0.63190291,36044.7000
1622943063580000,0,0.00152598,36044.7000
1622943063625000,0,0.15657111,36044.7000
1622943064089000,0,0.06940196,36058.1100
1622943064128000,0,0.02742427,36058.1100
1622943064775000,1,0.06430000,36051.8100
1622943068372000,0,0.41905801,36126.0300
1622943068372000,0,0.69190000,36126.0500
1622943068372000,0,0.10000000,36126.0500
1622943068372000,0,0.48442331,36127.9000
1622943068372000,0,0.13400000,36127.9000
1622943068372000,0,0.07544361,36127.9100
1622943071635000,0,0.64936678,36134.4800
1622943071635000,0,0.34550000,36134.4900
1622943071685000,1,0.10000000,36134.5000
1622943071704000,1,0.41482702,36134.5000
1622943073129000,1,0.20107874,36093.6700
1622943075911000,0,0.00212000,36110.9200
1622943077798000,0,0.22000000,36124.3600
1622943078239000,1,0.00236000,36106.6300
1622943078495000,1,0.00000826,36106.6300
1622943096388000,0,0.20783000,36102.9200
1622943119848000,1,0.11106348,36083.7500
1622943119848000,1,0.09093031,36083.7500
1622943119885000,1,0.14390621,36083.7500
1622943119885000,1,0.05775584,36078.2400
1622943119899000,1,0.23474044,36078.2400
1622943119942000,1,0.65683484,36078.1900
1622943120301000,0,0.00528386,36094.6100
1622943122507000,0,0.00689000,36090.8700
1622943124495000,0,0.00111000,36090.3700
1622943145524000,0,0.00150000,36088.2300
1622943145580000,0,0.00150000,36087.7300
1622943150421000,0,0.02491000,36096.8100
1622943162046000,0,0.00796000,36072.9000
1622943164140000,0,0.00401681,36072.9000
1622943169637000,0,0.10079108,36058.7800
1622943169644000,0,0.10725676,36058.7800
1622943197646000,0,0.00900000,36062.2800
1622943198651000,0,0.04100000,36055.3500
1622943199626000,0,0.00600000,36049.5500
1622943200673000,0,0.02700000,36057.3800
1622943201666000,0,0.00200000,36046.0400
1622943202058000,0,0.00534951,36046.0400
1622943202270000,0,0.00212000,36046.0400
1622943202630000,0,0.00200000,36046.0400
1622943204643000,0,0.03100000,36047.9400
1622943205658000,0,0.01900000,36047.9400
1622943206623000,0,0.01600000,36043.2100
1622943207230000,1,0.00150000,36031.7200
1622943207230000,1,0.01871163,36031.7100
1622943207267000,1,0.00646602,36026.4500
1622943207490000,1,0.01616486,36025.0800
1622943207490000,1,0.09293492,36024.3000
1622943207626000,0,0.01700000,36025.6600
1622943208187000,1,0.04300000,36027.6500
1622943208498000,1,0.20000000,36022.9200
1622943208766000,1,0.05200000,36022.9200
1622943209628000,0,0.02600000,36020.8600
1622943210623000,0,0.00800000,36020.8600
1622943212645000,0,0.01400000,36037.6800
1622943213197000,0,0.18839000,36026.6700
1622943216634000,1,0.01700000,36041.3800
1622943217637000,0,0.02600000,36036.1000
1622943218696000,0,0.01700000,36040.9600
1622943241457000,0,0.20824745,36026.0400
1622943241464000,0,0.17455822,36027.5700
1622943241470000,0,0.10310877,36027.5700
1622943252017000,0,0.01100640,36039.9300
1622943263646000,1,0.20764977,36014.6100
1622943263649000,1,0.13927532,36014.6100
1622943263649000,1,0.01695071,36014.0500
1622943263668000,1,0.18034629,36014.0500
1622943263683000,1,0.01090105,36014.0500
1622943275840000,1,0.00150000,35996.1600
1622943275840000,1,0.03807650,35996.1500
1622943275840000,1,0.69077961,35993.0800
1622943275840000,1,0.41458974,35993.0800
1622943282814000,0,0.03985862,36013.2500
1622943282814000,0,0.02310838,36014.2200
1622943284619000,0,0.06200000,36014.2200
1622943285517000,0,0.20830203,36014.7300
1622943288688000,0,0.02200000,36031.4900
1622943288708000,0,0.00531000,36031.4900
1622943291630000,0,0.01700000,36032.8300
1622943291940000,0,0.66549885,36035.3600
1622943291940000,0,1.01260000,36037.8700
1622943291940000,0,0.32022117,36037.9300
1622943294630000,0,0.01100000,36033.8900
1622943295634000,0,0.01500000,36039.1900
1622943296661000,0,0.00400000,36039.1900
1622943297154000,0,0.64750474,36039.1900
1622943297154000,0,0.58994703,36039.2600
1622943297154000,0,0.03547481,36040.8200
1622943297154000,0,0.65741777,36041.8900
1622943297154000,0,0.06852519,36041.9100
1622943303812000,1,0.03174916,36027.7200
1622943303812000,1,0.27749131,36025.4200
1622943303812000,1,0.27749067,36025.3500
1622943303812000,1,0.79000000,36023.0100
1622943303812000,1,0.46027205,36022.7300
1622943303812000,1,0.14225953,36022.0400
1622943308628000,0,0.02400000,36054.1700
1622943309660000,1,0.01100000,36062.0200
1622943313569000,0,0.03623913,36092.4900
1622943313569000,0,2.27256087,36097.7000
1622943314128000,0,0.57392000,36097.7000
1622943314216000,0,0.40000000,36097.7000
1622943314305000,0,0.92931913,36097.7000
1622943314701000,1,0.02803569,36098.2000
1622943316006000,0,0.02914946,36080.8500
1622943320631000,0,0.00212000,36096.7700
1622943324963000,0,0.00276386,36094.4200
1622943353120000,1,0.67000000,36049.9300
1622943356934000,1,0.42800000,36049.9300
1622943370243000,1,0.01379000,36020.1200
1622943371695000,1,0.00000395,36020.1200
1622943371695000,1,0.03541697,36016.4300
1622943371695000,1,0.02200000,36014.4000
1622943374263000,1,0.03841393,36014.7800
1622943377138000,0,0.17902635,36035.8000
1622943388761000,0,0.00268000,36035.4700
1622943389566000,0,0.01327000,36032.1700
1622943398465000,1,0.00243334,36014.9800
1622943405139000,0,0.03128479,36019.1300
1622943408780000,0,0.00328684,36019.1300
1622943408780000,0,0.01012316,36024.0400
1622943415674000,0,0.10720822,36019.0700
1622943425938000,0,0.10107314,36019.0700
1622943425938000,0,0.01830960,36019.0700
1622943430342000,0,0.01206000,36019.0700
1622943432605000,0,0.17011036,36019.0700
1622943432605000,0,0.18997176,36019.0700
1622943432622000,0,0.01830960,36019.0700
1622943432722000,0,0.19665453,36026.4700
1622943432776000,0,0.14419783,36026.4700
1622943436140000,0,0.00212000,36051.9700
1622943437857000,1,0.34640000,36035.4500
1622943443823000,0,0.00554447,36036.9100
1622943452830000,0,0.00414000,36032.0600
1622943454820000,0,0.79000000,36034.9700
1622943454820000,0,0.10000000,36034.9700
1622943454820000,0,0.34650000,36036.7700
1622943454820000,0,0.10000000,36036.7700
1622943454820000,0,0.79000000,36037.3500
1622943454820000,0,0.10000000,36037.3500
1622943454820000,0,0.20820528,36037.3700
1622943454820000,0,0.03834125,36038.0000
1622943454820000,0,0.65700095,36039.5000
1622943454820000,0,0.06845831,36039.5100
1622943454820000,0,0.69330000,36040.3400
1622943454820000,0,0.30960112,36040.3900
1622943454820000,0,0.00150000,36040.4700
1622943454820000,0,0.34702743,36041.7000
1622943454820000,0,0.03000000,36042.2500
1622943454820000,0,0.48812858,36043.5600
1622943454820000,0,0.03292835,36043.7700
1622943457334000,0,0.00804000,36035.2500
1622943478646000,0,0.02220610,36029.2800
1622943497022000,0,0.20817217,36038.6600
1622943497022000,0,0.06479058,36040.4800
1622943498405000,0,0.41626000,36055.7500
1622943500698000,0,0.10000000,36077.1500
1622943518164000,0,0.01207386,36051.5500
1622943518608000,0,0.03226312,36050.6000
1622943518608000,0,0.00359918,36051.5500
1622943535520000,0,0.20816944,36043.3000
1622943535571000,0,0.03435962,36045.6500
1622943550928000,0,0.03542302,36044.0100
1622943550928000,0,0.06116698,36047.2700
1622943576388000,0,0.00212000,36039.0600
1622943585492000,1,0.07291116,36027.5400
1622943590655000,0,0.00106000,36039.0600
1622943598346000,1,0.26085422,36023.9700
1622943598349000,1,0.10124370,36023.9700
1622943604377000,1,0.01148667,36018.5500
1622943604377000,1,0.00326333,36017.6400
1622943613989000,1,0.00570705,36018.1400
1622943622329000,0,0.00133000,36027.5500
1622943622564000,0,0.20690209,36027.5500
1622943622594000,0,0.12383870,36027.7300
1622943622605000,0,0.12341050,36027.7300
1622943622612000,0,0.03041131,36027.7300
1622943649883000,0,0.00541000,36042.9800
1622943655039000,1,0.49851272,36025.9500
1622943661638000,1,0.06848728,36025.9500
1622943661638000,1,0.10467785,36025.9500
1622943661672000,1,0.09432215,36025.9500
1622943667680000,0,0.15970511,36024.7200
1622943668518000,0,0.01566076,36022.1100
1622943673709000,0,0.00212000,36020.8600
1622943680995000,0,0.01741096,36018.5600
1622943688905000,0,0.00353834,36019.5300
