timestamp ms,type,amount,price
1625616018369000,1,0.10000000,34193.5000
1625616018369000,1,0.00224064,34193.0000
1625616018369000,1,0.02866974,34191.7800
1625616018369000,1,0.56669260,34191.7800
1625616018564000,1,0.09796052,34183.0700
1625616018564000,1,0.61400000,34176.5400
1625616018564000,1,0.05000000,34175.4700
1625616018564000,1,0.21929544,34174.0600
1625616018564000,1,0.01874249,34173.7600
1625616065597000,0,0.00083333,34198.8000
1625616107251000,0,0.00140000,34212.0600
1625616109203000,0,0.01441000,34212.0500
1625616124592000,1,0.00351084,34169.2400
1625616124645000,1,0.00908729,34165.8900
1625616125375000,1,0.00110811,34169.2500
1625616125375000,1,0.00000001,34169.2500
1625616128836000,1,0.00062060,34155.0000
1625616128836000,1,0.00064445,34149.7100
1625616136144000,0,0.00063156,34149.7100
1625616136639000,0,0.00001289,34149.7100
1625616146848000,0,0.00518000,34192.0100
1625616163374000,1,0.00064445,34149.7100
1625616163374000,1,0.05885555,34136.0900
1625616171341000,1,0.00064445,34150.6800
1625616191039000,0,0.00196000,34174.7900
1625616208916000,0,0.01820000,34169.1900
1625616209591000,0,0.00650000,34171.4600
1625616216029000,0,0.21948591,34180.5400
1625616216030000,0,0.78051409,34180.5400
1625616216030000,0,0.21921464,34181.9100
1625616216030000,0,0.00027128,34181.9100
1625616227768000,0,0.00707000,34171.6300
1625616243890000,0,0.00700000,34193.9600
1625616292581000,0,0.09999999,34214.4200
1625616326263000,0,0.00916666,34239.8400
1625616344073000,0,0.00500000,34280.9300
1625616344097000,0,0.00000001,34280.9300
1625616348317000,0,0.02800000,34303.8500
1625616348317000,0,1.00000000,34303.8600
1625616348317000,0,0.31938543,34305.5800
1625616370158000,0,0.14554791,34277.5100
1625616375813000,0,0.00197000,34266.4000
1625616376416000,0,0.00300000,34266.4000
1625616376633000,0,0.00558000,34266.4000
1625616382075000,1,0.09081676,34278.0800
1625616386406000,0,0.00300000,34273.4100
1625616400810000,1,0.92272727,34240.5000
1625616405117000,0,0.00600000,34244.1000
1625616406009000,1,0.29218175,34240.5000
1625616406012000,1,0.57509098,34240.5000
1625616406190000,0,0.00100000,34244.1000
1625616406422000,0,0.00300000,34244.1000
1625616417762000,0,0.05585000,34265.7300
1625616421585000,0,0.00200000,34254.1300
1625616426407000,0,0.00200000,34247.5500
1625616435102000,0,0.00500000,34257.5600
1625616438051000,0,0.11310705,34239.2900
1625616438573000,0,0.00100000,34239.2900
1625616455054000,0,0.00400000,34256.2200
1625616455462000,0,0.00200000,34256.2200
1625616456411000,0,0.00500000,34256.2200
1625616471566000,0,0.00279000,34299.1600
1625616492513000,0,0.09470000,34284.2600
1625616508412000,0,0.02600000,34274.6900
1625616509686000,0,0.01422000,34278.7100
1625616510409000,0,0.00400000,34278.7100
1625616514417000,0,0.00700000,34273.6400
1625616515051000,0,0.00200000,34273.6400
1625616515651000,0,0.00200000,34263.8100
1625616516413000,0,0.00300000,34263.8100
1625616516477000,0,0.00100000,34263.8100
1625616522710000,0,0.00200000,34260.7600
1625616522799000,0,0.00100000,34260.7600
1625616523415000,0,0.00700000,34260.7600
1625616524462000,0,0.04000000,34260.7600
1625616524625000,0,0.00200000,34260.7600
1625616525106000,0,0.00500000,34260.7600
1625616525405000,0,0.01600000,34260.7600
1625616526408000,0,0.00300000,34260.7600
1625616526654000,0,0.00100000,34260.7600
1625616527619000,0,0.00200000,34260.7600
1625616529652000,0,0.00100000,34257.3000
1625616530677000,0,0.00200000,34262.8300
1625616532655000,0,0.00100000,34262.8300
1625616533462000,0,0.00586000,34265.7100
1625616551657000,0,0.00100000,34287.9100
1625616555422000,0,0.18220000,34289.6300
1625616555422000,0,0.10000000,34292.3900
1625616557560000,0,0.00500000,34322.0700
1625616557693000,0,0.00062060,34324.0000
1625616560583000,0,0.00063055,34339.0000
1625616560583000,0,0.00036945,34364.2500
1625616561602000,1,0.20540000,34332.4400
1625616561602000,1,0.10000000,34329.5500
1625616561686000,0,1.00000000,34362.5400
1625616561686000,0,0.72576251,34364.2600
1625616561686000,0,0.18423749,34364.2700
1625616566106000,0,0.00145000,34356.6900
1625616573732000,0,0.00064027,34369.3200
1625616573732000,0,0.00062062,34374.0000
1625616573732000,0,0.00716911,34380.1200
1625616577711000,0,0.10000000,34352.1400
1625616581416000,0,0.00064027,34366.0400
1625616585298000,0,0.01392000,34339.4300
1625616585826000,1,0.00700000,34337.2100
1625616592699000,0,0.14212000,34346.7400
1625616593920000,0,0.15204000,34350.7500
1625616596664000,0,0.00064027,34369.3200
1625616598222000,0,0.00063057,34389.0000
1625616598222000,0,0.01500000,34400.0000
1625616598222000,0,0.00075616,34401.0000
1625616598222000,0,0.00001077,34401.0000
1625616598274000,0,0.00000001,34401.0000
1625616607116000,1,0.10000000,34369.8200
1625616610843000,1,0.10000000,34374.8500
1625616627407000,0,0.00120154,34416.6200
1625616627407000,0,0.00921846,34421.8000
1625616631873000,1,0.00943687,34402.0700
1625616631874000,1,0.00000001,34402.0700
1625616636391000,0,0.00286000,34397.0800
1625616637133000,1,0.00600000,34396.2200
1625616637643000,0,0.00855000,34403.2600
1625616641564000,0,0.00139000,34400.5300
1625616645120000,0,0.00800000,34404.7600
1625616652272000,0,0.00142000,34407.9200
1625616655062000,0,0.00600000,34408.9000
1625616655908000,0,0.00737000,34408.9000
1625616656412000,0,0.00300000,34408.4000
1625616665070000,0,0.00300000,34384.2100
1625616665183000,0,0.00500000,34384.2100
1625616666412000,0,0.00300000,34381.4100
1625616671912000,1,0.00064027,34369.3200
1625616675059000,0,0.00400000,34368.7500
1625616675240000,0,0.07829000,34368.7500
1625616678317000,0,0.00900000,34367.2700
1625616679299000,0,0.00000819,34368.7500
1625616679299000,0,0.00199181,34373.2100
1625616680310000,0,0.00500000,34373.2100
1625616681302000,0,0.00100000,34373.2100
1625616682303000,0,0.00064027,34369.3200
1625616682303000,0,0.00235973,34371.9000
1625616683308000,0,0.00400000,34368.9000
1625616695054000,0,0.00700000,34378.7000
1625616695308000,0,0.00200000,34378.7000
1625616697308000,0,0.00600000,34375.9800
1625616698188000,1,0.00100000,34369.6200
1625616698307000,0,0.00400000,34372.4000
1625616699314000,0,0.00200000,34375.9300
1625616700211000,0,0.01392000,34381.2900
1625616703307000,0,0.01100000,34372.5000
1625616704376000,0,0.00200000,34372.5000
1625616718515000,0,0.02600000,34377.5500
1625616723190000,0,0.03420000,34388.5600
1625616726547000,0,0.04600000,34387.6800
1625616734749000,0,0.00167000,34374.1400
1625616735088000,0,0.00200000,34374.1400
1625616735484000,0,0.01200000,34374.1400
1625616736480000,0,0.00300000,34374.1400
1625616737509000,0,0.03300000,34374.1400
1625616738497000,0,0.01800000,34374.1400
1625616739473000,0,0.00300000,34374.1400
1625616740504000,0,0.02500000,34374.1400
1625616741465000,0,0.02700000,34374.1400
1625616742493000,0,0.01700000,34374.1400
1625616743485000,0,0.00442725,34374.1400
1625616743485000,0,0.01457275,34376.4800
1625616745036000,0,0.01100000,34381.1600
1625616746404000,0,0.00800000,34386.5400
1625616748733000,1,0.00064027,34369.3200
1625616755052000,0,0.00064027,34369.3200
1625616755961000,1,0.00035973,34379.3700
1625616756472000,1,0.00300000,34368.6500
1625616757661000,0,0.00261000,34374.4800
1625616761517000,0,0.00064027,34369.1100
1625616766577000,0,0.00539000,34360.6900
1625616789131000,1,0.04851419,34350.4300
1625616789640000,0,0.00099037,34368.8100
1625616797723000,0,0.01174208,34367.8600
1625616797723000,0,0.00064027,34369.3200
1625616797723000,0,0.01475765,34373.4000
1625616802821000,1,0.00064027,34369.3200
1625616806873000,0,0.10345024,34371.4300
1625616806875000,0,0.11484136,34371.4300
1625616808631000,0,0.08073918,34386.8600
1625616811428000,1,0.00064027,34380.5900
1625616812568000,1,0.72590420,34373.1800
1625616812568000,1,0.56008726,34372.8200
1625616815033000,0,0.00500000,34387.1400
1625616821568000,0,0.00064027,34364.3500
1625616823156000,0,0.00300000,34375.7400
1625616825063000,0,0.00300000,34371.6800
1625616826059000,0,0.04175000,34362.2400
1625616826416000,0,0.00300000,34362.2400
1625616835049000,0,0.00300000,34349.3100
1625616844070000,0,0.09705000,34350.3000
1625616845110000,0,0.00000241,34350.3000
1625616845110000,0,0.00399759,34352.4000
1625616846397000,0,0.00167000,34357.7600
1625616850822000,0,0.00348000,34357.7100
1625616852980000,0,0.05000000,34353.5500
1625616859513000,0,0.04135000,34357.7600
1625616878037000,0,0.15262184,34369.2500
1625616878037000,0,0.00064027,34369.3200
1625616878037000,0,0.10446401,34372.3000
1625616881519000,0,0.00064027,34368.8700
1625616882881000,1,0.00600000,34359.0000
1625616883984000,0,0.00696000,34350.9500
1625616884606000,0,0.00100000,34350.9500
1625616884782000,0,0.03700000,34350.9500
1625616885111000,0,0.00400000,34362.6000
1625616890222000,1,0.08203113,34330.2600
1625616890222000,1,0.07784481,34330.2600
1625616890223000,1,0.07551210,34330.2600
1625616890229000,1,0.05576809,34330.2600
1625616890990000,0,0.04210000,34337.8100
1625616897332000,0,0.00784000,34342.2200
1625616903362000,0,0.08347916,34347.6800
1625616913714000,0,0.00064027,34369.3200
1625616913714000,0,0.00965973,34385.7700
1625616919453000,0,0.01030000,34387.7400
1625616925608000,0,0.00123812,34394.5700
1625616942665000,0,0.01405000,34374.9000
1625616942927000,1,0.00064027,34369.3200
1625616947030000,1,0.00881379,34369.3200
1625616961875000,0,0.05474000,34333.2900
1625616963602000,0,0.00000436,34333.2900
1625616963602000,0,0.00264564,34350.2000
1625616994558000,0,0.06758000,34319.3200
1625617006778000,0,0.00100000,34347.6000
1625617008024000,0,0.06126000,34348.1700
1625617008379000,0,0.00141000,34348.1700
1625617013875000,0,0.00249692,34343.2900
1625617020775000,0,0.00100000,34331.0200
1625617022133000,1,0.00100000,34328.9900
1625617026404000,0,0.01000000,34330.9300
1625617026595000,0,0.06830000,34330.9300
1625617026788000,0,0.00000821,34330.9300
1625617026788000,0,0.00099179,34334.8400
1625617045791000,0,0.00836000,34332.4400
1625617049939000,0,0.00496000,34319.1300
1625617057391000,1,0.00077217,34318.8200
1625617057391000,1,0.08073918,34310.5200
1625617062925000,0,0.03025000,34308.1700
1625617066405000,0,0.00300000,34300.6400
1625617066805000,1,0.00200000,34306.0700
1625617072677000,0,0.01046000,34296.7000
1625617082498000,1,0.00100000,34288.0300
1625617099155000,0,0.15033649,34292.9300
1625617099236000,0,0.06844000,34292.9300
1625617099472000,0,0.09147000,34296.2800
1625617105061000,0,0.00000764,34296.2800
1625617110604000,1,0.07367446,34297.0500
1625617115158000,0,0.00184000,34305.5900
1625617134923000,0,0.00160000,34308.8800
1625617141142000,0,0.00184000,34302.3200
1625617163960000,1,0.00500000,34286.4900
1625617173602000,0,0.00200000,34270.7800
1625617174171000,1,0.00192476,34265.7300
1625617174171000,1,0.10000000,34265.7200
1625617175060000,0,0.00305603,34270.7800
1625617175060000,0,0.00394397,34274.3000
1625617178279000,0,0.00195000,34272.0000
1625617181670000,0,0.00558000,34272.0000
1625617186288000,0,0.12495000,34265.7500
1625617186410000,0,0.00000464,34265.7500
1625617201204000,1,0.00199536,34274.8100
1625617205055000,0,0.00300000,34272.3300
1625617205290000,0,0.26519000,34272.3300
1625617222765000,0,0.00279000,34287.2400
1625617240170000,1,0.00199999,34269.3500
1625617240175000,1,0.00000001,34269.3500
1625617266337000,0,0.00300000,34275.8400
1625617268130000,1,0.03254083,34255.0000
1625617275112000,0,0.00300000,34260.7800
1625617277350000,1,0.00100000,34259.4100
1625617294477000,0,0.00291000,34264.9500
1625617304362000,0,0.00900000,34266.9000
1625617308208000,0,0.00195000,34261.2600
1625617310017000,0,0.00279000,34272.4700
1625617311880000,1,0.00200000,34258.5200
1625617315060000,0,0.01200000,34260.6400
1625617328622000,0,0.00976000,34295.6900
1625617346409000,0,0.00200000,34269.5600
1625617358130000,1,0.00300000,34272.3600
1625617368179000,0,0.00893000,34281.7500
1625617383327000,1,0.00200000,34254.0000
1625617440149000,0,0.01869000,34268.4000
1625617455295000,0,0.04746000,34260.3600
1625617495999000,0,0.00583000,34226.4400
1625617496127000,1,0.02886386,34214.7200
1625617503968000,0,0.00699000,34220.6900
1625617506629000,1,0.00691751,34205.0100
1625617506629000,1,0.00062061,34205.0000
1625617506642000,1,0.00000001,34205.0000
1625617507847000,1,0.01729379,34198.8100
1625617507847000,1,0.00690621,34198.8100
1625617509729000,0,0.00702730,34209.7400
1625617511085000,1,0.00001130,34198.8100
1625617511085000,1,0.00198869,34198.8000
1625617513425000,1,0.00001131,34198.8000
1625617513425000,1,0.00653869,34198.8000
1625617513543000,1,0.00000258,34198.8000
1625617513543000,1,0.04495742,34194.9700
1625617524771000,1,0.10000000,34199.0600
1625617525172000,1,0.00493000,34198.5600
1625617525185000,1,0.00000469,34198.5600
1625617537079000,0,0.00099526,34201.4800
1625617547129000,1,0.01587405,34184.8200
1625617551078000,1,0.00354657,34184.7900
1625617563023000,1,0.00200000,34184.6000
1625617563023000,1,0.00100000,34184.1900
1625617563023000,1,0.00200000,34184.0300
1625617563096000,0,0.00300000,34185.7700
1625617563840000,1,0.00200000,34187.3800
1625617568126000,1,0.00300000,34184.0300
1625617568185000,0,0.00100000,34186.2000
1625617576762000,1,0.00100000,34184.0300
1625617579854000,0,0.00300000,34188.4100
1625617581127000,0,0.00200000,34184.5700
1625617583475000,1,0.20000000,34177.4500
1625617584099000,1,0.10000000,34174.9800
1625617585050000,0,0.00400000,34180.3600
1625617586871000,0,0.00249000,34184.9400
1625617608624000,0,0.01483000,34193.2800
1625617611442000,0,0.00462000,34190.1800
1625617651981000,0,0.00644000,34191.4500
1625617657424000,0,0.08095000,34186.8400
1625617670448000,0,0.00112000,34186.4600
1625617675058000,0,0.00100000,34186.1100
1625617676245000,0,0.01483000,34186.1900
1625617686404000,0,0.00700000,34186.1900
1625617687381000,1,0.00900000,34183.3800
1625617696471000,0,0.00500000,34186.9700
1625617698423000,0,0.00146000,34187.5700
1625617699288000,0,0.00182000,34187.5700
1625617705196000,1,0.00200000,34186.3000
1625617710664000,0,0.00280000,34182.2300
1625617713680000,0,0.00126000,34185.8000
1625617716455000,0,0.00700000,34185.8000
1625617717957000,0,0.21119470,34185.8000
1625617721473000,1,0.00399999,34183.9100
1625617721473000,1,0.00000001,34183.9100
1625617743023000,1,0.00200000,34157.8100
1625617747385000,1,0.00500000,34159.5200
1625617753428000,0,0.00140000,34172.4800
1625617756126000,1,0.00062060,34155.0000
1625617771220000,0,0.00263000,34156.7200
1625617773911000,0,0.00140000,34155.4500
1625617776857000,1,0.00300000,34155.6000
1625617789334000,1,0.00064445,34149.7100
1625617789334000,1,0.36550000,34144.8300
1625617789334000,1,0.18260000,34142.5800
1625617789334000,1,0.23463628,34134.8700
1625617789334000,1,0.10000000,34134.8600
1625617789334000,1,0.10000000,34134.8500
1625617789334000,1,0.49315094,34134.8300
1625617789334000,1,0.03300000,34134.7700
1625617789334000,1,0.74701694,34131.2700
1625617789334000,1,0.95776907,34131.2600
1625617789334000,1,0.86403871,34131.2600
1625617793782000,0,0.00064445,34149.7100
1625617793782000,0,0.00035555,34160.0500
1625617795348000,0,0.00280000,34157.5200
1625617804847000,1,0.00063156,34149.7100
1625617804945000,1,0.00001289,34149.7100
1625617806416000,0,0.00600000,34144.3400
1625617806727000,1,0.13360330,34127.6100
1625617807095000,1,0.60739000,34127.6100
1625617807100000,1,0.00000670,34127.6100
1625617808709000,0,0.14640835,34116.9400
1625617812666000,0,0.02839870,34125.7800
1625617817750000,1,0.00060817,34105.0000
1625617818034000,1,0.00001241,34105.0000
1625617819858000,0,0.02923000,34108.3700
1625617821525000,0,0.00421000,34108.3300
1625617849921000,0,0.00841000,34105.6500
1625617852632000,0,0.00132000,34105.1400
1625617854803000,0,0.02952000,34114.4900
1625617855030000,0,0.00477000,34117.8400
1625617884721000,1,0.01000000,34088.5700
1625617884938000,1,0.00418882,34088.5700
1625617886082000,1,0.00061796,34080.0000
1625617887172000,0,0.00991000,34086.7700
1625617895131000,1,0.00001261,34080.0000
1625617896061000,0,0.00283000,34084.7300
1625617960536000,1,0.06430000,34057.7700
1625617968496000,1,0.00300000,34055.0700
1625617968496000,1,0.00500000,34055.0300
1625617968496000,1,0.00063056,34055.0000
1625617968496000,1,0.02136944,34036.9900
1625617971627000,1,0.00063055,34030.0000
1625617971627000,1,0.14029319,34028.8900
1625617971665000,0,0.00142000,34055.6300
1625617971675000,1,0.12676628,34028.8900
1625617971684000,1,0.02661182,34028.8900
1625617971684000,1,0.10256141,34026.4000
1625617971685000,1,0.22294412,34026.4000
1625617971685000,1,0.12275468,34026.4000
1625617971915000,1,0.65700000,34020.4100
1625617971915000,1,0.00352224,34020.3000
1625617973657000,1,0.00063054,34005.0000
1625617973852000,0,1.29936000,34004.9300
1625617998112000,1,0.10000000,34012.4800
1625617998112000,1,0.10000000,34011.9800
1625618005356000,0,0.00142000,34010.5600
1625618020800000,0,0.00281000,34020.0000
1625618030731000,0,0.09719000,34020.0000
1625618033610000,1,0.28814000,34002.0500
1625618034900000,0,0.00534000,34013.1600
1625618047056000,1,0.03000000,34002.5800
1625618058155000,1,0.00000482,34002.0500
1625618058469000,1,0.60975000,33988.1200
1625618063593000,1,0.00063053,33980.0000
1625618075181000,0,0.00500000,33981.8600
1625618076141000,0,0.00200000,33981.8600
1625618076406000,0,0.00200000,33981.8600
1625618078850000,1,0.00600000,33979.0900
1625618113245000,0,0.01125000,33999.5800
1625618130115000,1,0.00400000,34003.9300
1625618132313000,0,0.01044000,34001.0100
1625618138936000,0,0.00000890,34001.0100
1625618159679000,0,0.01441000,34022.8100
1625618161793000,0,0.00436000,34016.9900
1625618168941000,0,0.03535000,34016.9900
1625618173253000,0,0.00000506,34016.9900
1625618182971000,0,0.00128000,34077.7900
1625618187905000,0,0.01418000,34040.3200
1625618209062000,1,0.01000000,34049.5300
1625618209421000,1,0.01000000,34049.5300
1625618209552000,1,0.37079280,34049.5300
1625618219096000,0,0.00281000,34071.6000
1625618225986000,0,0.00500000,34067.2100
1625618232091000,1,0.01114064,34049.5300
1625618235965000,0,0.00300000,34046.4300
1625618239955000,0,0.00100000,34050.3400
1625618277684000,1,0.00961000,34054.3200
1625618277703000,1,0.00000418,34054.3200
1625618304078000,0,0.04389000,34104.4800
1625618308468000,0,0.01611832,34086.0400
1625618312758000,0,0.03649000,34086.0400
1625618330010000,0,0.00339670,34083.9400
1625618344725000,0,0.13844924,34086.8400
1625618344742000,0,0.08164258,34088.9900
1625618344749000,0,0.07369633,34088.9900
1625618348985000,1,0.00308572,34069.8800
1625618350432000,1,0.48665000,34069.7300
1625618350746000,1,0.00000512,34069.7300
1625618350930000,1,0.00632564,34050.4600
1625618355413000,1,0.00209189,34043.1600
1625618397806000,0,0.02607555,34074.0600
1625618411352000,0,0.00604000,34074.5400
1625618413128000,0,0.00146000,34074.5400
1625618414569000,1,0.03000000,34053.6600
1625618414569000,1,0.03000000,34051.0800
1625618414569000,1,0.05000000,34045.4100
1625618414569000,1,0.05959688,34045.4000
1625618414569000,1,0.29354672,34043.1000
1625618414569000,1,0.20000000,34042.6100
1625618414569000,1,0.13826640,34039.2400
1625618415095000,1,1.00000000,34036.5400
1625618415095000,1,0.36680000,34023.5500
1625618415095000,1,0.05888890,34019.9900
1625618415095000,1,0.46084613,34015.3100
1625618415095000,1,0.19800000,34015.3100
1625618415095000,1,0.92114801,34015.3000
1625618415095000,1,0.08489900,34014.6000
1625618415095000,1,1.14875827,34009.6000
1625618440665000,0,0.00211000,34044.7200
1625618448229000,0,0.00586000,34045.4300
1625618457748000,0,0.00144000,34047.7300
1625618479120000,0,0.00184000,34052.0600
1625618480146000,0,0.08820737,34052.1700
1625618480146000,0,0.08269077,34052.1700
1625618481124000,0,0.09721000,34063.4800
1625618522701000,0,0.15693951,34046.8400
1625618531289000,0,0.00863000,34061.4500
1625618551077000,1,0.04000000,34056.7300
1625618551380000,1,0.08000000,34056.7300
1625618567655000,0,0.03932000,34066.6500
1625618606409000,0,0.00300000,34073.5600
1625618608236000,1,0.00799999,34072.1800
1625618608631000,1,0.00000001,34072.1800
1625618608631000,1,0.08219998,34068.6400
1625618615100000,0,0.00458000,34069.7500
1625618634483000,0,0.01193000,34079.9500
1625618652814000,0,0.03300000,34071.3600
1625618655694000,0,0.00281000,34071.3600
1625618656811000,0,0.00800000,34072.0600
1625618657814000,0,0.01700000,34074.5600
1625618661810000,0,0.00200000,34076.4600
1625618664826000,0,0.00900000,34076.4600
1625618665058000,0,0.00281000,34076.4600
1625618665558000,1,0.00499999,34072.2200
1625618665559000,1,0.00000001,34072.2200
1625618666328000,1,0.00299999,34071.8100
1625618667583000,1,0.00000001,34071.8100
1625618667583000,1,0.04099998,34071.5800
1625618667666000,1,0.00000002,34071.5800
1625618667783000,1,0.01600000,34069.5400
1625618667783000,1,0.02700000,34069.3400
1625618667813000,0,0.02800000,34074.3500
1625618686867000,0,0.00709000,34076.8600
1625618690478000,1,0.02000000,34067.0100
1625618690478000,1,0.01000000,34066.9500
1625618690478000,1,0.02099999,34066.9300
1625618691857000,1,0.00000001,34066.9300
1625618692217000,0,0.01100000,34066.5000
1625618692772000,0,0.01900000,34068.6500
1625618698195000,1,0.01948512,34055.0500
1625618723262000,0,0.00100000,34064.8500
1625618728701000,0,0.01545000,34066.9500
1625618742177000,0,0.00700000,34077.7400
1625618745436000,1,0.03800000,34101.3400
1625618751028000,0,0.01416000,34103.3900
1625618766942000,1,0.05230000,34086.3800
1625618766942000,1,0.01893000,34086.3800
1625618767055000,1,0.00000571,34086.3800
1625618767055000,1,0.12999429,34086.3700
1625618767075000,1,0.00000571,34086.3700
1625618774215000,0,0.00292000,34118.0300
1625618781524000,0,0.00064445,34149.7100
1625618781524000,0,0.00062555,34149.8000
1625618790145000,0,0.00201000,34139.4600
1625618791345000,0,0.00064445,34141.3600
1625618805306000,1,0.03330000,34136.4900
1625618813802000,1,0.00800000,34134.8600
1625618813802000,1,0.01100000,34133.1100
1625618813802000,1,0.01726000,34133.0800
1625618828626000,0,0.01508574,34138.5200
1625618831149000,0,0.00200000,34139.4000
1625618832433000,1,0.00074000,34133.0800
1625618835055000,0,0.00300000,34132.7700
1625618850580000,0,0.01100000,34114.6300
1625618851573000,0,0.00100000,34108.1800
1625618852575000,0,0.00300000,34108.1800
1625618854575000,0,0.01000000,34106.6700
1625618855057000,0,0.00600000,34106.6700
1625618868280000,1,0.55373411,34076.7600
1625618868578000,0,0.01000000,34099.4500
1625618871526000,0,0.00146000,34117.8200
1625618882957000,0,0.01887670,34116.3400
1625618894482000,1,0.02119999,34107.5200
1625618894523000,1,0.00000001,34107.5200
1625618912785000,1,0.00100000,34107.4500
1625618912785000,1,0.00199999,34106.0500
1625618912787000,1,0.00000001,34106.0500
1625618915106000,0,0.00300000,34103.0500
1625618916410000,0,0.00400000,34101.1400
1625618922556000,1,0.00080542,34088.0200
1625618925065000,0,0.00400000,34102.9400
1625618941792000,0,0.00561000,34104.0400
1625618945123000,0,0.01100000,34104.0400
1625618946419000,0,0.00200000,34104.0400
1625618947700000,0,0.16409000,34104.0400
1625618947700000,0,0.15528833,34106.4500
1625618957545000,0,0.21995225,34107.9600
1625618959399000,0,0.01543000,34118.0500
1625618972099000,0,0.00292000,34134.0500
1625618976664000,0,0.00200000,34141.0500
1625618980809000,1,0.01350000,34139.1100
1625618996292000,0,0.02802000,34141.2800
1625618998895000,1,0.01000000,34124.1900
1625618999077000,1,0.18300000,34119.6800
1625619002342000,0,0.00561000,34122.5300
1625619005983000,0,0.00100000,34123.7600
1625619011991000,0,0.00100000,34128.3000
1625619018820000,1,0.00300000,34127.9800
1625619028141000,0,0.00824000,34130.6100
1625619029579000,0,0.00409000,34133.2900
1625619043954000,0,0.00112000,34132.1500
1625619053525000,0,0.00561000,34133.6000
1625619066252000,0,0.00584000,34138.8500
1625619086456000,0,0.00300000,34144.2000
1625619087863000,0,0.00560000,34144.2000
1625619097147000,1,0.01000000,34138.2000
1625619097161000,1,0.03000000,34134.7900
1625619097345000,1,0.29291651,34124.6400
1625619105618000,1,0.12653983,34125.9300
1625619105618000,1,0.18290000,34123.3800
1625619105618000,1,0.08383001,34122.6600
1625619118667000,1,0.00294000,34137.6600
1625619118858000,1,0.00006000,34137.6600
1625619130889000,0,0.02547000,34136.2400
1625619152361000,0,0.21977318,34136.2300
1625619152455000,0,0.21974910,34140.2500
1625619152643000,0,0.00877000,34144.2000
1625619160418000,1,0.00316999,34122.6600
1625619160418000,1,0.07049838,34121.4400
1625619161095000,0,0.00771000,34137.0400
1625619176401000,0,0.01300000,34144.1900
1625619176779000,0,0.03063000,34144.2000
1625619182442000,0,0.00064445,34149.7100
1625619182442000,0,0.00541555,34152.6800
1625619191452000,0,0.00064445,34149.4400
1625619221184000,0,0.00175000,34149.3100
1625619225051000,1,0.00400000,34142.6300
1625619226408000,0,0.00500000,34142.9400
1625619236193000,1,0.00135583,34143.5200
1625619245058000,0,0.00200000,34145.9400
1625619250303000,1,0.00364417,34143.5200
1625619256392000,1,0.00300000,34144.0200
1625619265102000,1,0.01800000,34144.0400
1625619272242000,0,0.00292000,34146.4400
1625619280427000,1,0.00100000,34141.9500
1625619289408000,0,0.00100000,34143.3700
1625619290411000,0,0.00200000,34143.4200
1625619291939000,1,0.00100000,34142.0600
1625619291939000,1,0.00100000,34141.9500
1625619292029000,1,0.18280000,34124.2800
1625619293098000,1,0.10932908,34120.6700
1625619295063000,0,0.00100000,34123.6200
1625619296407000,0,0.00500000,34124.6200
1625619297406000,0,0.00100000,34124.6200
1625619298408000,0,0.00100000,34122.9900
1625619298589000,1,0.06767092,34120.6700
1625619301423000,0,0.00200000,34122.4400
1625619305086000,1,0.00400000,34110.0500
1625619306764000,1,0.00100000,34110.0300
1625619308589000,1,0.10000000,34088.8800
1625619309467000,0,0.00112000,34101.6900
1625619316410000,0,0.00600000,34074.6200
1625619318275000,1,0.18320000,34057.0900
1625619318275000,1,0.05000000,34049.8900
1625619318275000,1,0.36630000,34049.8800
1625619318275000,1,0.10000000,34049.8300
1625619318275000,1,0.05796520,34049.8200
1625619318795000,0,0.00293700,34074.6200
1625619338399000,0,0.01000000,34082.0300
1625619339555000,0,0.00200000,34082.0300
1625619339891000,0,0.02700000,34082.0300
1625619340492000,0,0.00200000,34090.5500
1625619345057000,0,0.00200000,34090.5500
1625619346382000,0,0.01800000,34090.5500
1625619346457000,0,0.00200000,34090.5500
1625619346516000,0,0.00700000,34090.5500
1625619347405000,0,0.00600000,34090.5500
1625619364318000,0,0.03600000,34099.0700
1625619364382000,0,0.01700000,34106.1900
1625619366269000,0,0.03600000,34107.5900
1625619367470000,0,0.03800000,34116.1100
1625619371381000,0,0.00600000,34124.6300
1625619372067000,0,0.00600000,34124.6300
1625619373067000,0,0.00200000,34124.6300
1625619374072000,0,0.00100000,34124.6300
1625619375073000,0,0.01200000,34124.6300
1625619375500000,0,0.00900000,34124.6300
1625619376408000,0,0.00700000,34133.1500
1625619378263000,0,0.02500000,34133.1500
1625619378263000,0,0.46671956,34141.6100
1625619378263000,0,0.36560000,34141.6200
1625619378263000,0,0.02900000,34141.6700
1625619378263000,0,0.08300000,34142.5400
1625619378263000,0,0.47429277,34147.1000
1625619381114000,0,0.00300000,34137.4300
1625619381339000,0,0.00100000,34137.4300
1625619382927000,1,0.00299999,34133.4800
1625619382927000,1,0.00000001,34133.4800
1625619383063000,1,0.00300000,34131.0600
1625619415374000,0,0.00730000,34141.9300
1625619429066000,0,0.00280000,34142.0300
1625619456409000,0,0.00064445,34149.7100
1625619463441000,1,0.00035555,34157.3200
1625619474716000,0,0.00126000,34168.8400
1625619496815000,0,0.00958762,34168.0000
1625619498767000,0,0.01400000,34161.4700
1625619505944000,1,0.00063156,34149.7100
1625619506185000,0,0.01227000,34155.2300
1625619511619000,0,0.02044000,34160.1400
1625619517178000,1,0.00001289,34149.7100
1625619526420000,0,0.00064445,34149.7100
1625619526420000,0,0.00035555,34154.5300
1625619543524000,0,0.00226000,34163.0400
1625619544251000,0,0.03400000,34164.1400
1625619567144000,0,0.00857000,34151.5300
1625619570373000,0,0.03700000,34156.9400
1625619573364000,0,0.00063054,34174.0000
1625619573364000,0,0.08036946,34175.8600
1625619575385000,0,0.03400000,34175.8100
1625619576382000,0,0.01700000,34171.1400
1625619576442000,0,0.00700000,34171.1400
1625619580366000,0,0.01900000,34173.3400
1625619581376000,0,0.01100000,34173.3400
1625619582574000,1,0.00100000,34163.8800
1625619583383000,0,0.01700000,34161.2400
1625619583442000,0,0.00200000,34161.2400
1625619583974000,0,0.00200000,34161.2400
1625619584380000,0,0.01800000,34163.4400
1625619584975000,0,0.00100000,34163.4400
1625619585377000,0,0.01200000,34167.4300
1625619587345000,0,0.01700000,34175.1900
1625619590395000,0,0.01900000,34167.4400
1625619593407000,0,0.00100000,34167.7400
1625619594374000,0,0.00200000,34168.6400
1625619595382000,0,0.01400000,34168.6400
1625619596374000,0,0.01400000,34168.6400
1625619597599000,1,0.00100000,34166.8500
1625619597599000,1,0.00099999,34163.5500
1625619597604000,1,0.00000001,34163.5500
1625619601388000,0,0.00300000,34166.2900
1625619603519000,1,0.17499776,34156.6700
1625619603519000,1,0.13869663,34152.8400
1625619603519000,1,0.00064445,34149.7100
1625619603519000,1,0.36530000,34148.1400
1625619603519000,1,0.18270000,34147.5800
1625619603519000,1,0.21034115,34147.3700
1625619606674000,1,0.17429000,34162.3900
1625619608246000,0,0.00252000,34165.6700
1625619609433000,1,0.00000110,34162.3900
1625619611949000,0,0.00064445,34149.7100
1625619611949000,0,0.00035555,34153.9300
1625619612979000,0,0.00200000,34153.9300
1625619613518000,0,0.00280000,34153.9300
1625619623039000,0,0.00457000,34153.9300
1625619628081000,0,0.00573000,34161.9300
1625619646522000,0,0.00224000,34172.0300
1625619664318000,0,0.13811991,34177.4300
1625619685058000,0,0.00100000,34201.8400
1625619694412000,1,0.16231182,34195.6000
1625619715050000,0,0.00400000,34207.4400
1625619735226000,1,0.08587826,34195.2400
1625619736410000,0,0.00300000,34193.4600
1625619736555000,0,0.00420000,34193.4100
1625619743304000,0,0.00500000,34178.4400
1625619744295000,0,0.00300000,34178.4400
1625619745045000,0,0.00100000,34179.6400
1625619745375000,0,0.00200000,34187.5000
1625619755064000,0,0.00500000,34179.4400
1625619755317000,0,0.00200000,34190.4800
1625619768303000,0,0.01100000,34199.1400
1625619782574000,1,0.08021724,34195.5900
1625619782915000,1,0.14041259,34195.5900
1625619785055000,0,0.00400000,34199.1400
1625619791976000,0,0.18220000,34200.9400
1625619796408000,0,0.00600000,34202.7500
1625619805077000,0,0.00400000,34202.7500
1625619806411000,0,0.00800000,34202.7500
1625619815051000,0,0.00300000,34203.8300
1625619816508000,0,0.00300000,34203.8300
1625619819905000,0,0.17640000,34203.8300
1625619819905000,0,0.00394980,34205.1800
1625619819913000,0,0.36105020,34205.1800
1625619819913000,0,0.04291760,34205.2300
1625619819929000,0,0.14503164,34205.2300
1625619819938000,0,0.03136836,34205.2300
1625619823412000,0,0.13982000,34210.1600
1625619824537000,1,0.17597218,34210.1500
1625619824957000,1,0.16791000,34210.1500
1625619825052000,0,0.00500000,34210.1600
1625619835957000,1,0.00000504,34210.1500
1625619841290000,1,0.09621801,34218.8400
1625619841346000,1,0.16791504,34218.8400
1625619846410000,0,0.00300000,34214.0600
1625619854210000,0,0.00063056,34224.0000
1625619854210000,0,0.00156000,34226.4400
1625619866439000,1,0.00300000,34245.6100
1625619867215000,0,0.00200000,34234.5600
1625619871458000,1,0.31044870,34239.9600
1625619871828000,1,0.01342000,34239.9600
1625619874252000,1,0.00000226,34239.9600
1625619874337000,0,0.00160000,34240.0600
1625619874404000,1,0.18199999,34221.1600
1625619874434000,1,0.00000001,34221.1600
1625619874965000,0,0.00279000,34236.6200
1625619879171000,0,0.00434000,34217.0600
1625619879443000,0,0.05000000,34217.0600
1625619894907000,0,0.00140000,34193.0500
1625619908619000,1,0.02061844,34173.1000
1625619913604000,1,0.00100000,34175.0600
1625619913604000,1,0.00000001,34173.1000
1625619919057000,0,0.05292580,34181.1500
1625619921508000,0,0.00100000,34181.1500
1625619928506000,0,0.00700000,34179.7500
1625619929586000,0,0.00100000,34179.7500
1625619929978000,1,0.00392000,34178.2600
1625619930564000,0,0.00200000,34179.7500
1625619936134000,0,0.01245590,34187.8800
1625619936651000,1,0.00400000,34185.3000
1625619946575000,0,0.00300000,34181.7500
1625619950355000,1,0.00200000,34180.0200
1625619950395000,1,0.00008000,34178.2600
1625619950395000,1,0.00500000,34176.6200
1625619963906000,0,0.01000000,34194.1500
1625619964571000,0,0.03000000,34194.1500
1625619964621000,0,0.21312170,34194.1500
1625619977062000,0,0.01454000,34205.1400
1625619996978000,0,0.00100000,34188.8500
1625619997275000,0,0.00196000,34188.8500
1625619997308000,0,0.00200000,34188.8500
1625619997386000,0,0.00600000,34188.8500
1625620009555000,0,0.00518000,34188.9500
1625620020215000,0,0.00560000,34192.4500
1625620027320000,1,0.00300000,34185.4700
1625620027550000,1,0.00400000,34176.6100
1625620043107000,0,0.00146000,34172.5400
1625620079258000,1,0.00064445,34149.7100
1625620085067000,0,0.00500000,34125.7800
1625620103257000,0,0.00200000,34142.1300
1625620114668000,0,0.00100000,34144.3300
1625620115076000,0,0.00300000,34144.3300
1625620115651000,0,0.00300000,34144.3300
1625620119441000,1,0.02999999,34140.0900
1625620119473000,1,0.00000001,34140.0900
1625620119473000,1,0.01400000,34138.0300
1625620124282000,1,0.00199999,34131.9500
1625620124283000,1,0.00000001,34131.9500
1625620127134000,1,0.01100000,34133.3300
1625620127134000,1,0.02000000,34128.8500
1625620143987000,0,0.09676089,34137.5300
1625620143994000,0,0.07517240,34137.5300
1625620143996000,0,0.17593540,34137.5300
1625620143998000,0,0.18713129,34137.5300
1625620144002000,0,0.07419533,34137.5300
1625620144005000,0,0.23831250,34137.5300
1625620152059000,0,0.00063156,34149.7100
1625620152384000,0,0.00001289,34149.7100
1625620152384000,0,0.07562711,34167.6900
1625620172420000,0,0.00149000,34173.3400
1625620181009000,1,0.00063156,34149.7100
1625620181039000,1,0.00001289,34149.7100
1625620181966000,0,0.00064445,34149.7100
1625620181992000,1,0.00035555,34159.8700
1625620194545000,0,0.01484000,34160.2300
1625620211742000,0,0.00641000,34185.1800
1625620218273000,0,0.18240000,34200.3400
1625620218273000,0,0.39534350,34211.4300
1625620224252000,0,0.08726422,34206.8000
1625620239256000,0,0.02917000,34200.1100
1625620262513000,0,0.00100000,34184.1400
1625620263516000,0,0.00200000,34184.1400
1625620265058000,0,0.00800000,34184.1400
1625620266405000,0,0.00200000,34184.1400
1625620267578000,0,0.00200000,34184.1400
1625620279295000,0,0.00308000,34187.9400
1625620296418000,0,0.01000000,34187.1400
1625620297373000,0,0.00200000,34187.1400
1625620325171000,1,0.01600000,34210.2000
1625620326410000,0,0.00600000,34214.0200
1625620332521000,0,0.04472000,34230.7500
1625620342256000,0,0.00699000,34237.9500
1625620350235000,1,0.10300000,34220.7600
1625620362110000,0,0.00575000,34262.4200
1625620366427000,0,0.00300000,34255.9500
1625620370580000,0,0.00100000,34245.4500
1625620372580000,0,0.00200000,34241.6400
1625620375058000,0,0.01600000,34245.7400
1625620378579000,0,0.00300000,34246.8500
1625620386410000,0,0.00600000,34244.2500
1625620391504000,1,0.21902626,34240.9100
1625620425806000,0,0.00100000,34226.7100
1625620429790000,1,0.00099999,34225.6400
1625620429791000,1,0.00000001,34225.6400
1625620435105000,0,0.01400000,34219.2900
1625620443661000,0,0.00140000,34228.2000
1625620453541000,0,0.00854000,34253.5200
1625620465061000,0,0.00200000,34257.0500
1625620467709000,1,0.00617400,34242.3200
1625620485052000,0,0.00900000,34259.8300
1625620486422000,0,0.00400000,34259.0500
1625620486436000,0,0.00558000,34259.0500
1625620488546000,0,0.00279000,34264.5500
1625620493688000,0,0.00112000,34265.0000
1625620498637000,0,0.01452124,34260.8400
1625620505673000,0,0.01410000,34270.7700
1625620515177000,0,0.00140000,34268.6100
1625620516415000,0,0.00100000,34264.8500
1625620517833000,0,0.18190000,34267.4500
1625620517833000,0,0.11259435,34269.2300
1625620517833000,0,0.00060817,34274.0000
1625620517833000,0,0.00001241,34274.0000
1625620517833000,0,0.17515159,34275.6200
1625620527822000,1,0.00300000,34258.9200
1625620545047000,0,0.01500000,34233.9500
1625620549023000,0,0.00564000,34231.5500
1625620571400000,1,0.00299999,34233.7700
1625620571402000,1,0.00000001,34233.7700
1625620582288000,0,0.00434000,34246.9500
1625620586565000,1,0.01100000,34242.6900
1625620593963000,0,0.00400000,34260.2900
1625620594024000,0,0.00900000,34260.2900
1625620607306000,0,0.00300000,34272.1700
1625620612389000,1,0.18200000,34272.8800
1625620616251000,0,0.11800000,34275.2700
1625620617409000,1,0.00100000,34271.9300
1625620617977000,0,0.00100000,34268.8500
1625620620256000,0,0.18230000,34268.3700
1625620620256000,0,0.20770000,34268.8000
1625620623285000,0,0.17800000,34272.5800
1625620625256000,0,0.18170000,34268.8800
1625620625256000,0,0.36470000,34269.1500
1625620625256000,0,0.14839187,34269.2000
1625620625256000,0,0.00020813,34278.1800
1625620625985000,0,0.00200000,34266.9700
1625620626480000,1,0.18200000,34277.4400
1625620628774000,1,0.00900000,34272.7100
1625620629508000,1,0.00099999,34258.9400
1625620629509000,1,0.00000001,34258.9400
1625620631278000,0,0.31900000,34278.5300
1625620632845000,0,0.00245547,34278.9800
1625620633320000,1,0.18200000,34277.4400
1625620637307000,0,0.10000000,34269.4200
1625620637307000,0,0.02600000,34270.2800
1625620645253000,0,0.18200000,34271.4800
1625620645989000,0,0.00500000,34267.6800
1625620646261000,0,0.17740000,34267.6800
1625620646261000,0,0.00460000,34274.0000
1625620647004000,0,0.00100000,34262.8800
1625620647266000,0,0.18120000,34262.8800
1625620647266000,0,0.00080000,34269.1400
1625620648254000,0,0.18200000,34258.5800
1625620649042000,0,0.00040000,34258.5800
1625620649042000,0,0.00242000,34263.5800
1625620649278000,0,0.21655797,34263.5800
1625620649278000,0,0.00044203,34272.2700
1625620649994000,0,0.00200000,34256.7900
1625620650249000,0,0.10200000,34258.2900
1625620652263000,0,0.13300000,34259.2900
1625620653076000,0,0.00291000,34259.2900
1625620653634000,1,0.00500000,34251.9100
1625620657840000,1,0.00299999,34245.0900
1625620659783000,1,0.00000001,34245.0900
1625620684941000,0,0.00642000,34250.5900
1625620734993000,1,0.00500000,34259.2300
1625620735054000,0,0.00728000,34260.9000
1625620735973000,0,0.00300000,34260.9000
1625620736059000,0,0.00100000,34260.9000
1625620736417000,1,0.01800000,34259.8800
1625620745287000,1,0.00200000,34259.5600
1625620745287000,1,0.02200000,34259.5600
1625620746315000,0,0.01700000,34262.9000
1625620746409000,0,0.00300000,34262.9000
1625620747315000,0,0.00500000,34262.9000
1625620747550000,0,0.05904930,34262.8900
1625620748137000,1,0.00708674,34259.0000
1625620750013000,1,0.00100000,34257.9800
1625620752095000,0,0.05208000,34250.7700
1625620752262000,0,0.05000000,34250.7700
1625620753316000,0,0.01589128,34250.7700
1625620753316000,0,0.00010872,34257.3200
1625620754455000,1,0.01500000,34253.1000
1625620761532000,1,0.10000000,34229.0400
1625620762931000,1,0.02166957,34228.8800
1625620762933000,1,0.00000001,34228.8800
1625620766410000,0,0.00400000,34230.9200
1625620770532000,0,0.00787000,34248.8100
1625620797275000,0,0.00364000,34247.1000
1625620803785000,1,0.21906966,34230.2600
1625620816276000,0,0.00849000,34233.5000
1625620826579000,0,0.00576000,34233.7500
1625620846006000,0,0.06269514,34225.2600
1625620856200000,0,0.03914000,34225.3900
1625620888056000,0,0.05900000,34231.1900
1625620891724000,1,0.02100000,34233.7000
1625620892598000,1,0.02500000,34232.9800
1625620893603000,0,0.01463000,34224.0600
1625620938265000,1,0.00058566,34216.6300
1625620955315000,0,0.03400000,34230.5800
1625620960571000,0,0.00109000,34235.5700
1625620968304000,0,0.01700000,34216.3200
1625620969342000,0,0.01700000,34218.4200
1625620970284000,0,0.18240000,34218.9700
1625620970284000,0,0.00260000,34219.9200
1625620977054000,0,0.00196000,34220.1800
1625620984847000,0,0.00364000,34228.8800
1625620985068000,0,0.00335000,34228.8800
1625621003552000,1,0.00237822,34237.5600
1625621009769000,1,0.00200000,34249.0400
1625621107764000,0,0.00475670,34272.8200
1625621125514000,0,0.05700000,34260.9600
1625621143556000,0,0.01000000,34253.6200
1625621145031000,0,0.01500000,34250.0800
1625621159965000,1,0.00099999,34250.0500
1625621159994000,1,0.00000001,34250.0500
1625621171586000,1,0.00200000,34262.8900
1625621179085000,0,0.00268765,34252.8900
1625621191809000,0,0.00838000,34256.3900
1625621197784000,0,0.00279000,34256.3900
1625621205141000,0,0.02793000,34257.5900
1625621213619000,0,0.04189000,34257.5900
1625621216106000,1,0.02599999,34253.1800
1625621216107000,1,0.00000001,34253.1800
1625621218197000,0,0.00100000,34246.8400
1625621219696000,0,0.07500000,34242.7700
1625621221686000,0,0.00800000,34246.1700
1625621226523000,1,0.02999999,34250.2600
1625621226555000,1,0.00000001,34250.2600
1625621227802000,1,0.03700000,34250.1200
1625621233705000,0,0.01700000,34252.9800
1625621236670000,0,0.00146000,34252.9800
1625621243352000,0,0.18200000,34256.0800
1625621278953000,0,0.00279000,34264.7800
1625621289533000,0,0.02911000,34254.8800
1625621295204000,1,0.01300000,34250.5800
1625621298561000,0,0.00628000,34255.8800
1625621298584000,0,0.02875000,34255.8800
1625621309442000,0,0.10435175,34255.5800
1625621310966000,1,0.01644499,34238.8000
1625621318473000,0,0.04472000,34230.4900
1625621320576000,0,0.00300000,34241.3800
1625621353384000,0,0.02305000,34236.2800
1625621355773000,0,0.00838000,34236.2800
1625621368897000,1,0.00294000,34232.2800
1625621368914000,1,0.00006000,34232.2800
1625621399515000,0,0.00120000,34251.9300
1625621408230000,1,0.00090000,34263.3800
1625621424249000,0,0.18180000,34264.9800
1625621424249000,0,0.14151712,34269.4600
1625621424249000,0,0.36460000,34270.4900
1625621424249000,0,0.21898546,34270.6600
1625621424249000,0,0.29200400,34272.5700
1625621424249000,0,0.14851914,34273.3200
1625621430940000,0,0.00419000,34265.2000
1625621474250000,0,0.01627340,34239.8900
1625621483574000,0,0.00071000,34239.8900
1625621529208000,0,0.00146000,34225.2400
1625621538756000,1,0.00199999,34198.8000
1625621538758000,1,0.00000001,34198.8000
1625621553481000,0,0.00154000,34214.6800
1625621558035000,0,0.00559000,34202.4500
1625621570863000,0,0.00140000,34204.5200
1625621594129000,1,0.10000000,34203.8600
1625621607027000,0,0.00113000,34214.6800
1625621648716000,1,0.36520000,34197.6600
1625621648716000,1,0.11781011,34197.6100
1625621648716000,1,0.18200000,34197.3600
1625621648716000,1,0.33498989,34191.5600
1625621652267000,0,0.15568000,34218.4700
1625621652291000,0,0.00000097,34218.4700
1625621663471000,0,0.00321000,34227.5000
1625621679293000,0,0.02302000,34224.5700
1625621685649000,1,0.00300000,34204.9300
1625621702518000,0,0.01398000,34224.0300
1625621731438000,0,0.18230000,34213.3600
1625621731438000,0,0.07478274,34213.7000
1625621737812000,0,0.06432000,34212.1400
1625621785728000,0,0.01454000,34207.6800
1625621792625000,0,0.00100000,34195.3300
1625621793153000,1,0.07248794,34153.7200
1625621799251000,0,0.00200000,34163.1500
1625621799980000,0,0.36560000,34163.1000
1625621799980000,0,0.13663732,34163.1500
1625621799980000,0,0.02236268,34171.0500
1625621800267000,0,0.00200000,34150.6700
1625621803879000,0,0.00146000,34163.3600
1625621805068000,0,0.00600000,34156.4900
1625621827873000,1,0.01696738,34149.9900
1625621827873000,1,0.00064445,34149.7100
1625621831384000,0,0.00300000,34125.7500
1625621836118000,0,0.00064445,34149.7100
1625621836118000,0,0.00047555,34153.5800
1625621841337000,0,0.00064445,34122.5500
1625621849378000,0,0.00200000,34134.2800
1625621859115000,0,0.00140000,34145.1800
1625621872037000,1,0.05149840,34135.3100
1625621888369000,1,0.05888542,34105.8000
1625621888369000,1,0.00062058,34105.0000
1625621888369000,1,0.02625041,34091.5300
1625621888371000,1,0.05783928,34087.5600
1625621888371000,1,0.06827586,34085.5700
1625621888371000,1,0.36641369,34085.1000
1625621888465000,1,0.36630000,34092.2400
1625621893814000,0,0.02012000,34097.8600
1625621896416000,1,0.00633332,34075.9800
1625621896417000,1,0.00000001,34075.9800
1625621898373000,1,0.18340000,34065.6900
1625621898373000,1,0.31475453,34056.7000
1625621901168000,1,0.05270000,34070.0500
1625621913757000,0,0.03469351,34092.5500
1625621913770000,0,0.36300000,34096.1600
1625621918917000,0,0.18330000,34086.6500
1625621930939000,0,0.02638000,34113.1200
1625621950580000,0,0.00842000,34100.1300
1625621990932000,1,0.10000000,34105.0500
1625621990932000,1,0.55851619,34096.0800
1625621990934000,1,0.29306324,34096.0800
1625621990956000,1,0.04950000,34096.0800
1625621990964000,1,0.09892057,34096.0800
1625621990964000,1,0.15023340,34090.6800
1625621990964000,1,0.06968024,34090.6800
1625621990964000,1,0.17947373,34083.2800
1625621990968000,1,0.11376848,34083.2800
1625621990968000,1,0.13538549,34077.1900
1625621990969000,1,0.24915397,34077.1900
1625621991003000,1,0.10000000,34106.1500
1625621991023000,1,0.03400000,34112.0100
1625621991031000,1,0.21878843,34112.0100
1625621991036000,1,0.10000000,34112.0100
1625621991044000,1,0.10000000,34112.0100
1625621991072000,1,0.54721157,34112.0100
1625621991108000,1,0.00839609,34083.6900
1625621991120000,1,0.02099245,34075.8000
1625621991120000,1,0.05915636,34075.7900
1625621991120000,1,0.29333075,34074.7100
1625621991439000,1,0.00839609,34067.4400
1625621991439000,1,0.05458582,34065.3100
1625621991552000,1,0.00063056,34055.0000
1625621992256000,0,0.14668498,34041.4100
1625621992313000,1,0.00633333,34035.1400
1625621997098000,0,0.00843000,34022.8500
1625621997652000,1,0.00063054,34005.0000
1625621997752000,0,0.09150000,34023.7300
1625621997752000,0,0.20000000,34024.2300
1625621997752000,0,0.91520000,34024.3000
1625622015498000,0,0.00733000,34025.6600
1625622024178000,0,0.36710000,34004.8500
1625622024178000,0,0.42096465,34004.9000
1625622024179000,0,0.37323325,34004.9000
1625622024189000,0,0.99918324,34004.9000
1625622024191000,0,0.99918324,34004.9000
1625622024192000,0,0.28048987,34004.9000
1625622024193000,0,0.12394979,34004.9000
1625622024196000,0,0.47125571,34004.9000
1625622024196000,0,1.00008780,34004.9000
1625622024196000,0,0.42805245,34004.9000
1625622026444000,1,0.00500000,34022.3400
1625622030428000,0,0.00586000,34024.7700
1625622056406000,0,0.00200000,34025.0000
1625622056466000,0,0.00100000,34025.0000
1625622058460000,0,0.00200000,34025.0000
1625622058576000,0,0.00100000,34025.0000
1625622058647000,0,0.02400000,34025.0000
1625622059366000,1,0.00200000,34024.9000
1625622059366000,1,0.00200000,34024.7000
1625622067959000,1,0.06610000,34024.9700
1625622071601000,0,0.10236420,34031.6800
1625622071604000,0,0.26453580,34031.6800
1625622071636000,0,0.28021542,34035.7200
1625622071637000,0,0.15150430,34038.4400
1625622071639000,0,0.03179570,34038.4400
1625622071691000,0,0.19725000,34040.6000
1625622071691000,0,0.04278373,34041.9700
1625622071700000,0,0.04258927,34041.9700
1625622071700000,0,0.08651938,34043.1000
1625622071701000,0,0.08598969,34043.1000
1625622071710000,0,0.18395111,34043.1000
1625622071713000,0,0.01105134,34043.1000
1625622071713000,0,0.05869424,34044.2200
1625622071713000,0,0.03000000,34045.9700
1625622071713000,0,0.02849333,34051.3800
1625622071714000,0,0.00624288,34051.3800
1625622072163000,0,0.03472988,34052.1200
1625622072163000,0,0.17840790,34052.1400
1625622072183000,0,0.05928682,34054.7800
1625622075695000,0,0.38858520,34050.1900
1625622085446000,0,0.01000000,34040.8500
1625622101106000,0,0.18330000,34038.5500
1625622101107000,0,0.19800000,34043.7700
1625622101107000,0,0.36660000,34043.8300
1625622101544000,1,0.05949108,34025.2600
1625622101544000,1,0.05600000,34024.9700
1625622109795000,0,0.12582142,34039.9100
1625622109878000,0,0.05930452,34044.6200
1625622109933000,0,0.29383627,34050.6900
1625622109958000,0,0.05813181,34053.6400
1625622109974000,0,0.22034056,34050.9100
1625622111899000,0,0.99967326,34057.7500
1625622112116000,1,1.35000000,34041.2200
1625622115595000,0,0.99972044,34061.2000
1625622115600000,0,0.99972044,34061.2000
1625622118120000,1,0.10367703,34048.9000
1625622118428000,0,0.18320000,34062.9700
1625622119390000,1,0.03506233,34050.4200
1625622119578000,1,0.00717000,34049.9200
1625622121128000,1,3.57540000,34042.2000
1625622123652000,0,0.05906000,34033.0800
1625622123667000,0,0.00000605,34033.0800
1625622125217000,0,0.05882779,34038.3200
1625622125529000,0,0.22035379,34045.2000
1625622126329000,0,0.22035378,34045.2000
1625622126428000,0,0.00000001,34045.2000
1625622126562000,0,0.05802474,34050.9900
1625622126701000,0,0.05000000,34053.4400
1625622126701000,0,0.36731255,34053.4500
1625622128425000,1,0.10000000,34035.5800
1625622134537000,0,0.22042000,34035.6200
1625622141557000,0,0.18309999,34044.0700
1625622154912000,0,0.22039832,34044.4300
1625622154955000,0,0.00000001,34044.4300
1625622155057000,0,0.06737408,34053.4500
1625622156318000,1,0.03300000,34069.7500
1625622176370000,0,0.00146000,34081.4800
1625622187295000,0,0.00238000,34094.0500
1625622193546000,1,0.13476993,34063.1500
1625622198351000,0,0.22018915,34082.5200
1625622198393000,0,0.07444191,34088.4100
1625622198396000,0,0.08556610,34085.5800
1625622198398000,0,0.09773390,34085.5800
1625622198398000,0,0.15133316,34088.4100
1625622198447000,0,0.14130000,34088.4100
1625622198447000,0,0.05917716,34094.2300
1625622198447000,0,0.03000000,34096.3100
1625622198481000,0,0.03400000,34082.5200
1625622198487000,0,0.18618915,34082.5200
1625622198487000,0,0.10000000,34087.9100
1625622198487000,0,0.16304153,34097.3100
1625622198591000,0,0.22050872,34097.3100
1625622198671000,0,0.05693244,34097.3100
1625622198916000,0,0.15038505,34104.7900
1625622198925000,0,0.15038244,34104.7900
1625622198938000,0,0.16823251,34104.7900
1625622206145000,0,0.00435000,34138.7000
1625622209834000,1,0.03300000,34122.4100
1625622213515000,0,0.02186000,34131.6900
1625622214325000,0,0.07145103,34129.6500
1625622214325000,0,0.02854897,34129.6500
1625622215065000,0,0.00064445,34149.7100
1625622215065000,0,0.00035555,34174.0000
1625622215161000,0,0.00027499,34174.0000
1625622215161000,0,0.00072501,34178.0000
1625622224113000,0,0.01021000,34183.7800
1625622224463000,1,0.00265696,34160.4700
1625622227253000,0,0.00442828,34185.0000
1625622227253000,0,0.15532172,34185.0000
1625622228312000,0,0.00310064,34184.9900
1625622228330000,1,0.09060000,34171.0000
1625622228970000,0,0.00202942,34184.9800
1625622229447000,1,0.00100000,34185.6400
1625622230211000,0,0.00560000,34201.8600
1625622239358000,0,0.00523000,34186.1100
1625622256706000,1,0.00900000,34183.2500
1625622256879000,1,0.03000000,34162.3400
1625622256879000,1,0.29256099,34161.7600
1625622256879000,1,0.36563934,34160.9500
1625622256883000,1,0.01094153,34154.6800
1625622256883000,1,0.02735382,34151.4000
1625622256883000,1,0.20000000,34151.3900
1625622272900000,0,0.00875000,34179.1000
1625622279809000,0,0.00560000,34189.2100
1625622310136000,1,0.02041767,34169.7100
1625622310652000,1,0.00639553,34169.7100
1625622315617000,1,0.09318000,34169.7100
1625622316646000,0,0.00168000,34179.9000
1625622329670000,0,0.00560000,34185.8800
1625622333333000,0,0.15669470,34187.9000
1625622346861000,0,0.00583000,34186.1000
1625622358682000,1,0.00600000,34175.2500
1625622358682000,1,0.00700000,34175.0500
1625622358682000,1,0.00299999,34175.0500
1625622359120000,1,0.00000001,34175.0500
1625622365555000,1,0.00200000,34175.2500
1625622365555000,1,0.00100000,34175.0500
1625622365555000,1,0.00600000,34175.0500
1625622374132000,1,0.04200000,34175.0500
1625622393160000,0,0.00560000,34183.7400
1625622395781000,1,0.18300000,34168.7000
1625622403753000,0,0.03100000,34174.5800
1625622405763000,0,0.01800000,34174.5400
1625622407757000,0,0.03500000,34177.6900
1625622408776000,0,0.01400000,34177.6900
1625622409742000,0,0.02100000,34177.6900
1625622410501000,0,0.00100000,34177.6900
1625622410771000,0,0.01700000,34177.6900
1625622411562000,0,0.00300000,34177.6900
1625622411781000,0,0.00600000,34177.6900
1625622412771000,0,0.00900000,34177.6900
1625622416784000,0,0.01300000,34177.6900
1625622417779000,0,0.01700000,34177.6900
1625622418195000,1,0.01713912,34166.1700
1625622418195000,1,0.24654407,34166.0000
1625622418198000,1,0.09350329,34166.0000
1625622418222000,1,0.09932149,34166.0000
1625622418223000,1,0.11825792,34166.0000
1625622418224000,1,0.15900896,34166.0000
1625622418235000,1,0.10777381,34166.0000
1625622418239000,1,0.19230229,34166.0000
1625622418249000,1,1.06206258,34166.0000
1625622418251000,1,0.12784932,34166.0000
1625622418252000,1,0.33570655,34166.0000
1625622418287000,1,0.07556054,34166.0000
1625622418288000,1,0.12065503,34166.0000
1625622418289000,1,0.14942048,34166.0000
1625622418304000,1,0.21203367,34166.0000
1625622419887000,1,0.32547000,34154.9800
1625622419966000,1,0.00000212,34154.9800
1625622424161000,1,0.00063156,34149.7100
1625622425437000,1,0.01200000,34157.5800
1625622426640000,1,0.00001289,34149.7100
1625622431079000,0,0.00876000,34143.8900
1625622443847000,0,0.00064445,34149.7100
1625622443847000,0,0.01896555,34159.3900
1625622451359000,1,0.00064445,34149.7100
1625622497253000,0,0.00277000,34143.2500
1625622500055000,0,0.00420000,34143.2500
1625622506645000,0,0.03601000,34132.6800
1625622535499000,0,0.00561000,34131.0800
1625622542753000,0,0.18270000,34132.8800
1625622542753000,0,0.21987784,34133.5700
1625622587157000,0,0.21981624,34138.5300
1625622605125000,1,0.04448666,34135.9800
1625622609394000,0,0.00064445,34149.7100
1625622734487000,1,0.00600000,34181.8700
1625622739355000,0,0.00204000,34192.4900
1625622741841000,1,0.31325000,34175.5700
1625622791432000,1,0.00300000,34155.9700
1625622797977000,0,0.00980000,34175.6400
1625622803440000,0,0.00212000,34175.9500
1625622809925000,0,0.00146000,34191.7700
1625622816412000,0,0.00101000,34184.5400
1625622839130000,1,0.06707671,34171.3700
1625622874128000,1,0.00538785,34163.2000
1625622884131000,1,0.00808236,34166.9800
1625622890195000,0,0.21956714,34181.6800
1625622890242000,0,0.18195400,34180.8900
1625622890647000,0,0.12561128,34190.3500
1625622890810000,0,0.23968872,34190.3500
1625622891473000,0,0.04200000,34191.9700
1625622891664000,0,0.00091666,34198.8000
1625622891664000,0,0.04400000,34200.5100
1625622895443000,1,0.00099999,34189.1800
1625622895452000,1,0.00000001,34189.1800
1625622898431000,0,0.00158000,34206.1500
1625622915643000,0,0.18220000,34207.6000
1625622946457000,0,0.00700000,34210.8800
1625622948130000,1,0.03542029,34198.5700
1625622950129000,1,0.01045724,34199.0700
1625622951128000,1,0.00585412,34198.0700
1625622958934000,0,0.00146000,34210.5000
1625622977137000,1,0.17211079,34205.5700
1625622981574000,0,0.01619937,34221.9400
1625623000261000,0,0.00126000,34219.6800
1625623003130000,1,0.00436706,34204.4200
1625623018311000,0,0.00510000,34220.7200
1625623041376000,1,0.01699597,34203.3700
1625623041508000,1,0.18260000,34199.3700
1625623048749000,0,0.00113000,34207.5600
1625623112419000,0,0.21933239,34209.0600
1625623112510000,0,0.21933239,34209.0600
1625623112602000,0,0.29246562,34212.8900
1625623130911000,0,0.02600000,34218.9400
1625623147721000,0,0.00063056,34224.0000
1625623147721000,0,0.03300000,34227.4900
1625623147817000,0,0.21915910,34235.1900
1625623147878000,0,0.02700000,34236.0400
1625623159184000,0,0.03100000,34244.5900
1625623180886000,0,0.00228000,34253.1400
1625623184293000,0,0.00768000,34253.1400
1625623187059000,0,0.00146000,34252.6700
1625623195108000,0,0.01700000,34253.1400
1625623203566000,0,0.00004000,34253.1400
1625623203566000,0,0.01406000,34261.6900
1625623239164000,0,1.00000000,34243.6500
1625623239164000,0,0.10000000,34243.6500
1625623239164000,0,0.06400000,34245.3600
1625623239164000,0,0.10000000,34245.3700
1625623239164000,0,0.10000000,34245.3800
1625623239164000,0,1.00000000,34245.3800
1625623239164000,0,0.36500000,34246.6900
1625623239164000,0,0.04200000,34250.8800
1625623239164000,0,0.20000000,34250.8800
1625623239164000,0,0.99508868,34250.9000
1625623239164000,0,0.18200000,34250.9100
1625623239164000,0,0.04000000,34254.1400
1625623239164000,0,0.49526377,34254.6200
1625623241930000,0,0.04191000,34243.0700
1625623244260000,0,0.00279000,34233.8200
1625623244864000,0,0.02512000,34227.2300
1625623245855000,0,0.00434000,34235.5400
1625623246408000,0,0.01500000,34226.6800
1625623253777000,0,0.15557371,34229.7500
1625623253862000,1,0.10000000,34230.2100
1625623253895000,1,0.76006956,34230.2100
1625623253896000,1,0.98435673,34230.2100
1625623300955000,0,0.05540000,34204.2300
1625623312138000,0,0.05588000,34210.2900
1625623359791000,0,0.00769939,34214.4500
1625623366464000,0,0.03215000,34221.8100
1625623389106000,0,0.04321000,34202.3500
1625623395168000,0,0.00140000,34202.3500
1625623407129000,1,0.01227621,34185.8700
1625623432075000,0,0.00200000,34192.5900
1625623463929000,0,0.00574000,34179.8100
1625623465264000,1,0.00963756,34176.8200
1625623465305000,1,0.01467588,34176.8200
1625623479875000,0,0.00369000,34184.5200
1625623489616000,1,0.01000000,34183.1300
1625623495532000,0,0.00280000,34191.9900
1625623498129000,1,0.02930733,34180.9700
1625623510138000,1,0.00336803,34182.0900
1625623510222000,1,0.00452746,34182.0900
1625623510343000,1,0.00310016,34182.0900
1625623510454000,1,0.00546780,34182.0900
1625623523664000,0,0.00112000,34189.5600
1625623546266000,0,0.00616000,34173.2900
1625623549499000,0,0.00280000,34151.5800
1625623561127000,1,0.00064445,34149.7100
1625623562198000,0,0.00063156,34149.7100
1625623566051000,0,0.00001289,34149.7100
1625623604132000,1,0.00064445,34149.7100
1625623604132000,1,0.11458334,34140.0800
1625623611989000,0,0.00063156,34149.7100
1625623612241000,0,0.00001289,34149.7100
1625623616648000,0,0.03603728,34154.6300
1625623621416000,0,0.00064445,34148.4700
1625623623443000,1,0.01597000,34143.3900
1625623631178000,0,0.00140000,34144.7900
1625623637870000,1,0.00000580,34143.3900
1625623642856000,1,0.33968976,34132.7400
1625623646052000,0,0.00168000,34136.5100
1625623664822000,0,0.05000000,34122.7200
1625623664922000,0,0.00929773,34122.7200
1625623679988000,0,0.00143000,34135.4000
1625623680001000,0,0.05720121,34135.4000
1625623741132000,1,0.02419744,34126.9400
1625623742171000,1,0.00212754,34134.6800
1625623743666000,1,0.02136656,34127.6800
1625623757366000,0,0.21976485,34144.6500
1625623757769000,0,0.00064445,34149.7100
1625623758299000,0,0.00900000,34149.2900
1625623766122000,1,0.00063156,34149.7100
1625623769954000,0,0.00700000,34157.8200
1625623769954000,0,0.17348524,34158.0000
1625623769957000,0,0.04623157,34158.0000
1625623770735000,0,0.00800000,34166.3500
1625623772791000,1,0.05630000,34172.9000
1625623800127000,1,0.00001289,34149.7100
1625623801063000,0,0.00166000,34157.0800
1625623803691000,0,0.00064445,34149.7100
1625623804129000,1,0.00035555,34157.6400
1625623817499000,0,0.21970934,34157.9600
1625623817512000,0,0.16511211,34158.9600
1625623817516000,0,0.07450607,34158.9600
1625623820130000,1,0.06729411,34160.1700
1625623834129000,1,0.14646067,34158.0700
1625623845701000,0,0.00230000,34164.4600
1625623849443000,0,0.00830739,34164.4600
1625623849767000,0,0.00016954,34164.4600
1625623874855000,1,0.00064445,34149.7100
1625623874855000,1,0.00035555,34130.0700
1625623907941000,1,0.03820000,34127.7400
1625623908043000,0,0.01000000,34125.6500
1625623908093000,0,0.02680000,34125.6500
1625623908222000,0,0.00400000,34137.5600
1625623909175000,0,0.05797721,34137.5500
1625623909175000,0,0.11000000,34137.5600
1625623912793000,0,0.00140000,34148.9100
1625623912938000,1,0.04500000,34141.9600
1625623912989000,1,0.02000000,34141.9600
1625623913972000,1,0.03400000,34141.9600
1625623914027000,1,0.01600000,34135.2800
1625623950381000,0,0.00504789,34142.2600
1625623952221000,0,0.00518000,34142.2600
1625623973040000,0,0.02382000,34127.3000
1625623983416000,0,0.03899733,34112.0100
1625623989780000,0,0.01121000,34120.2000
1625623998797000,1,0.00227931,34104.1900
1625623999702000,1,0.00113973,34104.2000
1625624000185000,1,0.05000000,34088.8800
1625624018583000,0,0.00519000,34097.0800
1625624020844000,1,0.00278593,34083.0400
1625624020859000,1,0.04950000,34067.3500
1625624020870000,1,0.05000000,34067.3500
1625624020870000,1,0.10000000,34067.3000
1625624020870000,1,0.09937787,34067.2900
1625624020873000,1,0.12067434,34067.2900
1625624020873000,1,0.01027676,34062.7100
1625624020873000,1,0.11842677,34062.7000
1625624020959000,1,0.03300000,34083.4500
1625624020996000,1,0.18320000,34083.4500
1625624021053000,1,0.78380000,34083.4500
1625624035257000,1,0.10664025,34072.9500
1625624043131000,1,0.08084280,34069.5300
1625624061411000,0,0.00186000,34105.5800
1625624065055000,0,0.00112671,34108.3800
1625624065055000,0,0.17102399,34111.0100
1625624065071000,0,0.08146490,34111.0100
1625624065073000,0,0.07162350,34111.0100
1625624065154000,0,0.14543398,34111.0100
1625624065168000,0,0.07029855,34111.0100
1625624065186000,0,0.10530178,34111.0100
1625624065235000,0,0.09985330,34111.0100
1625624084710000,1,0.03300000,34115.4000
1625624088407000,0,0.00841000,34138.8100
1625624114721000,0,0.00196000,34118.3900
1625624119234000,0,0.00273000,34112.8800
1625624126565000,0,0.00146000,34116.6700
1625624144509000,0,0.04347007,34135.3900
1625624175744000,0,0.04205000,34129.1200
1625624175854000,0,0.00701000,34129.1200
1625624182003000,0,0.00421000,34129.1200
1625624182387000,0,0.00280000,34125.8700
1625624183215000,0,0.01462000,34129.1200
1625624187869000,0,0.00146000,34128.0700
1625624214883000,0,0.00289000,34138.3600
1625624236045000,0,0.00330000,34125.7600
1625624239608000,1,0.01496015,34117.8500
1625624266371000,1,0.00000001,34117.8500
1625624279724000,0,0.00146000,34147.3600
1625624288842000,0,0.00064445,34149.7100
1625624288842000,0,0.01616555,34153.9900
1625624291369000,0,0.00064445,34148.0600
1625624313499000,0,0.00138435,34138.5600
1625624334541000,0,0.00280000,34137.2000
1625624348707000,1,0.49278581,34122.2900
1625624397946000,0,0.00701000,34127.4600
1625624402573000,1,0.03233746,34116.7900
1625624403067000,0,0.00600000,34131.6000
1625624414464000,0,0.03000000,34140.0000
1625624451465000,1,0.26283635,34083.7200
1625624451467000,1,0.24843115,34083.7200
1625624456531000,1,0.99931929,34083.7000
1625624461481000,0,0.00142000,34089.3500
1625624464438000,0,0.18290000,34082.5500
1625624466667000,0,0.00140000,34086.5600
1625624481666000,1,0.00200000,34078.9700
1625624489585000,0,0.00112000,34086.9500
1625624528617000,0,0.14315042,34098.1500
1625624528814000,0,0.14448193,34099.1500
1625624528868000,0,0.27917330,34099.1500
1625624529362000,0,0.17168936,34101.8900
1625624529392000,0,0.19491064,34101.8900
1625624544461000,1,0.10000000,34078.2000
1625624544461000,1,0.10000000,34078.1900
1625624544461000,1,0.10000000,34078.1800
1625624544461000,1,0.03300000,34078.1700
1625624544461000,1,0.12424395,34076.2000
1625624544463000,1,0.22002248,34071.8300
1625624544498000,1,0.24931961,34070.6800
1625624544499000,1,0.03479825,34070.6800
1625624544528000,1,0.00925894,34070.6800
1625624544537000,1,0.05943859,34065.4100
1625624544640000,0,0.03300000,34060.8600
1625624544640000,0,0.76200000,34063.5000
1625624544671000,0,1.46689489,34063.5000
1625624545180000,1,0.01309461,34061.0200
1625624545180000,1,0.03300000,34061.0100
1625624557624000,1,0.00100742,34059.0300
1625624557645000,1,0.00063056,34055.0000
1625624557645000,1,0.03300000,34048.2000
1625624568904000,1,0.09027319,34046.8200
1625624578520000,1,0.16548457,34040.1000
1625624578601000,1,0.00600000,34040.0700
1625624614501000,0,0.00146000,34061.7400
1625624671816000,1,0.27904552,34054.0000
1625624671830000,1,0.31324575,34050.0900
1625624671830000,1,0.17182956,34048.1400
1625624671832000,1,0.21783198,34048.1400
1625624671862000,1,0.19150695,34048.6300
1625624671886000,0,0.03300000,34058.8800
1625624671890000,1,0.07943160,34058.9600
1625624671896000,1,0.12560182,34058.9600
1625624671913000,1,0.11871228,34058.9600
1625624671980000,1,0.45549000,34058.9600
1625624671999000,1,0.18776430,34058.9600
1625624682844000,0,0.18310000,34056.9400
1625624682844000,0,0.03200000,34065.0900
1625624682844000,0,0.22033095,34065.1000
1625624682844000,0,0.03000000,34066.1700
1625624682844000,0,0.04000000,34068.0600
1625624682844000,0,0.15542108,34070.8200
1625624682844000,0,0.13826640,34070.8300
1625624682844000,0,0.05000000,34070.8400
1625624682844000,0,0.73742941,34070.8500
1625624682844000,0,0.35834076,34070.9900
1625624683139000,0,0.00439000,34062.8800
1625624683719000,0,0.18300000,34051.6400
1625624684636000,0,0.18350000,34051.6400
1625624684914000,0,0.18340000,34051.7500
1625624699378000,0,0.00140000,34056.1500
1625624708713000,0,0.22044836,34036.3700
1625624708815000,0,0.17690714,34036.3500
1625624708816000,0,0.00629286,34036.3500
1625624712585000,0,0.00218899,34057.0800
1625624734810000,1,0.10000000,34033.1100
1625624751447000,0,0.00141000,34045.2500
1625624769100000,0,0.22038000,34046.7400
1625624769104000,0,0.00000593,34046.7400
1625624769156000,0,0.24990194,34052.2500
1625624769207000,0,0.04393229,34052.2500
1625624776098000,0,0.00912000,34082.6400
1625624791167000,0,0.13609000,34063.9800
1625624813580000,0,0.00850000,34086.2200
1625624829762000,1,0.01663678,34065.3000
1625624829762000,1,0.71507751,34060.0000
1625624830361000,0,0.00283000,34065.3100
1625624830665000,0,0.00561000,34060.6500
1625624832372000,0,0.36660000,34070.2600
1625624836431000,0,0.01179000,34091.2200
1625624854665000,0,0.01404000,34076.8000
1625624861493000,1,0.00163580,34057.0100
1625624906005000,1,0.18402074,34061.8700
1625624906011000,1,0.24949041,34061.8700
1625624906012000,1,0.24949042,34061.8700
1625624906013000,1,0.17064108,34061.8700
1625624906015000,1,0.14635735,34061.8700
1625624906015000,1,0.10313306,34061.3300
1625624906015000,1,0.11702345,34061.3300
1625624906015000,1,0.19677373,34056.6700
1625624906147000,1,0.09675914,34056.6700
1625624915629000,0,0.09053587,34067.4900
1625624950331000,0,0.00567000,34068.7900
1625624990475000,0,0.00439000,34096.0800
1625625011202000,0,0.00267000,34090.8400
1625625051781000,0,0.06050530,34096.5800
1625625053351000,0,0.12239470,34096.5800
1625625053351000,0,0.01565765,34100.0000
1625625059019000,1,0.22000923,34080.6400
1625625059046000,1,0.36660000,34083.0500
1625625065809000,0,0.01346000,34123.4800
1625625103661000,0,0.00196000,34100.4800
1625625107831000,0,0.01559000,34100.4800
1625625122470000,0,0.01471000,34118.6500
1625625170695000,0,0.00146000,34110.3800
1625625181949000,0,0.01462000,34110.3800
1625625190671000,1,0.08177397,34097.6200
1625625190678000,1,0.07516947,34097.6200
1625625191116000,1,0.55734512,34097.6200
1625625227186000,1,0.00600000,34109.7700
1625625242669000,1,0.00539200,34094.8200
1625625243808000,0,0.01458456,34112.0800
1625625261559000,1,0.00596000,34096.8200
1625625269914000,0,0.02805000,34112.0800
1625625301752000,1,0.00300000,34121.8400
1625625306722000,0,0.00623950,34115.6800
1625625320918000,0,0.00561000,34126.6800
1625625351978000,0,0.00229000,34120.8900
1625625352472000,0,0.00292000,34120.8900
1625625401986000,0,0.00146000,34108.0700
1625625416585000,1,0.00084249,34092.7500
1625625418970000,0,0.00867000,34107.2700
1625625425375000,0,0.00286000,34097.6700
1625625466668000,0,0.01068287,34108.1800
1625625472546000,0,0.00224000,34110.1600
1625625511580000,0,0.01962000,34116.6100
1625625580553000,1,0.00095393,34102.6800
1625625609476000,0,0.04900000,34127.4900
1625625610565000,0,0.01969480,34133.6900
1625625696746000,0,0.04900000,34136.0200
1625625701050000,1,0.52171000,34125.1100
1625625720500000,0,0.05800000,34144.5500
1625625726055000,0,0.00064445,34149.7100
1625625726055000,0,0.00775555,34150.7900
1625625735259000,1,0.00064445,34149.7100
1625625736403000,0,0.00300000,34141.5100
1625625736573000,0,0.00100000,34141.5100
1625625755062000,0,0.00600000,34141.7900
1625625756410000,0,0.00200000,34143.0900
1625625782864000,0,0.00292000,34149.6900
1625625784697000,0,0.00064445,34149.7100
1625625785203000,0,0.02521000,34159.3900
1625625806410000,0,0.00779000,34159.3900
1625625806410000,0,0.00021000,34165.0900
1625625819638000,0,0.18280000,34149.7200
1625625843287000,1,0.00063156,34149.7100
1625625843321000,1,0.00001289,34149.7100
1625625850562000,0,0.01000000,34138.0100
1625625852549000,0,0.00064445,34149.7100
1625625852549000,0,0.00035555,34150.6800
1625625856406000,0,0.00300000,34158.9800
1625625863445000,1,0.00064445,34149.7100
1625625863445000,1,0.00096711,34143.4200
1625625876428000,0,0.18300000,34147.2800
1625625885040000,0,0.00064445,34149.7100
1625625885040000,0,0.00035555,34155.4200
1625625888051000,0,0.00156000,34164.5800
1625625896376000,1,0.00063156,34149.7100
1625625896406000,1,0.00001289,34149.7100
1625625911016000,0,0.12750659,34136.0400
1625625911319000,0,0.13938508,34135.4600
1625625912110000,0,0.00858370,34135.5200
1625625913202000,0,0.00064445,34149.7100
1625625913202000,0,0.00227555,34159.2700
1625625921413000,0,0.00064445,34127.8000
1625625924379000,1,0.02138173,34122.1000
1625625925057000,0,0.00300000,34124.7900
1625625925839000,0,0.01415000,34124.3800
1625625926407000,0,0.00500000,34124.3800
1625625947350000,1,0.00098849,34125.3400
1625625947368000,1,0.00098849,34125.3400
1625625959093000,0,0.18260000,34133.0800
1625625959093000,0,0.36610000,34142.7400
1625625959093000,0,0.29304579,34142.7900
1625625959093000,0,0.02900000,34144.2700
1625625959093000,0,0.10296196,34148.4000
1625625959093000,0,0.03000000,34148.5700
1625625959093000,0,0.00064445,34149.7100
1625625959093000,0,0.68058647,34149.8800
1625625959093000,0,0.02159072,34149.9000
1625625961346000,0,0.00064445,34132.4900
1625625986409000,0,0.00500000,34120.8800
1625625989727000,0,0.13715835,34112.2500
1625626020774000,1,0.18250000,34118.3800
1625626020774000,1,0.01750000,34114.4500
1625626025682000,0,0.00438000,34135.2800
1625626045105000,0,0.00600000,34132.4800
1625626046410000,0,0.00500000,34132.4800
1625626056232000,0,0.00701000,34134.2000
1625626058435000,0,0.02600000,34135.4000
1625626065060000,0,0.00300000,34143.9300
1625626066402000,0,0.00500000,34143.9300
1625626082169000,0,0.01300000,34143.9300
1625626083826000,0,0.00063156,34149.7100
1625626084372000,0,0.00001289,34149.7100
1625626084724000,0,0.02000000,34152.4600
1625626085048000,0,0.00200000,34152.4600
1625626085071000,0,0.00067424,34152.4600
1625626085402000,0,0.00432576,34152.4600
1625626094389000,0,0.01900000,34160.9900
1625626098376000,0,0.00900000,34169.5200
1625626101831000,0,0.01199999,34169.5200
1625626101835000,0,0.00000001,34169.5200
1625626110373000,0,0.00400000,34175.9700
1625626120904000,1,0.00196000,34173.3500
1625626130265000,0,0.00100000,34178.0500
1625626132304000,0,0.00200000,34178.0500
1625626135054000,0,0.01100000,34178.0500
1625626135905000,0,0.00500000,34178.0500
1625626135905000,0,0.00348000,34185.4800
1625626145256000,0,0.00100000,34185.6000
1625626145371000,0,0.01900000,34186.5800
1625626145371000,0,0.13200000,34188.9800
1625626148664000,0,0.02798000,34195.1100
1625626150374000,0,0.00002000,34195.1100
1625626150374000,0,0.00098000,34198.8000
1625626155048000,0,0.00144667,34198.7900
1625626155048000,0,0.00039500,34198.8000
1625626155048000,0,0.00015833,34203.9900
1625626155179000,0,0.00100000,34203.7500
1625626155876000,0,0.00106298,34198.7800
1625626156418000,0,0.01400000,34200.9900
1625626158377000,1,0.07547368,34191.3700
1625626183303000,0,0.00168000,34190.1800
1625626186819000,0,0.14560298,34191.1100
1625626186821000,0,0.07383081,34191.1100
1625626199249000,0,0.00113000,34191.2400
1625626205055000,0,0.00400000,34191.2400
1625626206417000,0,0.00300000,34191.2400
1625626208148000,0,0.07896824,34191.2400
1625626208156000,0,0.13231754,34191.2400
1625626218273000,1,0.10000000,34194.5800
1625626222523000,0,0.01439616,34200.0900
1625626236083000,0,0.00435000,34197.1400
1625626251538000,0,0.07657692,34196.1800
1625626251597000,0,0.15642308,34196.1800
1625626256104000,1,0.10000000,34192.3000
1625626256309000,0,0.07300000,34193.5100
1625626256410000,0,0.00300000,34193.5100
1625626258002000,0,0.00254000,34194.0800
1625626258294000,0,0.03400000,34194.0800
1625626259696000,1,0.54887703,34184.4000
1625626259717000,1,0.00412297,34184.4000
1625626260175000,0,0.00583000,34192.7800
1625626263271000,0,0.01500000,34187.3800
1625626265041000,0,0.01000000,34189.0800
1625626267289000,0,0.04000000,34190.6100
1625626269262000,0,0.00800000,34189.5400
1625626280946000,0,0.00565000,34190.6100
1625626297628000,1,0.01100000,34184.2200
1625626306407000,0,0.00100000,34178.1700
1625626307366000,0,0.04800000,34179.0700
1625626310380000,0,0.03000000,34181.8700
1625626312351000,0,0.02300000,34179.6300
1625626314366000,0,0.02500000,34179.6300
1625626323890000,0,0.00086861,34188.6700
1625626326346000,1,0.00500000,34188.4500
1625626327033000,0,0.00140000,34188.6700
1625626329621000,0,0.00700000,34183.6800
1625626330366000,0,0.00700000,34184.6700
1625626331349000,0,0.06600000,34185.6700
1625626340018000,1,0.00100000,34177.9500
1625626354231000,1,0.01290892,34160.6500
1625626384157000,1,0.00064445,34149.7100
1625626386409000,0,0.00400000,34161.2800
1625626387869000,0,0.01600000,34165.3500
1625626389952000,1,0.00400000,34163.9400
1625626394875000,0,0.00064445,34149.7100
1625626394875000,0,0.01335555,34158.1200
1625626398895000,0,0.00700000,34158.0300
1625626400913000,0,0.01200000,34159.7600
1625626408917000,0,0.03500000,34161.1000
1625626409954000,0,0.00400000,34164.2700
1625626412953000,0,0.01000000,34162.0800
1625626415944000,1,0.00500000,34159.8500
1625626418959000,0,0.00400000,34156.8900
1625626422032000,0,0.18339897,34154.5000
1625626439065000,0,0.00280000,34157.6300
1625626441584000,0,0.00148000,34156.8800
1625626451248000,0,0.14319763,34157.6300
1625626512694000,0,0.00276600,34160.5600
1625626515955000,0,0.00175000,34163.6600
1625626527830000,0,0.00347000,34162.9600
1625626539694000,1,0.00086861,34155.0300
1625626551023000,0,0.18290000,34169.0600
1625626567092000,0,0.01130000,34192.8900
1625626628423000,0,0.00565000,34215.2500
1625626645444000,0,0.01458000,34210.9100
1625626682913000,0,0.00138125,34215.1500
1625626686413000,0,0.00200000,34215.1500
1625626696404000,0,0.00400000,34217.3600
1625626705337000,0,0.01119000,34213.4500
1625626706475000,0,0.00900000,34213.4500
1625626716410000,0,0.00400000,34216.3500
1625626720001000,0,0.00140000,34216.8500
1625626725060000,0,0.00600000,34217.3600
1625626726425000,0,0.00200000,34217.3600
1625626726660000,0,0.01035000,34217.3600
1625626735049000,0,0.00400000,34222.5600
1625626736462000,0,0.00063056,34224.0000
1625626736462000,0,0.00436944,34232.8300
1625626741556000,0,0.13476949,34234.0100
1625626741558000,0,0.10366767,34234.0100
1625626741563000,0,0.11323827,34234.0100
1625626741566000,0,0.23732457,34234.0100
1625626741665000,0,0.21916249,34236.0100
1625626742209000,0,0.00280000,34251.5100
1625626742339000,1,1.40000000,34233.1400
1625626742866000,0,0.05864963,34258.4700
1625626746413000,0,0.00200000,34252.4600
1625626747188000,0,0.02812000,34252.4600
1625626758331000,0,0.00281951,34273.1500
1625626758331000,0,0.18220000,34273.6600
1625626758331000,0,0.00062058,34274.0000
1625626758408000,1,0.00400000,34270.1000
1625626765396000,0,0.01137499,34280.7700
1625626765399000,0,0.01137499,34280.9300
1625626765400000,0,0.00000001,34280.9300
1625626767421000,0,0.00061792,34289.0000
1625626767692000,0,0.00001261,34289.0000
1625626776010000,0,0.21883045,34294.7400
1625626776088000,0,0.00088038,34297.5800
1625626778155000,0,0.00419000,34320.3400
1625626781424000,0,0.00145000,34308.6800
1625626792432000,0,0.00279000,34296.2500
1625626811240000,1,0.39700000,34306.9700
1625626815057000,0,0.00166667,34322.0700
1625626815057000,0,0.00033333,34324.0000
1625626863110000,0,0.00028727,34324.0000
1625626863110000,0,0.00063055,34339.0000
1625626863110000,0,0.00612218,34349.0400
1625626871553000,1,0.06873237,34324.7800
1625626887650000,1,0.21846390,34324.6600
1625626887793000,1,0.29127644,34319.7300
1625626888232000,0,0.00418000,34327.8100
1625626898923000,0,0.00500000,34331.0000
1625626901576000,0,0.00800000,34317.9000
1625626902582000,0,0.00200000,34317.9000
1625626912585000,0,0.00800000,34322.7800
1625626915582000,0,0.00700000,34312.7800
1625626923699000,0,0.00609406,34311.6200
1625626938304000,1,1.00000000,34250.7000
1625626938304000,1,0.36480000,34250.6900
1625626938304000,1,1.00000000,34250.6400
1625626938304000,1,0.99401732,34249.6200
1625626938304000,1,0.32138307,34249.5400
1625626945065000,0,0.00700000,34263.4600
1625626965290000,0,0.00127000,34278.0600
1625626969064000,1,0.00120000,34263.4600
1625626975378000,0,0.00320342,34263.4600
1625626980964000,1,0.01058923,34262.3100
1625626980996000,1,0.01980000,34256.5700
1625627018070000,0,0.04272000,34246.5600
1625627018116000,0,0.04272657,34246.7500
1625627018137000,0,0.00000001,34246.7500
1625627045174000,0,0.06145000,34261.5300
1625627045428000,0,0.00000688,34261.5300
1625627045428000,0,0.00000001,34263.4600
1625627045428000,0,0.00390311,34268.3100
1625627060928000,0,0.02791000,34279.4800
1625627075060000,0,0.01600000,34258.6700
1625627078274000,0,0.00838000,34268.4700
1625627090173000,0,0.00558000,34269.2700
1625627099666000,1,0.00181994,34255.1600
1625627112860000,0,0.00607960,34264.9700
1625627115130000,1,0.00712051,34255.2400
1625627138264000,0,0.40000000,34271.2700
1625627138268000,0,0.03775709,34271.2700
1625627138351000,0,0.15000000,34271.2700
1625627138385000,0,0.08058208,34271.2700
1625627138393000,0,0.09920351,34271.2700
1625627138423000,0,0.99955042,34271.2700
1625627138424000,0,0.18814000,34271.2700
1625627138432000,0,0.48198232,34271.2700
1625627138501000,0,0.20000000,34271.2700
1625627138579000,0,0.80000000,34271.2700
1625627150003000,0,0.13900000,34260.7800
1625627150534000,0,0.04000000,34260.7800
1625627150625000,0,0.00187185,34260.7800
1625627151016000,0,0.00256000,34271.2700
1625627163559000,1,0.21886575,34253.1800
1625627163603000,1,0.86627334,34250.2400
1625627163606000,1,0.03300000,34250.2400
1625627163622000,0,0.19610000,34269.7500
1625627163622000,0,3.58510000,34271.2700
1625627163629000,1,0.10000000,34253.6800
1625627163629000,1,0.20072666,34250.2400
1625627163629000,1,0.04920073,34248.1800
1625627163629000,1,0.00079927,34248.1800
1625627163629000,1,0.24912812,34248.1700
1625627163669000,1,0.04270172,34248.1700
1625627163669000,1,0.02000000,34246.7600
1625627163669000,1,0.64500000,34241.8300
1625627163669000,1,0.29192288,34241.1100
1625627163669000,1,0.05772985,34238.7800
1625627163669000,1,0.40000000,34236.2300
1625627163669000,1,0.01281709,34232.5500
1625627163669000,1,0.36491705,34232.5400
1625627163669000,1,0.05927821,34228.4200
1625627163669000,1,0.58379108,34224.9600
1625627163669000,1,3.76420000,34222.2000
1625627163669000,1,0.08331111,34221.3000
1625627163669000,1,0.05875113,34218.9100
1625627163669000,1,0.99850550,34216.8900
1625627163669000,1,0.68262939,34216.8500
1625627163670000,0,0.51624499,34216.7000
1625627163670000,1,0.02800000,34256.0200
1625627163672000,1,0.45575501,34256.0200
1625627163672000,1,0.04000000,34230.2900
1625627163680000,0,0.03300000,34213.3000
1625627163707000,0,0.86000000,34213.3000
1625627163747000,0,0.03203712,34213.3000
1625627163854000,0,0.40771141,34213.3000
1625627163855000,0,0.20709389,34213.3000
1625627163868000,0,0.20000000,34213.3000
1625627163868000,0,0.48383213,34213.3000
1625627169901000,1,0.40000000,34238.9000
1625627172773000,0,0.44368708,34241.0500
1625627173334000,1,0.15000000,34239.8000
1625627174652000,1,0.03300000,34216.1800
1625627174652000,1,0.04000000,34214.7100
1625627174652000,1,0.17800000,34213.0400
1625627174694000,1,0.01190763,34204.3500
1625627174694000,1,0.15896456,34204.3400
1625627174741000,1,0.29828839,34224.2900
1625627174750000,1,0.57084404,34224.2900
1625627174803000,1,0.13086757,34224.2900
1625627174803000,1,0.05000000,34204.3500
1625627183278000,0,0.40196336,34204.9200
1625627183541000,0,0.00280000,34211.1000
1625627207299000,1,0.40000000,34217.2000
1625627207358000,1,0.50000000,34217.2000
1625627210567000,0,0.00559000,34222.7500
1625627222201000,0,0.00148690,34216.2300
1625627239174000,1,0.57158176,34215.3000
1625627243656000,1,0.01153912,34206.1900
1625627249821000,1,0.00700000,34208.8100
1625627252626000,0,0.05831000,34214.6500
1625627256193000,1,0.02614112,34201.6000
1625627263092000,0,0.12379000,34214.6500
1625627266153000,0,0.00175000,34210.9500
1625627267239000,0,0.18075000,34210.9500
1625627270836000,0,0.03000000,34210.0000
1625627270836000,0,0.21929759,34215.4600
1625627271007000,0,0.03096717,34216.9500
1625627271007000,0,0.00000001,34216.9500
1625627271014000,0,0.21926302,34219.9600
1625627274467000,1,0.04292086,34221.8000
1625627274484000,1,0.04292086,34221.8000
1625627275910000,1,4.33690000,34221.8000
1625627296405000,0,0.00600000,34212.5500
1625627296978000,0,0.10600000,34221.3500
1625627306346000,0,0.00180150,34228.2600
1625627311167000,1,0.04473728,34220.0200
1625627311182000,1,0.04473728,34220.0200
1625627315686000,0,0.04546000,34225.6500
1625627340134000,0,0.00328031,34222.5300
1625627340138000,0,0.00000001,34222.5300
1625627340253000,0,0.18552859,34230.2000
1625627342365000,0,0.03043000,34237.5600
1625627359325000,0,0.00000417,34237.5600
1625627359325000,0,0.00168583,34251.1400
1625627373460000,0,0.00140000,34228.1800
1625627375312000,1,0.03000000,34212.0800
1625627386406000,0,0.01000000,34231.4000
1625627394465000,0,0.00160000,34219.8500
1625627412315000,0,0.00248000,34219.5800
1625627485648000,0,0.00210000,34242.0900
1625627502943000,0,0.00419000,34228.0300
1625627507849000,1,0.00811817,34207.6600
1625627516408000,0,0.00600000,34219.2100
1625627517153000,0,0.02138762,34219.2100
1625627534831000,0,0.01129000,34234.0900
1625627538784000,0,0.02119831,34234.0900
1625627538891000,0,0.00000001,34234.0900
1625627539330000,1,0.03000000,34235.4500
1625627583950000,1,0.05000000,34246.1400
1625627584848000,0,0.00146000,34265.1200
1625627596846000,0,0.00873000,34262.6500
1625627616413000,0,0.01000000,34261.3600
1625627620837000,0,0.09000000,34261.3600
1625627623441000,0,0.02943253,34265.8600
1625627623446000,0,0.00000001,34265.8600
1625627626406000,0,0.00100000,34288.4200
1625627627652000,0,0.06000000,34288.4700
1625627629552000,0,0.11756966,34288.4700
1625627629556000,0,0.00117034,34288.4700
1625627661239000,0,0.00558000,34310.1500
1625627663692000,1,0.00216101,34291.0500
1625627667167000,1,0.18190000,34287.8500
1625627667167000,1,0.03672194,34286.9200
1625627667168000,1,0.21862194,34286.9200
1625627667170000,1,0.10875612,34286.9200
1625627667170000,1,0.33524004,34281.3800
1625627667173000,1,0.08432420,34281.3800
1625627667174000,1,0.17628085,34281.3800
1625627667186000,1,0.11162328,34281.3800
1625627667191000,1,0.17901846,34281.3800
1625627667215000,1,0.06525317,34281.3800
1625627671294000,0,0.00575000,34292.8000
1625627684010000,0,0.36390000,34301.0800
1625627684010000,0,0.08310000,34303.0800
1625627685051000,0,0.00200000,34314.7000
1625627698883000,0,0.00291000,34323.7500
1625627706416000,0,0.00500000,34325.6500
1625627716309000,0,0.03000000,34340.5500
1625627723153000,0,0.01162000,34340.3500
1625627730714000,0,0.36360000,34342.3100
1625627743654000,1,0.25000000,34325.6500
1625627743714000,1,0.07829000,34325.6500
1625627743813000,1,0.00000890,34325.6500
1625627751753000,0,0.02926000,34331.8600
1625627755112000,0,0.00200000,34326.0000
1625627756411000,0,0.00200000,34327.1500
1625627758808000,0,0.00100000,34317.7300
1625627759148000,0,0.00142000,34315.6500
1625627771057000,1,0.12410000,34295.3300
1625627773916000,0,0.00125000,34304.6900
1625627784739000,0,4.12509903,34310.0000
1625627816424000,0,0.00500000,34299.0500
1625627840197000,1,0.03000000,34270.1000
1625627881891000,0,0.00570000,34293.2100
1625627883899000,0,0.00727000,34293.9500
1625627911944000,1,0.00268765,34280.4000
1625627918873000,0,0.01454000,34295.6500
1625627937713000,0,0.01395000,34297.0900
1625627941395000,1,0.00773839,34282.1500
1625627956363000,1,0.01453000,34280.3500
1625627969948000,0,0.00558000,34288.6500
1625627972337000,0,0.00291000,34292.9100
1625628003521000,1,0.00000699,34280.3500
1625628003521000,1,0.24700000,34268.6100
1625628015705000,0,0.00278690,34275.3400
1625628030692000,0,0.00421000,34284.8500
1625628062277000,0,0.22099999,34297.0500
1625628062278000,0,0.00000001,34297.0500
1625628062364000,0,0.20000000,34299.6800
1625628091377000,0,0.10800000,34307.7700
1625628112655000,0,0.26180202,34330.1800
1625628112655000,0,0.10179798,34330.1800
1625628116542000,0,0.36370000,34348.6500
1625628126502000,0,0.00208333,34363.2500
1625628126502000,0,0.36380000,34363.4000
1625628126575000,0,0.18160000,34356.3600
1625628126575000,0,0.14755176,34363.4500
1625628154113000,0,0.36320000,34365.1600
1625628171434000,1,0.07326068,34347.3600
1625628199668000,0,0.03000000,34369.2900
1625628207778000,0,0.16026123,34355.5800
1625628214714000,1,0.10000000,34349.5800
1625628215094000,1,0.10000000,34348.3500
1625628222268000,1,0.10000000,34346.4500
1625628230429000,1,0.05450000,34349.4100
1625628235582000,1,0.14872000,34357.9800
1625628237853000,1,0.00000600,34357.9800
1625628238213000,0,0.05835617,34357.9700
1625628272133000,0,0.00064027,34369.3200
1625628272133000,0,0.00492973,34371.3900
1625628283338000,0,0.00062061,34374.0000
1625628283338000,0,0.00000001,34374.0000
1625628298012000,0,0.00061796,34389.0000
1625628298012000,0,0.00001261,34389.0000
1625628298012000,0,0.02837943,34389.6900
1625628312422000,0,0.00435000,34393.6800
1625628353600000,0,0.00060000,34400.0000
1625628353600000,0,0.01000000,34400.0000
1625628353600000,0,0.00208333,34404.4900
1625628375813000,1,0.00064027,34369.3200
1625628381813000,0,0.00064027,34369.3200
1625628381813000,0,0.18150000,34369.4900
1625628394420000,0,0.03996079,34371.1900
1625628406543000,0,0.00064027,34363.5300
1625628434224000,0,0.00064027,34369.3200
1625628434224000,0,0.01340973,34376.5000
1625628439645000,0,0.00281000,34376.6000
1625628448880000,1,0.00062746,34369.3200
1625628448889000,1,0.00001281,34369.3200
1625628495429000,1,0.00300000,34335.1600
1625628530526000,1,0.39680000,34347.4100
1625628554192000,0,0.18160000,34356.4100
1625628554662000,1,0.45000000,34359.6200
1625628554664000,1,0.01728431,34359.6200
1625628554684000,1,0.03459829,34359.6200
1625628554714000,1,0.01728431,34359.6200
1625628554727000,1,0.35593000,34359.6200
1625628554826000,1,0.02491000,34359.6200
1625628554883000,1,0.35593000,34359.6200
1625628561603000,0,0.00083333,34363.2500
1625628568617000,0,0.00064027,34369.3200
1625628568617000,0,0.00135973,34379.1500
1625628571348000,0,0.00064027,34366.8200
1625628578524000,1,0.00100000,34364.9100
1625628579617000,0,0.00400000,34364.9100
1625628581655000,0,0.00200000,34364.9100
1625628582541000,0,0.00125000,34364.9100
1625628583504000,0,0.02175000,34364.9100
1625628583504000,0,0.02179000,34368.7200
1625628621857000,0,0.00064027,34369.3200
1625628624272000,1,0.00035973,34372.9300
1625628631372000,0,0.00064027,34364.4300
1625628638826000,0,0.04400000,34367.7100
1625628655989000,0,0.00062746,34369.3200
1625628666955000,0,0.00001281,34369.3200
1625628667784000,0,1.69800000,34386.0300
1625628667816000,0,0.11591335,34386.0300
1625628667818000,0,0.11353157,34386.0300
1625628667818000,0,0.16593075,34386.0300
1625628667819000,0,0.13337975,34386.0300
1625628667819000,0,0.98398599,34386.0300
1625628667820000,0,0.13893724,34386.0300
1625628667820000,0,0.54701576,34386.0300
1625628667820000,0,0.12067691,34386.0300
1625628667822000,0,0.11670728,34386.0300
1625628667866000,0,0.40216393,34386.0300
1625628667868000,0,0.39075747,34386.0300
1625628668064000,0,0.01742197,34391.8100
1625628668065000,0,0.08077803,34391.8100
1625628676684000,0,0.00111000,34404.1500
1625628683238000,0,0.00083333,34404.4900
1625628683238000,0,0.00197667,34404.7500
1625628697359000,1,0.02482214,34392.1300
1625628708239000,0,0.00145000,34408.0600
1625628709182000,0,0.09796566,34413.1300
1625628709184000,0,0.08303434,34413.1300
1625628709184000,0,0.21802201,34421.0000
1625628709184000,0,0.05000000,34423.9700
1625628709184000,0,0.00062064,34424.0000
1625628709184000,0,0.03000000,34424.7100
1625628709184000,0,0.20000000,34425.6900
1625628709184000,0,0.29074529,34425.7000
1625628709184000,0,0.05854662,34426.4100
1625628709184000,0,0.36341419,34429.8200
1625628709184000,0,0.52500000,34436.7700
1625628709184000,0,0.68061691,34437.5000
1625628709247000,0,0.36242517,34421.8000
1625628709252000,0,0.00037483,34421.8000
1625628709312000,0,0.20000000,34436.7600
1625628709448000,0,0.05820290,34427.8300
1625628709448000,0,0.00062059,34439.0000
1625628710667000,0,0.00083333,34445.7800
1625628712354000,1,0.20980000,34436.5000
1625628712354000,1,0.10000000,34436.1200
1625628712354000,1,1.00000000,34435.6200
1625628712354000,1,0.04000000,34433.8100
1625628712354000,1,0.62300000,34432.4400
1625628712354000,1,0.09783100,34431.9200
1625628712354000,1,0.05000000,34428.3300
1625628712354000,1,0.20000000,34428.3200
1625628712354000,1,0.50000000,34428.3100
1625628712354000,1,0.69786034,34425.7200
1625628712354000,1,0.90590322,34425.7100
1625628712354000,1,0.29074000,34425.7000
1625628712354000,1,0.21775719,34425.5000
1625628712354000,1,0.91032458,34422.3200
1625628712354000,1,0.86000000,34422.3000
1625628712354000,1,3.85170000,34421.2000
1625628712354000,1,0.29034293,34419.2900
1625628714708000,0,0.00060825,34474.0000
1625628714708000,0,0.00001241,34474.0000
1625628714708000,0,0.18070000,34479.3500
1625628714708000,0,0.00060820,34489.0000
1625628714708000,0,0.00001241,34489.0000
1625628714708000,0,0.08897500,34491.4900
1625628714708000,0,0.98634159,34491.5000
1625628714708000,0,0.05000000,34494.8400
1625628714708000,0,0.20578566,34494.8500
1625628714714000,1,0.22903628,34499.7500
1625628714825000,1,0.40771141,34499.7500
1625628714827000,1,0.02820879,34499.7500
1625628714894000,0,0.08897500,34499.2700
1625628714894000,0,0.00766251,34500.0000
1625628714894000,0,0.00075708,34501.0000
1625628714894000,0,0.03300000,34504.7700
1625628714894000,0,0.04000000,34510.2400
1625628714894000,0,0.00075000,34512.7000
1625628714894000,0,0.05000000,34518.0000
1625628714894000,0,0.19800000,34518.0000
1625628714894000,0,0.05717186,34518.0100
1625628714894000,0,0.00062068,34524.0000
1625628714894000,0,0.00437500,34528.4900
1625628714894000,0,0.00062063,34539.0000
1625628714894000,0,0.41966078,34540.5400
1625628720379000,0,0.10000000,34468.0600
1625628720379000,0,0.18089999,34468.1500
1625628720379000,0,0.00000001,34468.1500
1625628722464000,0,0.18119999,34460.7600
1625628725077000,0,0.00400000,34461.4600
1625628727530000,1,0.02300000,34458.1200
1625628727587000,1,0.04800000,34457.9200
1625628731729000,1,0.01299999,34457.9200
1625628731730000,1,0.00000001,34457.9200
1625628738183000,1,0.01328394,34456.0700
1625628738225000,1,0.03271606,34456.0700
1625628739187000,1,0.01100000,34455.8400
1625628739187000,1,0.03599999,34455.6600
1625628739190000,1,0.00000001,34455.6600
1625628739880000,1,0.05825401,34445.6900
1625628739880000,1,0.12614135,34445.6800
1625628739884000,1,0.15458398,34445.6800
1625628742042000,0,0.99916316,34438.1900
1625628742043000,0,0.00083684,34438.1900
1625628742072000,0,1.00000000,34444.6300
1625628744597000,1,1.00000000,34463.4000
1625628749431000,0,0.05000000,34551.6300
1625628750322000,1,1.00000000,34543.7100
1625628750872000,1,0.44100000,34535.2900
1625628750985000,1,0.00173538,34535.2900
1625628750997000,1,0.11800000,34535.2900
1625628751011000,1,0.35497063,34535.2900
1625628751092000,1,0.44100000,34533.5700
1625628751980000,1,0.18070000,34537.9500
1625628752009000,1,0.81930000,34537.9500
1625628752089000,1,0.03130319,34537.0800
1625628753809000,0,0.12338778,34519.2900
1625628753809000,0,0.02699620,34523.0800
1625628759737000,0,0.00111000,34527.4300
1625628762271000,0,0.03024934,34518.9600
1625628765048000,0,0.02379000,34520.0900
1625628765058000,0,0.00500000,34520.0900
1625628767881000,1,0.10000000,34503.9900
1625628773096000,1,0.10000000,34511.8500
1625628774745000,0,0.15206185,34508.7800
1625628776070000,1,0.00168141,34501.7500
1625628777440000,0,0.18100000,34511.8800
1625628777440000,0,0.10110000,34512.7800
1625628782892000,1,0.09831859,34501.7500
1625628782892000,1,0.01182141,34501.7500
1625628782963000,1,0.00001370,34501.7500
1625628783482000,1,0.10000000,34493.6900
1625628785921000,1,0.09420000,34482.8300
1625628819251000,1,0.03300000,34430.3200
1625628819251000,1,0.05831307,34425.5300
1625628819311000,1,0.15940675,34425.5300
1625628819311000,1,0.09005072,34420.8700
1625628822609000,1,0.04950000,34411.2400
1625628824909000,0,0.00525000,34412.6200
1625628825058000,0,0.00000845,34412.6200
1625628825058000,0,0.00299155,34438.9200
1625628828314000,0,0.18120000,34431.6600
1625628851414000,0,0.01806000,34441.0400
1625628877275000,0,0.06467369,34431.8400
1625628896130000,0,0.27133114,34436.7100
1625628896133000,0,0.09156886,34436.7100
1625628940374000,0,0.00236000,34461.4700
1625628950074000,1,0.03300000,34433.6900
1625628954886000,0,0.00145000,34425.9500
1625628957675000,0,0.00246000,34426.6200
1625628972077000,0,0.00872900,34411.9000
1625628978058000,0,0.00290000,34424.9600
1625628989245000,0,0.00706800,34440.5400
1625629012488000,0,0.10000000,34430.5700
1625629012488000,0,0.38874207,34430.9600
1625629031536000,0,0.02120400,34441.6000
1625629032246000,0,0.00168000,34444.6800
1625629048850000,0,0.02120400,34427.9800
1625629050963000,1,0.18110000,34406.5000
1625629050963000,1,0.03684933,34402.6100
1625629053187000,0,0.00126000,34422.6900
1625629065845000,0,0.00580000,34420.7900
1625629069529000,0,0.00290000,34429.7700
1625629092008000,0,0.00530100,34426.4800
1625629109095000,0,0.00706800,34429.7700
1625629129011000,0,0.07979589,34421.7300
1625629129012000,0,0.13817887,34421.7300
1625629129012000,0,0.12767555,34425.5400
1625629129012000,0,0.15628500,34425.5400
1625629129028000,0,0.00667246,34425.5400
1625629189586000,0,0.00435000,34424.4500
1625629195906000,0,0.01219000,34420.6400
1625629205702000,0,0.15204547,34420.6400
1625629205704000,0,0.18876465,34420.6400
1625629205741000,0,0.07058846,34420.6400
1625629205764000,0,0.16100514,34420.6400
1625629205769000,0,0.11579680,34420.6400
1625629205776000,0,0.09834797,34420.6400
1625629205777000,0,0.14910821,34420.6400
1625629205784000,0,0.05215330,34420.6400
1625629215087000,0,0.01400000,34429.7700
1625629220957000,0,0.08726343,34429.7700
1625629220962000,0,0.90787495,34429.7700
1625629220974000,0,0.07863834,34429.7700
1625629220979000,0,0.07758983,34429.7700
1625629220979000,0,0.16514051,34429.7700
1625629220980000,0,0.10327836,34429.7700
1625629220997000,0,0.15000000,34429.7700
1625629220998000,0,0.07706557,34429.7700
1625629220999000,0,0.07287153,34429.7700
1625629221010000,0,0.07654132,34429.7700
1625629221025000,0,0.10904517,34429.7700
1625629221029000,0,0.07496855,34429.7700
1625629221039000,0,0.12267581,34429.7700
1625629221048000,0,0.05107863,34429.7700
1625629249283000,0,0.00579000,34473.9600
1625629266277000,1,0.00200000,34466.7900
1625629267168000,1,0.03000000,34452.6900
1625629267420000,1,0.01000000,34452.6900
1625629267507000,1,0.49100000,34452.6900
1625629276797000,0,0.00278000,34479.0900
1625629280959000,0,0.02024453,34477.7400
1625629335238000,0,0.00458000,34467.5900
1625629346693000,0,0.01375000,34461.6600
1625629369717000,1,0.21778321,34419.9700
1625629369778000,1,0.09250000,34420.4700
1625629369875000,1,0.21781686,34412.1900
1625629369875000,1,0.13000565,34410.0800
1625629369876000,1,0.28032760,34410.0800
1625629369891000,1,0.08742712,34410.0800
1625629369894000,1,0.17723963,34410.0800
1625629369928000,1,0.05791646,34411.6300
1625629369930000,1,0.05744894,34409.6800
1625629370024000,1,0.01245326,34407.6000
1625629382289000,0,0.00289679,34438.0900
1625629384877000,0,0.00833000,34438.0900
1625629388157000,0,0.00289596,34447.9700
1625629393779000,0,0.00289552,34453.1700
1625629400418000,1,0.00289582,34449.4400
1625629400418000,1,0.00000001,34449.4400
1625629405711000,0,0.00289555,34452.7500
1625629411568000,0,0.00289612,34446.0700
1625629417213000,0,0.00289595,34448.0700
1625629423074000,0,0.00289595,34448.0700
1625629426211000,0,0.00139000,34448.5900
1625629428698000,0,0.00289591,34448.0600
1625629434554000,0,0.00289609,34446.3700
1625629440407000,0,0.00289583,34449.4700
1625629446281000,0,0.00289581,34449.6800
1625629451927000,0,0.00289635,34443.3000
1625629457786000,1,0.00083462,34422.3500
1625629457902000,0,0.00289617,34445.3800
1625629463548000,0,0.00289615,34445.6700
1625629468716000,0,0.01943700,34445.6700
1625629469826000,1,0.00289615,34445.6700
1625629475027000,0,0.00289659,34439.9200
1625629480888000,1,0.00289675,34438.5000
1625629483600000,0,0.00278000,34443.3400
1625629486755000,0,0.00289725,34432.6000
1625629492383000,0,0.00289721,34433.1000
1625629498017000,0,0.00289745,34430.2000
1625629501005000,0,0.00421000,34430.2100
1625629504222000,1,0.00289645,34442.1600
1625629504323000,0,0.02654129,34440.8900
1625629509963000,0,0.00289632,34443.1800
1625629515592000,0,0.00289763,34428.0300
1625629521221000,0,0.00289785,34425.4400
1625629523761000,1,0.00970864,34414.9200
1625629527077000,0,0.00289832,34419.2600
1625629528817000,0,0.02120400,34418.7600
1625629532931000,0,0.00289851,34417.0900
1625629533148000,1,0.00019814,34414.9200
1625629538930000,1,0.00290002,34399.6700
1625629541893000,1,0.01250300,34370.3000
1625629544651000,1,0.00290086,34389.8000
1625629549869000,0,0.00290066,34392.1200
1625629551675000,1,0.00064027,34369.3200
1625629551675000,1,0.18139999,34364.7400
1625629555788000,1,0.00290214,34374.6000
1625629556982000,0,2.50000000,34380.4000
1625629561717000,0,0.00064027,34369.3200
1625629561717000,0,0.00226068,34388.7000
1625629563045000,0,0.00114584,34404.4900
1625629563045000,0,0.05000000,34410.3000
1625629563045000,0,2.44885416,34410.3100
1625629563434000,0,1.60614584,34410.3100
1625629567094000,0,0.00421000,34405.5500
1625629568882000,1,0.00284154,34405.5500
1625629569203000,1,0.00005799,34405.5500
1625629573199000,0,0.00289907,34411.0100
1625629579186000,0,0.00289902,34411.5700
1625629584826000,0,0.00289893,34412.6200
1625629588375000,0,0.00236000,34412.6200
1625629588801000,0,0.02120400,34412.1200
1625629590470000,0,0.00289893,34412.6200
1625629596089000,0,0.00289893,34412.6200
1625629601129000,1,0.03621112,34395.2500
1625629601710000,0,0.00289893,34412.6200
1625629607188000,0,0.00417000,34404.9500
1625629607562000,0,0.00289959,34404.3400
1625629610365000,0,0.18120000,34396.7000
1625629610365000,0,0.09430000,34404.3300
1625629610365000,0,0.09710041,34404.3400
1625629610365000,0,0.36320000,34405.4500
1625629610365000,0,0.21808572,34408.3900
1625629610365000,0,0.10467131,34408.7200
1625629613182000,0,0.00153230,34399.1100
