timestamp ms,type,amount,price
1628467271052000,0,0.00655000,43915.2600
1628467272928000,0,0.11853120,43923.9800
1628467286749000,1,0.22788856,43873.9900
1628467292040000,1,0.02975789,43858.3600
1628467309870000,0,0.00339000,43914.7300
1628467317593000,1,0.83871976,43880.6400
1628467319032000,1,0.00699999,43893.1700
1628467319032000,1,0.00000001,43893.1700
1628467321854000,0,0.00568000,43899.5700
1628467345121000,0,0.00046115,43949.0000
1628467345121000,0,0.00193885,43952.0700
1628467346813000,0,0.03468527,43954.6900
1628467346813000,0,0.06696076,43961.1700
1628467346813000,0,0.28400000,43962.8800
1628467346813000,0,0.17412148,43963.9000
1628467346813000,0,0.44023249,43972.4000
1628467354676000,1,0.07000000,43940.6100
1628467354676000,1,0.03000000,43940.6000
1628467354677000,1,0.07000000,43940.6000
1628467354703000,1,0.21309191,43934.5400
1628467354727000,1,0.10242678,43934.5400
1628467354746000,1,0.10149362,43938.6800
1628467354754000,1,0.06730638,43938.6800
1628467354754000,1,0.10149362,43934.5500
1628467354758000,1,0.02570809,43934.5400
1628467354794000,0,0.00124000,43981.0700
1628467354949000,1,0.45505175,43916.3600
1628467355141000,1,0.00074667,43941.4800
1628467364464000,1,0.22761589,43915.6400
1628467364464000,1,0.03226485,43914.0800
1628467364491000,1,0.06456549,43906.4200
1628467364493000,1,0.08218388,43906.4200
1628467364500000,1,0.19470406,43906.4200
1628467364592000,1,0.04593146,43900.1800
1628467364592000,1,0.05700000,43896.9100
1628467364592000,1,0.45527598,43896.9000
1628467364594000,1,0.00300000,43895.2700
1628467364594000,1,0.04614976,43887.5500
1628467364594000,1,0.00876788,43884.6500
1628467364594000,1,0.45538951,43884.6100
1628467364594000,1,0.28453531,43881.1700
1628467364594000,1,0.02191970,43872.7600
1628467364594000,1,0.04580976,43872.7400
1628467364594000,1,0.40600000,43872.4300
1628467364594000,1,0.68298403,43872.2700
1628467364594000,1,0.54544405,43868.0700
1628467378377000,0,0.00440000,43939.5000
1628467388420000,0,0.00327000,43987.1600
1628467409558000,0,0.00046112,43994.0000
1628467409558000,0,0.00046117,43999.0000
1628467409558000,0,0.01907771,44012.7800
1628467409755000,0,0.28390000,44017.5800
1628467409755000,0,0.07000000,44017.6200
1628467409755000,0,0.90635232,44017.6200
1628467409755000,0,0.86390544,44017.6300
1628467409755000,0,0.97052546,44017.9400
1628467409755000,0,0.34099378,44019.3800
1628467409755000,0,0.10000000,44020.0000
1628467409755000,0,0.03000000,44029.6600
1628467409755000,0,0.10149362,44031.1600
1628467409755000,0,0.45465370,44031.1700
1628467409755000,0,0.91704939,44032.5000
1628467409755000,0,0.91685223,44032.5000
1628467409755000,0,0.55300000,44032.5100
1628467409755000,0,0.68220214,44032.5200
1628467409755000,0,0.68217134,44036.7600
1628467409755000,0,0.29300000,44039.4100
1628467409755000,0,0.16558065,44042.8100
1628467409755000,0,0.04584690,44042.8200
1628467409755000,0,0.00046114,44044.0000
1628467409755000,0,0.00046119,44049.0000
1628467409755000,0,3.60020000,44050.4000
1628467409755000,0,0.69000000,44050.5300
1628467409755000,0,0.00057102,44056.2700
1628467409755000,0,1.13760715,44060.9800
1628467409755000,0,2.71727279,44061.8000
1628467417906000,0,0.00871000,43996.5300
1628467418720000,1,0.00608342,43962.5700
1628467430262000,0,0.00493000,43989.6400
1628467432982000,1,3.81940000,43967.0000
1628467435767000,1,0.03000000,43962.5700
1628467436067000,1,0.00388109,43967.0000
1628467436067000,1,0.14611891,43962.5700
1628467436511000,1,0.00194054,43967.0000
1628467436511000,1,0.00588109,43962.5700
1628467437498000,1,0.00095086,43967.0000
1628467437825000,1,0.00001941,43967.0000
1628467438181000,1,0.00047535,43967.0000
1628467439751000,0,0.01417188,43973.6700
1628467463039000,1,0.08900000,43938.4200
1628467480335000,1,4.40000000,43876.2000
1628467485939000,0,0.01487000,43844.0600
1628467495403000,1,0.52000000,43801.2300
1628467497172000,1,0.00400000,43801.2300
1628467497182000,1,0.00072856,43801.2300
1628467497182000,1,0.00046119,43800.0000
1628467497231000,1,0.90000000,43793.7100
1628467503811000,0,0.02275000,43823.9400
1628467504215000,1,0.07000000,43794.6000
1628467504215000,1,0.14250000,43794.5900
1628467506294000,0,0.00100000,43823.9400
1628467507800000,0,0.00109000,43821.2200
1628467508914000,1,0.01248000,43793.5300
1628467509115000,1,0.01254902,43793.5300
1628467511598000,0,0.91968961,43823.9900
1628467520251000,1,0.15213370,43807.5400
1628467534739000,1,0.09000000,43734.1600
1628467541860000,1,0.07000000,43749.4100
1628467541860000,1,0.00558805,43749.4000
1628467546471000,1,0.00074198,43757.5200
1628467563166000,0,0.07540000,43729.9900
1628467585572000,0,0.00547000,43723.3100
1628467601458000,1,0.00046115,43700.0000
1628467605108000,1,0.00046114,43675.0000
1628467606874000,0,0.15650231,43656.7600
1628467607080000,0,0.03000000,43656.7600
1628467617225000,0,0.00341000,43656.3300
1628467617463000,0,0.07000000,43656.3000
1628467617463000,0,0.24168310,43656.3100
1628467618165000,1,0.00046113,43650.0000
1628467620835000,1,0.00046112,43625.0000
1628467622365000,0,0.26234000,43638.7400
1628467626416000,1,0.00940000,43629.3600
1628467626458000,0,0.03519000,43649.8200
1628467631157000,1,0.10000000,43649.7900
1628467635418000,1,0.05000000,43651.0900
1628467636033000,0,0.00139823,43661.3300
1628467636033000,0,0.22911175,43671.6900
1628467638170000,0,0.03615000,43677.8300
1628467646002000,1,0.02400000,43665.9700
1628467649555000,0,0.00000486,43677.8300
1628467649555000,0,0.00563514,43690.1100
1628467651997000,0,0.20159000,43683.6400
1628467653059000,0,0.00825000,43712.3100
1628467668311000,0,0.04056187,43747.1300
1628467668545000,0,0.03988000,43750.8900
1628467668566000,0,0.00000163,43750.8900
1628467669827000,1,0.03411409,43752.9200
1628467669969000,1,0.03474824,43752.9200
1628467670083000,1,0.03113767,43752.9200
1628467670083000,1,0.00349370,43751.2500
1628467670215000,0,0.14156884,43768.6000
1628467670351000,1,0.03772101,43754.5500
1628467670461000,1,0.04024596,43755.0500
1628467670577000,1,0.03892200,43755.0500
1628467670713000,1,0.02083204,43755.0500
1628467670713000,1,0.01179081,43754.5500
1628467671044000,1,0.03036798,43755.0700
1628467671165000,1,0.03826109,43755.5700
1628467671274000,1,0.03017820,43754.5500
1628467671398000,1,0.03382220,43755.0500
1628467671521000,1,0.02797780,43755.0500
1628467671521000,1,0.00490870,43754.5600
1628467671660000,1,0.03733524,43754.5500
1628467671761000,1,0.02911642,43754.5600
1628467672000000,0,0.00400000,43756.0400
1628467672007000,0,0.03627025,43756.0400
1628467672286000,0,0.03649000,43759.6700
1628467672301000,0,0.00000963,43759.6700
1628467672942000,0,0.03022000,43750.9000
1628467674221000,0,0.03791000,43760.8100
1628467674933000,0,0.00000577,43760.8100
1628467675416000,0,0.03698000,43760.8500
1628467677203000,0,0.03846495,43750.8900
1628467677413000,0,0.03353000,43752.4800
1628467678586000,1,0.03907395,43765.2200
1628467678889000,0,0.01213000,43765.7000
1628467679391000,0,0.00000771,43765.7000
1628467680479000,0,0.00066000,43787.8400
1628467680920000,1,0.22847000,43758.8000
1628467689351000,1,0.04123000,43709.7000
1628467689467000,1,0.04290000,43704.9000
1628467689685000,1,0.00000136,43704.9000
1628467692275000,1,0.03483000,43688.9500
1628467692638000,1,0.00000895,43688.9500
1628467697021000,0,0.10000000,43674.5800
1628467697655000,1,0.06800000,43662.1300
1628467697713000,1,0.00825000,43662.1300
1628467697740000,1,0.02375000,43662.1300
1628467711054000,1,0.00109966,43650.0100
1628467712034000,0,0.10000000,43661.9300
1628467719361000,0,0.00285000,43696.7000
1628467722565000,1,0.13529995,43671.1100
1628467722566000,1,0.09359789,43671.1100
1628467722566000,1,0.00825000,43668.8100
1628467722566000,1,0.00151901,43668.7900
1628467722585000,1,0.07331524,43668.7900
1628467722602000,1,0.11797089,43668.7900
1628467725770000,1,0.03281000,43642.8000
1628467725799000,1,0.06719000,43642.8000
1628467726448000,0,0.10000000,43664.7500
1628467726448000,0,0.34361922,43678.7100
1628467726513000,0,0.03000000,43681.7800
1628467726776000,1,0.10000000,43677.0500
1628467728716000,0,0.03088000,43717.9700
1628467728746000,0,0.00000196,43717.9700
1628467731390000,0,0.04087000,43717.0800
1628467732296000,0,0.12500000,43723.6800
1628467733256000,0,0.04959324,43723.6800
1628467738432000,0,0.00113000,43723.2500
1628467748033000,1,0.03414000,43690.4400
1628467757628000,0,0.00226000,43684.6300
1628467758630000,0,0.00077000,43684.6300
1628467761175000,1,0.03842387,43651.1600
1628467761207000,1,0.00000001,43651.1600
1628467762339000,1,0.04120000,43647.5500
1628467762395000,1,0.00000967,43647.5500
1628467763445000,0,0.03533433,43647.0500
1628467763640000,1,0.03186729,43646.1600
1628467763641000,1,0.00000001,43646.1600
1628467764752000,0,0.02974123,43631.9300
1628467764863000,0,0.02980021,43631.9300
1628467765428000,0,0.03137426,43637.9500
1628467765434000,1,0.02000000,43632.5800
1628467766487000,0,0.02977210,43636.9100
1628467769739000,0,0.00609659,43634.8100
1628467771922000,1,0.00046111,43600.0000
1628467771922000,1,0.01000000,43600.0000
1628467772080000,1,0.00057235,43583.0400
1628467772080000,1,0.00343830,43582.5700
1628467772080000,1,0.01000000,43581.0000
1628467779079000,1,0.02000000,43577.5000
1628467779591000,0,0.28680000,43595.5600
1628467779623000,0,0.07000000,43595.5600
1628467779760000,0,0.00219000,43598.4900
1628467784296000,0,0.03663000,43608.4800
1628467791272000,0,0.04304672,43605.7200
1628467793429000,1,0.26895723,43584.3700
1628467793749000,1,0.03000000,43577.0000
1628467799058000,1,0.00046110,43575.0000
1628467799058000,1,0.00057376,43572.2400
1628467801165000,1,0.00114699,43581.2700
1628467801165000,1,0.00000001,43581.2700
1628467814329000,0,0.03878000,43619.2800
1628467822795000,0,0.00264000,43626.2800
1628467824433000,1,0.01000000,43600.0000
1628467826931000,1,0.40000000,43595.1900
1628467832708000,1,0.25161270,43587.5900
1628467832708000,1,0.17891544,43580.2700
1628467835965000,0,0.00879647,43619.0300
1628467842530000,0,0.01416777,43619.0800
1628467842962000,0,0.01771000,43619.0800
1628467845916000,0,0.00110000,43607.4700
1628467860448000,1,0.03000000,43568.5200
1628467861567000,1,0.05577397,43564.8800
1628467861693000,1,0.00080000,43557.3700
1628467861693000,1,0.05700000,43556.4100
1628467861758000,1,0.05000000,43564.5000
1628467861928000,1,0.00556559,43564.5000
1628467861931000,1,0.00000001,43564.5000
1628467862472000,1,0.03964775,43564.5000
1628467862609000,0,0.04044701,43554.0600
1628467862710000,0,0.04301330,43554.0600
1628467883453000,1,0.09999999,43553.8600
1628467883471000,1,0.00000001,43553.8600
1628467885175000,1,0.00046109,43550.0000
1628467888368000,1,0.00057296,43536.3300
1628467888368000,1,0.00057303,43530.8500
1628467888829000,0,0.14350000,43541.1600
1628467888829000,0,0.24260000,43542.8400
1628467891199000,1,0.00000001,43530.8500
1628467893007000,1,0.09999999,43525.5000
1628467893028000,1,0.00000001,43525.5000
1628467893028000,1,0.00046108,43525.0000
1628467902284000,0,0.00113000,43555.0100
1628467902690000,0,0.04962000,43557.0600
1628467904474000,0,0.00000207,43557.0600
1628467904474000,0,0.14339793,43571.4600
1628467904677000,0,0.04938000,43561.3100
1628467907269000,0,0.00000080,43561.3100
1628467907498000,0,0.02000000,43567.3000
1628467907600000,0,0.02528000,43567.3000
1628467911296000,0,0.04689000,43556.8800
1628467912464000,0,0.00000724,43556.8800
1628467912464000,0,0.14310000,43562.7600
1628467912464000,0,0.10000000,43569.0400
1628467912464000,0,0.07000000,43580.8200
1628467912464000,0,0.06967078,43580.8300
1628467912464000,0,0.21311306,43583.5400
1628467914029000,0,0.04546000,43565.8100
1628467922683000,0,0.09120000,43553.8600
1628467922683000,0,0.00200000,43554.3500
1628467922683000,0,0.00754149,43554.3600
1628467924863000,0,0.01735000,43554.3500
1628467927321000,1,0.22970527,43527.9700
1628467927321000,1,0.05472926,43527.4700
1628467927321000,1,0.21556547,43522.2900
1628467931464000,0,0.00532000,43536.1600
1628467934807000,1,0.00900000,43531.3300
1628467937745000,1,0.03000000,43522.6900
1628467938579000,0,0.04610226,43568.3600
1628467938579000,0,0.40000000,43568.4500
1628467938579000,0,0.57439932,43568.7900
1628467939572000,0,0.04002158,43582.7600
1628467941930000,1,0.05085550,43568.2300
1628467951598000,1,0.10000000,43570.2000
1628467951598000,1,0.00600000,43568.2200
1628467956947000,0,0.10000000,43584.1800
1628467958137000,1,0.22941000,43584.4200
1628467958409000,1,0.33000000,43566.8200
1628467958743000,1,0.12000000,43566.8200
1628467971510000,1,0.10000000,43581.4800
1628467971510000,1,0.12943000,43580.9800
1628467971559000,1,0.08615748,43580.9800
1628467971748000,1,0.01000000,43566.4700
1628467973273000,0,0.00219000,43587.3400
1628467983143000,0,0.10000000,43557.6600
1628467999036000,1,0.05700000,43505.4000
1628467999120000,1,0.00057337,43505.3600
1628467999415000,1,0.00059769,43501.0000
1628467999415000,1,0.05000000,43500.0000
1628467999415000,1,0.00046107,43500.0000
1628467999415000,1,0.07008229,43500.0000
1628467999415000,1,0.09885895,43500.0000
1628468000137000,1,0.07000000,43500.0100
1628468000137000,1,0.09720643,43500.0000
1628468010103000,0,0.00500000,43528.2800
1628468010157000,0,0.11673385,43528.2800
1628468026002000,1,0.26400000,43512.8500
1628468027521000,1,0.60000000,43500.0000
1628468027521000,1,0.06000000,43500.0000
1628468027521000,1,0.33892722,43500.0000
1628468027530000,1,0.30767627,43500.0000
1628468027533000,1,0.11905285,43500.0000
1628468027534000,1,0.99892722,43500.0000
1628468027535000,1,0.10666749,43500.0000
1628468027538000,1,0.12049655,43500.0000
1628468027539000,1,0.00825240,43500.0000
1628468027539000,1,0.00500000,43500.0000
1628468027539000,1,0.27377917,43500.0000
1628468027541000,1,0.09164828,43500.0000
1628468027542000,1,0.63457255,43500.0000
1628468027585000,1,0.22989903,43489.8800
1628468027585000,1,0.45950441,43486.8400
1628468027585000,1,0.00046106,43475.0000
1628468027585000,1,0.45982328,43471.3900
1628468027585000,1,0.29645457,43459.7200
1628468027585000,1,0.00875223,43458.8700
1628468027585000,1,0.55300000,43458.8700
1628468027650000,1,0.17395923,43486.2200
1628468027650000,1,0.11314077,43486.2200
1628468027768000,1,0.11050859,43456.7900
1628468027773000,1,0.11915555,43456.7900
1628468027785000,1,0.07791184,43456.7900
1628468027786000,1,0.06674627,43456.7900
1628468027786000,1,0.00875223,43455.3000
1628468027786000,1,0.00057403,43455.2900
1628468027786000,1,0.02188722,43450.3900
1628468027786000,1,0.00046105,43450.0000
1628468027786000,1,0.05652742,43449.1200
1628468027973000,1,0.00875223,43437.8700
1628468027973000,1,0.02188722,43437.8700
1628468027973000,1,0.04645929,43437.8600
1628468028015000,0,0.14077546,43438.7400
1628468028095000,1,0.08930083,43440.0400
1628468028109000,1,0.46008753,43430.2400
1628468028230000,1,0.00092136,43434.1200
1628468028242000,1,0.05690678,43425.0100
1628468028242000,1,0.00047104,43425.0000
1628468028337000,1,0.00875223,43425.0100
1628468028337000,1,0.02188722,43425.0100
1628468028337000,1,0.07000000,43421.4600
1628468028453000,1,0.00057452,43418.3700
1628468028453000,1,0.00825000,43404.1700
1628468028453000,1,0.00059906,43401.0000
1628468028453000,1,0.00047103,43400.0000
1628468028453000,1,0.00875223,43389.7600
1628468028453000,1,0.02002730,43389.7500
1628468028500000,1,0.02552723,43389.7500
1628468028500000,1,0.00000001,43389.5200
1628468028500000,1,0.02188722,43381.7700
1628468028500000,1,0.00057501,43381.7600
1628468028500000,1,0.05690678,43375.0100
1628468028500000,1,0.00047102,43375.0000
1628468028500000,1,0.35132218,43367.2000
1628468029002000,1,0.01200000,43367.2100
1628468029002000,1,0.32482471,43367.2100
1628468029002000,1,4.06317529,43367.2000
1628468029005000,1,4.40000000,43367.2000
1628468029037000,1,1.55360000,43367.2000
1628468029059000,1,0.67994000,43367.2000
1628468029168000,1,4.04490000,43367.2000
1628468029391000,1,0.01650000,43374.4000
1628468029598000,1,0.24311646,43374.4000
1628468029598000,1,0.14424670,43374.4000
1628468029690000,1,0.02000000,43374.4000
1628468029913000,0,0.02002000,43374.4100
1628468030120000,1,0.09006885,43374.4000
1628468030120000,1,0.00006253,43367.2000
1628468030120000,1,0.00057664,43354.3800
1628468030120000,1,0.00047101,43350.0000
1628468030338000,1,0.00047100,43325.0000
1628468030379000,1,0.29205854,43360.9900
1628468030480000,1,0.00784860,43359.7700
1628468030777000,1,0.01000000,43321.0000
1628468031033000,1,0.06896447,43323.4200
1628468031033000,1,0.01152812,43321.0100
1628468031033000,1,0.01200000,43303.0000
1628468031033000,1,0.05928064,43302.9900
1628468031033000,1,0.00060045,43301.0000
1628468031033000,1,0.00047099,43300.0000
1628468031033000,1,0.00057612,43297.6400
1628468031033000,1,0.04563931,43293.2000
1628468031033000,1,0.00057620,43291.9200
1628468031033000,1,0.04646584,43280.0500
1628468031033000,1,0.00047098,43275.0000
1628468031033000,1,0.00057647,43271.3000
1628468031033000,1,0.00057666,43257.0400
1628468031033000,1,0.02066893,43250.0100
1628468031033000,1,0.00047097,43250.0000
1628468031033000,1,0.18782329,43250.0000
1628468031054000,0,0.00414457,43366.7000
1628468031069000,1,0.00047967,43250.0000
1628468031190000,0,0.00820109,43366.6800
1628468031349000,1,0.01012812,43323.4300
1628468031883000,1,0.03420949,43282.3200
1628468031914000,1,0.12119051,43282.3200
1628468031914000,1,0.00825000,43266.6600
1628468031914000,1,0.31055949,43250.0000
1628468033959000,1,0.00825000,43283.0600
1628468033959000,1,0.03000000,43277.7800
1628468033959000,1,0.01200000,43262.8500
1628468033959000,1,0.06485286,43262.8400
1628468034907000,1,0.02457851,43319.6500
1628468035202000,0,0.11679901,43347.3100
1628468035275000,0,0.88320099,43347.3100
1628468036735000,1,0.03000000,43316.6200
1628468036735000,1,0.10000000,43316.6100
1628468036735000,1,0.10000000,43316.1100
1628468036735000,1,0.10000000,43316.0900
1628468036735000,1,0.10000000,43315.5900
1628468036750000,0,0.07331000,43358.6200
1628468040744000,0,0.02000000,43406.5600
1628468040758000,0,0.02214723,43406.5600
1628468044652000,0,0.10000000,43443.6000
1628468059907000,1,0.06400000,43424.8300
1628468059907000,1,0.23021480,43424.8200
1628468059948000,1,0.00000001,43424.8200
1628468060021000,1,0.10000000,43425.3200
1628468060094000,1,0.16578848,43405.4900
1628468060117000,1,0.27418618,43405.4900
1628468060119000,1,0.02048433,43405.4900
1628468060120000,1,0.00500000,43400.0000
1628468060189000,1,0.00669746,43392.5700
1628468060233000,1,0.13087502,43387.9600
1628468060235000,1,0.16496949,43387.9600
1628468060238000,1,0.08179688,43387.9600
1628468060240000,1,0.07110037,43387.9600
1628468060245000,1,0.08683054,43387.9600
1628468060306000,1,0.15610663,43387.9600
1628468060902000,1,0.23021325,43386.7600
1628468063191000,0,0.03000000,43367.9700
1628468063191000,0,0.06590000,43367.9800
1628468064344000,0,0.03000000,43370.7000
1628468065669000,1,0.13223599,43364.2200
1628468071121000,0,0.03000000,43367.6800
1628468071656000,0,0.00114137,43385.9300
1628468072374000,1,0.55000000,43306.0500
1628468072374000,1,0.00667805,43304.9100
1628468072374000,1,0.01669442,43301.0800
1628468073345000,1,0.07000000,43264.4800
1628468073345000,1,0.00825000,43254.4700
1628468073345000,1,0.05700000,43251.4700
1628468073345000,1,0.36475000,43250.0200
1628468074455000,0,0.05557000,43313.7000
1628468074456000,0,0.00000883,43313.7000
1628468074604000,0,0.03000000,43320.7300
1628468076762000,1,0.10000000,43259.8100
1628468076762000,1,0.00824999,43259.3100
1628468076762000,1,0.03000000,43256.6300
1628468076762000,1,0.45056208,43250.0200
1628468076762000,1,0.96806717,43250.0100
1628468076762000,1,0.13312076,43250.0000
1628468077109000,1,0.00247800,43251.0500
1628468077109000,1,0.17500000,43250.0100
1628468077109000,1,0.36801679,43250.0000
1628468077109000,1,0.12500000,43250.0000
1628468077109000,1,0.32950521,43241.8800
1628468080196000,1,0.28860893,43257.7900
1628468080196000,1,0.20000000,43235.0000
1628468080196000,1,0.10000000,43230.0000
1628468080196000,1,0.00057706,43227.3400
1628468080196000,1,0.00080000,43226.6700
1628468080196000,1,1.91001401,43225.0000
1628468080360000,1,0.00657060,43230.0100
1628468080360000,1,0.00142940,43227.3500
1628468080416000,1,2.04902728,43225.0000
1628468080416000,1,0.00047096,43225.0000
1628468080416000,1,0.20000000,43206.0000
1628468080416000,1,0.00566278,43202.9600
1628468080416000,1,0.00060184,43201.0000
1628468080416000,1,0.00057741,43200.9300
1628468080416000,1,0.00047000,43200.0000
1628468080416000,1,0.00047000,43200.0000
1628468080416000,1,0.00047000,43200.0000
1628468080416000,1,0.00047095,43200.0000
1628468080416000,1,0.02683333,43200.0000
1628468080416000,1,0.12625196,43200.0000
1628468080416000,1,0.01000000,43200.0000
1628468080419000,1,0.02000000,43189.0000
1628468080419000,1,0.18000000,43187.2700
1628468080547000,1,0.00151186,43239.9100
1628468081262000,1,0.10000000,43197.7200
1628468081292000,1,0.73894852,43197.7200
1628468081491000,0,0.09999999,43260.3200
1628468082474000,0,0.09131132,43299.9600
1628468082490000,0,0.00000001,43299.9600
1628468083338000,1,0.55857821,43258.2600
1628468096405000,1,0.00781305,43354.3600
1628468100890000,1,0.10000000,43366.5300
1628468100934000,1,0.01258915,43366.5300
1628468101246000,1,0.10000000,43330.3900
1628468103177000,0,0.00550300,43350.2200
1628468111797000,1,0.00600000,43269.5100
1628468111953000,1,0.10000000,43270.0100
1628468114417000,1,0.09134343,43193.2100
1628468120797000,0,0.18630000,43265.2800
1628468121430000,1,0.00619507,43205.2400
1628468122144000,0,0.10000000,43221.7700
1628468122462000,0,0.00269457,43262.0100
1628468123053000,1,0.00200000,43199.0300
1628468123053000,1,0.10000000,43199.0200
1628468123053000,1,0.81418486,43198.5200
1628468123053000,1,0.90194840,43198.5100
1628468123053000,1,0.92879137,43198.5000
1628468123053000,1,0.01200000,43186.6700
1628468123053000,1,0.00057760,43186.6600
1628468123053000,1,0.01200000,43182.5600
1628468123053000,1,0.03000000,43182.5500
1628468123499000,1,0.01988902,43199.0300
1628468124061000,1,0.11411671,43207.8600
1628468124267000,1,0.02618564,43193.0100
1628468132020000,0,0.97985348,43235.9700
1628468132020000,0,0.87644652,43235.9700
1628468132094000,0,0.08474000,43235.3700
1628468134340000,0,0.15189000,43224.8500
1628468134391000,1,0.00710172,43197.6300
1628468135148000,0,0.00000010,43224.8500
1628468135148000,0,0.14999990,43226.8600
1628468135924000,0,0.10081000,43226.8600
1628468139599000,1,0.32234294,43197.1300
1628468140843000,1,0.00047094,43175.0000
1628468142486000,1,0.14460000,43173.9000
1628468142486000,1,0.05000000,43168.0000
1628468142486000,1,0.00417485,43165.5800
1628468142486000,1,0.01500000,43156.0000
1628468142486000,1,0.03082515,43151.0100
1628468142812000,1,0.06178872,43151.0100
1628468145207000,1,0.02706416,43175.0100
1628468145249000,1,0.00000001,43175.0100
1628468148778000,1,0.41947579,43151.0000
1628468148795000,1,0.02052421,43151.0000
1628468148845000,1,0.00047093,43150.0000
1628468148845000,1,0.00057812,43148.1200
1628468148845000,1,0.00057819,43142.6100
1628468148851000,1,0.00057954,43137.6100
1628468148864000,1,0.00586389,43135.2100
1628468149254000,1,0.00057832,43132.9800
1628468149254000,1,0.01607000,43131.0000
1628468149254000,1,1.00000000,43126.8300
1628468149254000,1,0.00047092,43125.0000
1628468149254000,1,0.01000000,43121.0000
1628468149254000,1,0.00614586,43119.0100
1628468149254000,1,0.01000000,43119.0000
1628468149254000,1,0.00057856,43115.5200
1628468149254000,1,0.23177378,43113.1100
1628468149553000,0,0.05230000,43175.8300
1628468149553000,0,0.00825000,43187.7600
1628468149553000,0,0.23544286,43193.9100
1628468149553000,0,0.19894462,43193.9100
1628468160511000,0,0.00000354,43226.8600
1628468162695000,0,0.11460483,43250.8100
1628468163179000,0,0.00550800,43258.3700
1628468164673000,0,0.10000000,43257.1200
1628468167438000,0,0.13591103,43258.1700
1628468167438000,0,0.29796735,43259.7500
1628468167438000,0,0.02718785,43275.3000
1628468167438000,0,0.53893377,43279.9400
1628468167440000,0,0.46106623,43279.9400
1628468167461000,0,0.16750000,43259.8800
1628468167479000,0,0.33470000,43259.7600
1628468167583000,0,0.65051866,43287.7300
1628468167583000,0,0.06795454,43292.2200
1628468167583000,0,0.06797434,43296.1900
1628468168455000,0,0.07000000,43338.3700
1628468169433000,0,0.00080000,43356.1000
1628468183548000,1,0.10000000,43315.1400
1628468183548000,1,0.10000000,43315.0900
1628468183548000,1,0.10000000,43315.0800
1628468190015000,1,0.23000000,43309.6400
1628468196931000,0,0.14730000,43344.8200
1628468197017000,0,0.10000000,43344.8200
1628468199552000,1,0.05000000,43319.3400
1628468201115000,0,0.07000000,43322.5800
1628468201552000,0,0.00313605,43360.2900
1628468201553000,0,0.07113028,43362.6200
1628468201589000,0,0.02717105,43366.4600
1628468201589000,0,0.02715124,43370.2200
1628468201652000,0,0.06787810,43377.0700
1628468213736000,0,0.00047093,43399.0000
1628468214055000,0,0.00057832,43417.1000
1628468214055000,0,0.00047094,43449.0000
1628468214059000,0,0.00000001,43449.0000
1628468224246000,0,0.07000000,43441.9200
1628468224246000,0,0.14340000,43441.9300
1628468228342000,0,0.07000000,43418.3400
1628468228356000,0,0.03000000,43418.3400
1628468228382000,0,0.02999999,43426.4100
1628468228387000,0,0.04000001,43426.4100
1628468228387000,0,0.21162703,43427.5700
1628468228390000,0,0.01881480,43427.5700
1628468228483000,0,0.55000000,43437.6000
1628468228483000,0,0.34562790,43439.0000
1628468228483000,0,0.02708695,43446.9600
1628468228483000,0,0.00825000,43449.0000
1628468228483000,0,0.46082511,43452.9400
1628468228709000,0,0.03832648,43437.5900
1628468228727000,0,0.02939246,43437.5900
1628468233165000,0,2.37080000,43457.2300
1628468233174000,0,0.00007539,43457.2300
1628468233174000,0,0.28750000,43459.4900
1628468233174000,0,4.11242461,43459.5500
1628468233327000,0,0.10000000,43456.7300
1628468233393000,0,0.57250000,43459.5500
1628468235073000,0,0.07120000,43459.5500
1628468235159000,0,0.00000122,43459.5500
1628468245009000,1,0.12000000,43409.7500
1628468246193000,1,0.00682000,43409.7500
1628468246211000,1,0.00000986,43409.7500
1628468246696000,1,0.03000000,43400.7600
1628468247078000,1,0.05000000,43400.7600
1628468249344000,1,0.00509600,43400.7600
1628468249683000,1,0.17000000,43400.7600
1628468252391000,1,0.00392000,43400.7600
1628468252584000,1,0.00036497,43400.7600
1628468252584000,1,0.00047000,43400.0000
1628468257342000,1,0.10000000,43373.3100
1628468257342000,1,0.23000000,43369.2100
1628468270487000,0,0.28770000,43418.0500
1628468273070000,0,0.14340000,43439.0300
1628468288755000,0,0.30000000,43462.0300
1628468288833000,0,0.03143000,43462.0300
1628468304414000,0,0.00057856,43486.3700
1628468304414000,0,0.56775688,43490.6900
1628468304665000,1,0.10000000,43486.8700
1628468305313000,1,0.00156803,43458.8300
1628468309901000,1,0.00117602,43473.1300
1628468324358000,1,0.00395830,43460.4300
1628468324362000,1,0.00000001,43460.4300
1628468324747000,1,0.00197926,43460.4300
1628468324750000,1,0.00000001,43460.4300
1628468331776000,1,0.03920000,43426.5400
1628468337906000,1,0.00095990,43426.5400
1628468353513000,1,0.10454973,43443.3100
1628468353515000,1,0.12967859,43443.3100
1628468353787000,1,0.00984053,43443.3100
1628468355146000,0,0.00800000,43460.7400
1628468357086000,0,0.00700000,43460.7400
1628468357697000,1,0.00800000,43460.0900
1628468359501000,1,0.10000000,43443.3100
1628468359563000,1,0.10000000,43443.3100
1628468359621000,1,0.35593000,43443.3100
1628468373239000,1,0.00000115,43443.3100
1628468375843000,0,0.00661000,43433.5600
1628468395748000,0,0.00047092,43494.0000
1628468398637000,1,0.00080000,43491.4600
1628468407533000,1,0.00220000,43491.4600
1628468411840000,1,0.01841224,43459.1500
1628468412624000,1,0.00392000,43459.1500
1628468416919000,0,0.00047097,43499.0000
1628468416919000,0,0.01013903,43502.5400
1628468425908000,0,0.12452000,43507.4500
1628468425961000,0,0.21000495,43507.4500
1628468425974000,0,0.00568023,43507.4500
1628468426027000,0,0.03900000,43514.1500
1628468426027000,0,0.00057812,43515.4800
1628468426027000,0,0.18875304,43515.9000
1628468426032000,0,0.04116454,43515.9000
1628468426067000,0,0.02702813,43522.9000
1628468426067000,0,0.60790246,43522.9200
1628468426067000,0,0.03000000,43538.2600
1628468426067000,0,0.06757032,43539.0900
1628468426067000,0,0.04558201,43539.1000
1628468426134000,0,0.34487617,43521.1200
1628468426997000,0,0.05397000,43521.8200
1628468457552000,1,0.02000000,43500.0000
1628468457661000,1,0.55859000,43500.0000
1628468457676000,1,0.00000494,43500.0000
1628468457736000,1,0.05000000,43499.0000
1628468473704000,1,0.07000000,43452.8600
1628468480956000,0,0.00104467,43477.8400
1628468501134000,0,0.00411000,43466.9400
1628468510637000,0,0.00220000,43464.6400
1628468537261000,0,0.00308000,43463.4200
1628468553374000,1,0.00395072,43452.7500
1628468553374000,1,0.00482099,43452.7500
1628468553389000,1,0.00017901,43452.7500
1628468554564000,1,0.00197523,43452.7500
1628468558905000,1,0.00000001,43452.7500
1628468558905000,1,0.00048398,43452.7500
1628468559290000,1,0.01100000,43443.3700
1628468593741000,0,0.00066000,43417.0900
1628468595923000,0,0.00113000,43426.1700
1628468619663000,0,0.02291995,43412.8300
1628468629517000,0,0.00136000,43423.5300
1628468638138000,1,0.03000000,43387.1100
1628468653193000,1,0.02000000,43394.6800
1628468653200000,1,0.02000000,43394.6800
1628468653232000,1,0.03136000,43394.6800
1628468653938000,1,0.15000000,43394.6800
1628468654304000,1,0.11000000,43394.6800
1628468654602000,1,0.03000000,43394.6800
1628468654941000,1,0.00142688,43394.6800
1628468655594000,1,0.11000000,43394.6800
1628468655947000,1,0.44000000,43394.6800
1628468657631000,1,0.00456349,43394.6800
1628468657858000,0,0.00343000,43403.9600
1628468657926000,1,0.00009313,43394.6800
1628468667539000,0,0.15462000,43394.9200
1628468667552000,0,0.10282149,43394.9200
1628468678996000,1,0.16700000,43387.1100
1628468678996000,1,0.12600000,43387.1100
1628468701863000,0,0.00300000,43387.8000
1628468719724000,1,0.00104467,43416.4200
1628468720930000,0,1.00000000,43434.8000
1628468720945000,0,0.03900000,43437.4100
1628468720945000,0,0.23030406,43442.2700
1628468720957000,0,0.03900000,43445.0900
1628468720957000,0,0.34546926,43445.6100
1628468721035000,0,0.03899999,43436.2900
1628468721045000,0,0.14340000,43439.3300
1628468721058000,0,0.02707530,43453.7600
1628468721058000,0,0.00825000,43457.2900
1628468721058000,0,0.46057292,43462.1900
1628468721058000,0,0.06768638,43462.9300
1628468721058000,0,0.01847754,43462.9400
1628468721085000,0,0.69105014,43470.5500
1628468721253000,0,0.02707530,43475.9600
1628468721253000,0,0.04656553,43475.9700
1628468721253000,0,0.17595792,43478.1200
1628468721253000,0,0.04575077,43482.4900
1628468721253000,0,0.98358502,43503.5900
1628468721253000,0,0.03000000,43507.3200
1628468721253000,0,0.18000000,43520.8300
1628468721253000,0,0.98745786,43529.0000
1628468721253000,0,0.40412747,43529.0200
1628468723397000,1,0.10000000,43483.4900
1628468723397000,1,0.14000000,43482.2600
1628468723519000,0,0.13040240,43518.2500
1628468727496000,0,0.08880000,43516.7500
1628468727496000,0,0.02557064,43517.1900
1628468727607000,0,0.26172000,43517.1900
1628468736452000,0,0.00221000,43505.2000
1628468736506000,0,0.28469000,43505.2000
1628468737153000,0,0.14340000,43507.1500
1628468739768000,0,0.14320000,43512.7500
1628468741023000,0,0.14340000,43512.7500
1628468741729000,0,0.14350000,43512.5500
1628468742095000,0,0.14330000,43512.5500
1628468742665000,0,0.14310000,43512.5500
1628468745248000,0,0.11443683,43516.8500
1628468750750000,1,0.27000000,43487.5900
1628468751172000,1,0.09000000,43487.5900
1628468751413000,1,0.09000000,43487.5900
1628468751803000,1,0.48000000,43487.5900
1628468752142000,1,0.15000000,43487.5900
1628468752217000,1,0.15508503,43487.5900
1628468752242000,1,0.06528759,43487.5900
1628468752254000,1,0.09962738,43487.5900
1628468752405000,1,0.93575126,43472.7100
1628468755504000,1,0.00152906,43471.4600
1628468757535000,1,0.28710000,43471.3500
1628468757535000,1,0.25224039,43471.3000
1628468757535000,1,0.14320000,43470.1600
1628468757535000,1,0.22997719,43467.3300
1628468757535000,1,0.92534760,43465.0400
1628468757535000,1,0.05046318,43461.0800
1628468757535000,1,0.92531036,43459.5400
1628468757535000,1,0.96423401,43459.5300
1628468757535000,1,0.45998833,43456.7600
1628468757535000,1,0.03000000,43455.8500
1628468757535000,1,0.00825000,43452.5700
1628468757535000,1,0.85922702,43447.1100
1628468757535000,1,0.94815981,43447.1000
1628468757535000,1,0.55300000,43447.0900
1628468757535000,1,0.56685288,43447.0700
1628468761497000,1,0.00099005,43472.1500
1628468761817000,0,0.00049502,43472.0800
1628468762236000,0,0.14330000,43460.9400
1628468776658000,0,0.00407000,43441.6400
1628468784233000,0,0.00881000,43433.8900
1628468784344000,1,0.05327000,43416.6600
1628468803589000,0,0.17840907,43426.5200
1628468803590000,0,0.05192758,43426.5200
1628468803761000,0,0.23030881,43431.2800
1628468803761000,0,0.11518389,43432.3800
1628468807600000,1,0.00100000,43429.8000
1628468854174000,0,0.09800000,43393.6300
1628468854615000,0,0.00100000,43397.7200
1628468857805000,1,0.10000000,43394.1300
1628468862264000,1,0.01900000,43375.5700
1628468862355000,1,0.19668594,43375.5700
1628468865404000,0,0.00110000,43380.1300
1628468869819000,0,0.00463000,43375.0200
1628468913224000,0,0.00223000,43407.0300
1628468915041000,0,0.14380000,43412.1300
1628468915068000,0,0.28780000,43422.8900
1628468915068000,0,0.04022888,43432.0200
1628468915076000,0,0.07772146,43432.0200
1628468915144000,0,0.34283569,43432.0200
1628468915241000,0,0.18222701,43436.8000
1628468915267000,0,0.12097342,43436.8000
1628468915275000,0,0.00753911,43436.8000
1628468915429000,0,0.14350000,43440.6800
1628468915444000,0,0.04665623,43449.7100
1628468915444000,0,0.05464247,43455.9700
1628468915467000,0,0.18448493,43461.6000
1628468915689000,0,0.01646999,43465.9300
1628468916696000,0,0.05062233,43481.8800
1628468916696000,0,0.01400000,43486.2300
1628468916696000,0,0.12537767,43486.2400
1628468928156000,0,0.00126000,43518.0500
1628468934333000,1,0.09800000,43523.6500
1628468934333000,1,0.13171622,43523.6500
1628468935397000,0,0.00115000,43542.2000
1628468935397000,0,0.00093000,43542.7600
1628468940498000,1,0.10000000,43509.1300
1628468944413000,1,0.09000000,43501.4400
1628468944696000,1,0.19000000,43501.4400
1628468946215000,1,0.22988641,43486.9400
1628468946270000,1,0.45967946,43479.8600
1628468960271000,0,0.00453000,43496.5100
1628468962241000,1,0.01000000,43472.8100
1628468974211000,1,0.14370000,43428.1600
1628468974211000,1,0.07000000,43420.5100
1628468974211000,1,0.23019119,43420.5000
1628468974211000,1,0.28770000,43417.3000
1628468974211000,1,0.00825000,43417.2500
1628468974211000,1,0.21532108,43410.9100
1628468992184000,1,0.00095587,43398.3000
1628468992304000,1,0.00001951,43398.3000
1628468992878000,1,0.00046833,43398.3000
1628468992978000,1,0.00000956,43398.3000
1628468997444000,0,0.00200000,43405.0900
1628469004216000,1,0.14390000,43376.5700
1628469004216000,1,0.02806267,43374.5900
1628469039486000,0,0.00500000,43435.0300
1628469046156000,0,0.00100000,43438.1100
1628469047108000,0,0.14370000,43427.8400
1628469069957000,0,0.00110000,43471.4100
1628469071205000,1,0.00074708,43458.5800
1628469132642000,0,0.11924115,43447.5100
1628469144594000,0,0.00112000,43459.1500
1628469146312000,1,0.00800000,43439.7400
1628469147072000,1,0.17000000,43420.6500
1628469147116000,1,0.15342891,43420.6500
1628469150211000,1,0.01000000,43397.2000
1628469151244000,1,0.01000000,43397.2000
1628469151378000,1,0.30213000,43397.2000
1628469152195000,1,0.19000000,43397.2000
1628469152870000,1,0.00820000,43397.2000
1628469152967000,1,0.00500000,43405.3200
1628469153046000,1,0.00000131,43397.2000
1628469156524000,0,0.00440000,43412.2600
1628469176119000,0,0.00149000,43404.9200
1628469196148000,0,0.05000000,43422.6800
1628469197405000,0,0.00551000,43423.5200
1628469228064000,1,0.00800922,43344.9900
1628469236158000,0,0.09275653,43374.4300
1628469236187000,0,0.05094347,43374.4300
1628469257809000,1,0.10000000,43400.9800
1628469257809000,1,0.14380000,43399.9600
1628469257822000,1,0.15929793,43393.9400
1628469258001000,1,0.00075990,43399.9600
1628469260192000,1,0.11300000,43370.8900
1628469261561000,1,0.05444299,43357.6700
1628469261597000,1,0.00000001,43357.6700
1628469263127000,1,0.04152000,43351.9300
1628469263250000,1,0.00000650,43351.9300
1628469263789000,1,0.17699999,43344.9400
1628469263793000,1,0.00000001,43344.9400
1628469264240000,0,0.04858891,43344.9500
1628469264436000,0,0.03000000,43344.9400
1628469264436000,0,0.01447950,43344.9500
1628469264598000,0,0.03000000,43344.9400
1628469264598000,0,0.02594471,43344.9500
1628469264724000,0,0.03000000,43344.9400
1628469264724000,0,0.01761765,43344.9500
1628469264937000,0,0.03000000,43344.9400
1628469264937000,0,0.01699186,43344.9500
1628469265076000,0,0.03000000,43344.9400
1628469265076000,0,0.01594375,43344.9500
1628469265220000,0,0.00433362,43344.9500
1628469265232000,1,0.05135874,43346.2000
1628469265332000,0,0.04864126,43344.4500
1628469265427000,1,0.00365000,43347.6200
1628469265721000,1,0.00000168,43347.6200
1628469265926000,1,0.04155862,43344.6900
1628469266063000,0,0.05186307,43336.5200
1628469266345000,1,0.04158000,43334.4100
1628469268770000,0,0.03000000,43313.3500
1628469268770000,0,0.01724809,43316.9700
1628469268888000,0,0.01800000,43321.8000
1628469268888000,0,0.02145764,43321.8100
1628469269635000,0,0.00225000,43313.0200
1628469269907000,0,0.05348043,43313.0100
1628469270037000,0,0.04531953,43313.5200
1628469270150000,0,0.03993544,43313.0000
1628469271250000,1,0.01867000,43312.0200
1628469271258000,1,0.00000721,43312.0200
1628469279543000,0,0.00200000,43327.7300
1628469280453000,1,0.02114625,43314.5400
1628469288337000,0,0.00646000,43336.5200
1628469307017000,0,0.00133000,43319.1800
1628469308052000,0,0.11862000,43304.3800
1628469308978000,0,0.00647000,43308.6900
1628469309553000,1,0.00047000,43300.0000
1628469338840000,0,0.00177000,43276.1100
1628469342771000,0,0.02653000,43282.1700
1628469346678000,0,0.10000000,43271.8100
1628469346747000,0,0.04400000,43271.8100
1628469357214000,0,0.00221000,43286.4100
1628469370576000,0,0.04223000,43321.2000
1628469371448000,1,0.09999999,43308.6100
1628469371448000,1,0.00000001,43308.6100
1628469371448000,1,0.23086289,43297.7200
1628469371477000,1,0.34634968,43288.0800
1628469371477000,1,0.03000000,43287.3800
1628469371477000,1,0.00836914,43281.4100
1628469371477000,1,0.61453347,43281.4000
1628469371479000,1,0.49167949,43281.4000
1628469371520000,1,0.07000000,43297.7300
1628469371520000,1,0.23544286,43281.4200
1628469371572000,1,0.07000000,43281.4100
1628469371838000,1,0.05940000,43288.5800
1628469388647000,0,0.21377000,43320.1600
1628469388720000,0,0.07473000,43320.1600
1628469388908000,0,0.02000000,43320.2100
1628469397461000,1,0.02000000,43280.0000
1628469398944000,1,0.03000000,43280.0000
1628469401209000,0,0.00114000,43262.8100
1628469401639000,0,0.09886000,43262.8100
1628469401639000,0,0.28840000,43265.5600
1628469401639000,0,0.02974000,43273.1300
1628469410063000,1,0.01368298,43282.1600
1628469416509000,0,0.00221000,43305.9200
1628469420954000,1,0.08630000,43305.2900
1628469430412000,0,0.14390000,43311.4200
1628469430625000,0,0.02714938,43340.1900
1628469430625000,0,0.06056007,43343.8100
1628469430625000,0,0.17488279,43343.8100
1628469430869000,0,0.02714938,43343.8000
1628469430869000,0,0.12716337,43350.7000
1628469430930000,0,0.08668795,43350.7000
1628469430992000,0,0.13175000,43355.2200
1628469432187000,0,0.05358666,43371.5100
1628469433012000,0,0.04537000,43383.5800
1628469433363000,0,0.00000788,43383.5800
1628469433840000,0,0.04598000,43392.0700
1628469435988000,0,0.00000424,43392.0700
1628469436063000,1,0.05598851,43383.6000
1628469437319000,0,0.04118000,43394.1800
1628469437823000,0,0.00000460,43394.1800
1628469438401000,1,0.03000000,43395.2000
1628469438585000,0,0.03000000,43389.4800
1628469438587000,0,0.01474324,43389.4800
1628469439851000,0,0.04719573,43394.3600
1628469440415000,0,0.04374000,43392.4800
1628469440780000,0,0.00000785,43392.4800
1628469440952000,0,0.04255000,43395.4200
1628469440956000,0,0.00000897,43395.4200
1628469442036000,1,0.03000000,43391.4400
1628469442036000,1,0.02411539,43391.1700
1628469442180000,1,0.03000000,43391.1800
1628469442180000,1,0.01742361,43391.1700
1628469443301000,1,0.00097715,43391.4300
1628469443495000,0,0.04000000,43383.8600
1628469443564000,0,0.00788000,43383.8600
1628469445206000,1,0.03000000,43408.6500
1628469445249000,0,0.02113974,43404.1600
1628469445389000,1,0.05113627,43409.2300
1628469445502000,1,0.04944588,43409.2400
1628469445662000,0,0.03000000,43412.8100
1628469445755000,0,0.01920364,43412.8100
1628469446745000,1,0.04213887,43422.9300
1628469446928000,1,0.04423000,43422.9300
1628469447045000,1,0.04672340,43422.9300
1628469447183000,1,0.04284319,43422.9300
1628469447287000,1,0.05420429,43422.9300
1628469447393000,1,0.00002371,43422.9300
1628469447393000,1,0.05545794,43415.1800
1628469447521000,1,0.04091125,43411.7600
1628469447623000,1,0.05318381,43411.7600
1628469449433000,1,0.04327846,43415.0000
1628469449531000,1,0.05332289,43415.0000
1628469449653000,1,0.02257893,43415.0000
1628469449790000,1,0.05324435,43407.2900
1628469450990000,1,0.23029496,43407.7000
1628469460440000,0,0.10000000,43392.2200
1628469463327000,0,0.00170000,43430.3100
1628469463603000,1,0.30500000,43405.1400
1628469465300000,0,0.13949212,43419.6300
1628469467729000,1,0.26433000,43411.6700
1628469467801000,1,0.35000000,43411.6700
1628469467871000,1,0.25000000,43411.6700
1628469469657000,1,0.20046706,43405.4400
1628469469657000,1,0.21096364,43405.4400
1628469469796000,1,0.10000000,43405.4400
1628469469858000,1,0.35000000,43405.4400
1628469470220000,1,0.43856929,43405.4400
1628469470222000,1,0.00000001,43405.4400
1628469470987000,0,0.15000000,43401.1000
1628469471046000,0,0.10000000,43400.6000
1628469471046000,0,0.05000000,43401.1000
1628469471252000,0,0.05500000,43401.1000
1628469471313000,0,0.05000000,43401.1000
1628469475788000,1,0.09000000,43405.3500
1628469479206000,0,0.10000000,43409.3700
1628469479207000,0,0.11203615,43409.3700
1628469479208000,0,0.07566385,43409.3700
1628469479208000,0,0.02433615,43409.4200
1628469480850000,0,0.01646532,43427.6400
1628469487651000,0,0.00663000,43430.8800
1628469496119000,1,0.07000000,43372.9900
1628469501794000,1,0.05000000,43356.1300
1628469502288000,1,0.00462028,43356.1300
1628469502360000,1,0.00000001,43356.1300
1628469503558000,1,0.06011000,43350.6900
1628469503596000,1,0.00000578,43350.6900
1628469504728000,1,0.05637136,43351.4900
1628469505862000,0,0.00825000,43343.8300
1628469505896000,1,0.05147289,43346.9800
1628469506017000,0,0.06172900,43346.9700
1628469506464000,1,0.06000000,43345.6700
1628469506474000,1,0.00542638,43345.6700
1628469506762000,1,0.05665000,43344.2700
1628469507552000,1,0.06000000,43342.2800
1628469507720000,1,0.00619000,43342.2800
1628469508211000,1,0.00000867,43342.2800
1628469508291000,0,0.00353000,43341.7900
1628469509546000,1,0.05372307,43340.1700
1628469509551000,1,0.00000001,43340.1700
1628469509707000,0,0.07395836,43341.6000
1628469509845000,0,0.06906774,43341.5900
1628469510303000,0,0.06719617,43332.3100
1628469510459000,0,0.06653312,43332.3100
1628469511843000,0,0.03765151,43325.9000
1628469512022000,0,0.07000000,43325.8900
1628469512022000,0,0.00426684,43325.9000
1628469512162000,0,0.05511738,43325.4000
1628469512364000,0,0.01038262,43325.4000
1628469512364000,0,0.05480162,43325.9000
1628469512549000,1,0.06231000,43325.7300
1628469512801000,1,0.00000558,43325.7300
1628469513045000,0,0.01427109,43319.2800
1628469513210000,0,0.02772891,43319.2800
1628469513351000,0,0.02522000,43319.2800
1628469513776000,1,0.05458000,43317.2900
1628469513799000,1,0.00000880,43317.2900
1628469514090000,1,0.05524000,43316.2700
1628469514116000,1,0.00000547,43316.2700
1628469515164000,1,0.36900000,43314.8800
1628469518114000,1,0.37000000,43309.5900
1628469518152000,1,0.00500000,43309.5900
1628469519935000,0,0.14390000,43305.2900
1628469519993000,1,0.00010000,43312.5700
1628469520923000,0,0.91450625,43312.8400
1628469520923000,0,0.59349375,43313.9200
1628469524010000,0,0.23098908,43311.0400
1628469525017000,1,0.25000000,43322.8900
1628469526800000,1,0.13000918,43278.5300
1628469526800000,1,0.05444920,43278.4800
1628469526800000,1,0.95747455,43275.8300
1628469526800000,1,0.90093579,43274.7900
1628469526800000,1,0.31403284,43274.6500
1628469526800000,1,0.88210771,43271.3800
1628469526800000,1,0.03000000,43261.4100
1628469526800000,1,0.00825000,43257.3700
1628469526800000,1,0.00834107,43250.0100
1628469526800000,1,0.00047097,43250.0000
1628469526800000,1,0.23544286,43246.8100
1628469526800000,1,0.98696901,43246.8000
1628469526800000,1,0.93266879,43246.7900
1628469526800000,1,0.69000000,43246.7600
1628469526800000,1,3.75090000,43244.8000
1628469526800000,1,0.04656960,43242.7900
1628469526800000,1,2.38123339,43242.2300
1628469526800000,1,0.02084583,43235.7900
1628469526800000,1,0.15917608,43235.7800
1628469527924000,0,0.69000000,43306.5000
1628469528933000,0,0.93196674,43306.4900
1628469528933000,0,0.20403326,43306.5000
1628469529780000,1,0.10000000,43284.8400
1628469529780000,1,0.07000000,43280.3100
1628469529780000,1,0.05557198,43275.4200
1628469529780000,1,0.55300000,43266.3400
1628469529780000,1,0.50000000,43266.3400
1628469529780000,1,0.94968644,43266.3300
1628469529780000,1,0.83012069,43266.3200
1628469529780000,1,0.06409011,43266.3200
1628469531974000,1,0.14430000,43320.2000
1628469532028000,1,0.07516536,43320.2000
1628469532088000,1,1.01000000,43320.2000
1628469532090000,1,2.36000000,43320.2000
1628469532113000,1,0.18654481,43320.2000
1628469532113000,1,0.01898983,43320.2000
1628469535945000,1,0.10000000,43285.4500
1628469535945000,1,0.38680000,43274.7800
1628469535945000,1,0.34646811,43274.7300
1628469535945000,1,0.16603472,43274.7200
1628469535953000,1,0.06495675,43274.7200
1628469535953000,1,0.06918197,43272.6600
1628469536442000,1,0.18000000,43266.3200
1628469559441000,0,0.00200000,43318.0800
1628469559681000,0,0.05324000,43318.0800
1628469561693000,0,0.00000076,43318.0800
1628469562453000,0,0.00300000,43375.8500
1628469563117000,0,0.02578000,43355.2200
1628469563617000,0,0.02141787,43355.2200
1628469567535000,0,0.06353000,43350.5700
1628469586433000,1,0.07000000,43308.4700
1628469586440000,1,0.03000000,43308.4700
1628469586523000,1,0.15340016,43300.1300
1628469587745000,0,0.12004000,43287.5800
1628469590787000,0,0.12026000,43279.1200
1628469592482000,0,0.11845000,43299.1100
1628469592494000,0,0.00000696,43299.1100
1628469592494000,0,0.00099304,43312.8600
1628469609176000,1,0.10000000,43264.0800
1628469613970000,1,0.10000000,43261.1400
1628469616761000,1,0.03850000,43257.9400
1628469618008000,0,0.00089000,43255.8800
1628469619987000,0,0.01000000,43266.9900
1628469624724000,0,0.00100000,43268.9500
1628469631503000,1,0.10000000,43244.2500
1628469631505000,1,0.23119043,43243.7500
1628469631520000,1,0.16946091,43239.0000
1628469631521000,1,0.09237548,43239.0000
1628469631535000,1,0.08423271,43239.0000
1628469631537000,1,0.00071654,43239.0000
1628469631595000,1,0.39715974,43231.3000
1628469631623000,1,0.23119043,43243.7500
1628469631623000,1,0.06516978,43231.3000
1628469637613000,0,0.00300000,43243.5800
1628469644427000,1,0.00049739,43225.5900
1628469644427000,1,0.02680373,43220.0000
1628469662848000,0,0.00144000,43242.0900
1628469672349000,0,0.00223000,43270.5100
1628469679226000,0,0.00443000,43244.4500
1628469680595000,1,0.14053569,43232.6900
1628469680595000,1,0.28890000,43229.9500
1628469680595000,1,0.23126007,43225.4600
1628469680595000,1,0.26637963,43223.9600
1628469680595000,1,0.34690297,43218.6100
1628469680595000,1,0.05700000,43211.9000
1628469680595000,1,0.05577863,43211.8900
1628469680595000,1,0.99827086,43211.2000
1628469680595000,1,0.91736623,43211.1900
1628469680595000,1,0.46253751,43210.0100
1628469680595000,1,0.46257988,43204.6500
1628469680595000,1,0.04560200,43204.2400
1628469680595000,1,0.03000000,43201.6000
1628469680595000,1,0.87488350,43200.0200
1628469680595000,1,0.55300000,43200.0100
1628469680595000,1,0.00047000,43200.0000
1628469680595000,1,0.00047095,43200.0000
1628469680595000,1,0.39421621,43200.0000
1628469695515000,1,0.60000000,43200.0000
1628469695572000,1,0.10000000,43200.0000
1628469695639000,1,0.20000000,43200.0000
1628469695649000,1,0.45000000,43200.0000
1628469695696000,1,0.15000000,43200.0000
1628469695762000,1,0.10000000,43200.0000
1628469695837000,1,0.00578379,43200.0000
1628469695837000,1,0.00999999,43200.0000
1628469695901000,1,0.00000001,43200.0000
1628469709671000,1,0.00134474,43190.6300
1628469709671000,1,0.07000000,43176.8800
1628469709671000,1,0.13129902,43176.8700
1628469721924000,0,0.00210000,43208.0200
1628469722397000,1,0.11000000,43189.7000
1628469724343000,1,0.23000000,43175.1800
1628469729994000,1,0.13000000,43177.1900
1628469733850000,0,0.02482430,43207.2600
1628469740712000,1,0.12708000,43192.9200
1628469746365000,1,0.07042000,43161.4500
1628469746410000,1,0.47415031,43161.4500
1628469746568000,1,0.01506047,43161.4500
1628469746573000,1,0.00000001,43161.4500
1628469750248000,0,0.00093663,43186.4500
1628469755624000,0,0.00246000,43192.1400
1628469756907000,1,0.10000000,43163.5900
1628469757109000,1,0.00999999,43161.4500
1628469759256000,0,0.00068000,43179.5000
1628469761655000,1,0.12000000,43162.6400
1628469768178000,1,0.12546066,43166.8100
1628469768178000,1,0.00000001,43161.4500
1628469768178000,1,0.07453933,43153.0600
1628469770640000,0,0.00136000,43187.7100
1628469772722000,0,0.00230000,43187.6600
1628469777809000,0,0.02114000,43175.9400
1628469779199000,0,0.00000900,43175.9400
1628469779199000,0,0.00113100,43179.4900
1628469790198000,1,0.10000000,43179.7000
1628469790198000,1,0.23000000,43178.1800
1628469794603000,1,0.14214724,43172.4600
1628469794614000,1,0.07953682,43172.4600
1628469796371000,1,0.00200000,43166.8100
1628469796371000,1,0.08669885,43163.1300
1628469806416000,1,0.00047093,43150.0000
1628469807656000,1,0.10000000,43138.1000
1628469808982000,0,0.00231000,43145.9600
1628469811630000,0,0.00388000,43153.1900
1628469814934000,1,0.10000000,43145.6000
1628469815031000,0,0.02283000,43161.6500
1628469815280000,1,0.00151741,43145.6000
1628469815282000,1,0.00000001,43145.6000
1628469821778000,0,0.00066000,43167.3000
1628469838538000,1,0.18700000,43146.5800
1628469843316000,1,0.10000000,43125.3600
1628469844593000,1,0.08740584,43125.4100
1628469844615000,1,0.00459416,43125.4100
1628469844684000,1,0.00047092,43125.0000
1628469844771000,1,0.07408837,43111.5600
1628469845134000,0,0.00067000,43128.2500
1628469845497000,0,0.09933000,43128.2500
1628469849054000,0,0.05260000,43157.0000
1628469849063000,0,0.00000634,43157.0000
1628469850204000,0,0.07388904,43161.9700
1628469850442000,0,0.07373000,43164.9600
1628469851214000,1,0.04238756,43147.9100
1628469854137000,0,0.05860506,43155.1000
1628469854248000,0,0.00200000,43168.4600
1628469854429000,0,0.06185000,43156.0900
1628469855604000,0,0.14440000,43170.9600
1628469855604000,0,0.08726541,43187.4000
1628469855617000,0,0.01273459,43187.4000
1628469856553000,1,0.05556521,43202.2500
1628469857698000,1,0.05836968,43256.0000
1628469857712000,1,0.00093032,43256.0000
1628469857712000,1,0.00200000,43255.5000
1628469857834000,1,0.03000000,43251.0000
1628469857834000,1,0.03599274,43232.0300
1628469860452000,0,0.00211000,43270.0400
1628469861203000,1,0.00400000,43251.0500
1628469862495000,0,0.07000000,43253.3900
1628469862570000,1,0.03000000,43223.7500
1628469862570000,1,0.01714588,43217.7700
1628469874018000,0,0.00100000,43268.9800
1628469874211000,1,0.23119322,43241.0500
1628469874211000,1,0.16580000,43238.3900
1628469874265000,1,0.15188409,43235.7400
1628469877556000,0,0.10000000,43263.0500
1628469879637000,1,0.01000000,43261.4400
1628469897616000,1,0.07925244,43245.0900
1628469897638000,1,0.05904444,43245.0900
1628469897639000,1,0.06574316,43245.0900
1628469897639000,1,0.02711561,43245.0900
1628469897639000,1,0.34672588,43241.1900
1628469897857000,1,0.05700000,43228.2900
1628469897857000,1,0.22300000,43228.2400
1628469902151000,0,0.00246000,43244.0500
1628469911853000,0,0.30000000,43232.0500
1628469911924000,0,0.20000000,43232.0500
1628469922087000,0,0.00155000,43215.8900
1628469932864000,1,0.05497519,43164.5300
1628469951440000,0,0.00400000,43162.7500
1628469952889000,0,0.13625209,43154.5100
1628469976956000,0,0.00111000,43137.6100
1628469979410000,0,0.00460000,43148.7900
1628469989171000,0,0.05021000,43175.1400
1628469989474000,0,0.01022000,43177.8100
1628470000577000,0,0.00692000,43188.8200
1628470017469000,0,0.00224000,43130.8000
1628470020096000,1,0.00060323,43101.0000
1628470020096000,1,0.00047000,43100.0000
1628470020096000,1,0.10000000,43100.0000
1628470020096000,1,0.00047091,43100.0000
1628470020722000,1,0.46382654,43087.5900
1628470020722000,1,0.01000000,43081.0000
1628470020722000,1,0.10000000,43075.6900
1628470020722000,1,0.00047090,43075.0000
1628470020722000,1,0.05700000,43071.9700
1628470020722000,1,0.04588556,43071.9600
1628470020722000,1,0.15303483,43070.5100
1628470021503000,1,0.06600000,43084.0400
1628470021503000,1,0.23200315,43084.0300
1628470021503000,1,0.10000000,43075.2400
1628470021503000,1,0.05700000,43074.2200
1628470021503000,1,0.46398549,43071.5200
1628470021503000,1,0.46400629,43069.3100
1628470021503000,1,0.92857552,43060.9500
1628470021503000,1,0.42550545,43060.9400
1628470024224000,1,0.14490000,43104.5200
1628470024224000,1,0.26968962,43102.5000
1628470025017000,1,0.01990669,43105.7200
1628470025829000,0,0.05391000,43131.8000
1628470040916000,0,0.07634000,43122.9800
1628470053712000,0,0.04677549,43120.8700
1628470053712000,0,0.05322451,43120.8800
1628470053785000,0,0.04490000,43120.8800
1628470064729000,1,0.20430000,43110.6000
1628470064779000,1,0.23188192,43108.9800
1628470064779000,1,0.34782822,43104.5700
1628470064798000,1,0.08430211,43102.4800
1628470064799000,1,0.12540810,43102.4800
1628470064800000,1,0.08848238,43102.4800
1628470064848000,1,0.09403711,43097.4600
1628470064855000,1,0.07873759,43097.4600
1628470064857000,1,0.12890667,43097.4600
1628470064892000,1,0.16205974,43097.4600
1628470064928000,1,0.23191161,43103.1800
1628470064943000,1,0.11229717,43088.8800
1628470064945000,1,0.11779466,43088.8800
1628470065006000,1,0.13560221,43088.8800
1628470066276000,0,0.07000000,43100.5200
1628470066276000,0,0.03000000,43100.5300
1628470066276000,0,0.07480000,43100.5400
1628470071156000,0,0.00100000,43116.8500
1628470071200000,0,0.04000000,43116.8500
1628470077555000,0,0.10000000,43141.0800
1628470077633000,0,0.04440000,43141.0800
1628470080031000,0,0.00222000,43156.7900
1628470081582000,0,0.41614952,43163.1200
1628470081590000,0,0.01242495,43163.1200
1628470081674000,0,0.05757505,43163.1200
1628470082042000,0,0.01200000,43169.7900
1628470082261000,0,0.31070000,43169.7900
1628470082332000,0,0.10000000,43169.7900
1628470082412000,0,0.15000000,43169.7900
1628470082491000,0,0.12534000,43169.7900
1628470083045000,0,0.00300000,43204.2800
1628470098908000,1,0.00785514,43222.6000
1628470099349000,1,0.00392757,43222.6000
1628470099542000,1,0.12000000,43211.9000
1628470101252000,0,0.00784000,43221.1000
1628470104383000,1,0.10000000,43222.1400
1628470112628000,1,0.12320947,43205.0300
1628470113911000,1,0.00000001,43205.0300
1628470113911000,1,0.11999999,43201.8600
1628470149852000,1,0.02000000,43140.9700
1628470150849000,1,0.02000000,43134.7800
1628470156218000,1,0.05106913,43108.5000
1628470161333000,1,0.04341701,43091.7000
1628470161333000,1,0.28960000,43087.8500
1628470162561000,1,0.04000000,43087.5500
1628470164594000,1,0.04274117,43099.4800
1628470164882000,0,0.01034000,43121.6500
1628470178191000,0,0.28950000,43140.0000
1628470178191000,0,0.71050000,43140.0500
1628470183612000,0,0.14440000,43173.7900
1628470185630000,1,0.10000000,43176.5600
1628470186659000,1,0.07490000,43176.8500
1628470187843000,1,0.11000000,43167.0400
1628470191340000,0,0.14430000,43180.5900
1628470192765000,0,0.14450000,43181.6900
1628470194029000,0,0.03998000,43194.4900
1628470195235000,0,0.00075935,43179.6200
1628470195628000,0,0.05476000,43179.6200
1628470195871000,1,0.19000000,43170.7400
1628470196994000,1,0.15491125,43179.2800
1628470197129000,0,0.10000000,43183.3200
1628470200951000,0,0.04584000,43186.3900
1628470202230000,0,0.05187070,43199.2300
1628470203495000,0,0.05076994,43197.9200
1628470204245000,0,0.14430000,43210.7000
1628470204245000,0,0.28880000,43218.9500
1628470204245000,0,0.01800000,43219.0000
1628470204245000,0,0.96581887,43224.3300
1628470204245000,0,0.53759089,43224.3300
1628470204258000,1,0.09095006,43194.4500
1628470216628000,1,0.05000000,43201.9700
1628470218158000,0,0.00067000,43222.0600
1628470220627000,1,0.23000000,43195.7500
1628470246101000,1,0.46300532,43168.0500
1628470250903000,0,0.01108000,43186.3700
1628470251097000,0,0.00123000,43186.3700
1628470254796000,1,0.23158301,43164.0400
1628470254802000,1,0.34737366,43161.0700
1628470254907000,1,0.23000000,43164.0400
1628470254908000,1,0.00158301,43164.0400
1628470254934000,1,0.10000000,43161.1900
1628470255157000,1,0.32000000,43146.8700
1628470256490000,0,0.10000000,43169.2900
1628470263474000,1,0.04000000,43161.3700
1628470263538000,1,0.00590678,43161.3700
1628470285120000,0,0.15000000,43181.0800
1628470285189000,0,0.11458000,43181.0800
1628470285281000,0,0.13142000,43181.0800
1628470305723000,0,0.00098091,43202.2500
1628470305723000,0,0.00125909,43219.5400
1628470313708000,1,0.00396345,43194.5600
1628470313768000,1,0.00000001,43194.5600
1628470319054000,0,0.00518000,43218.7100
1628470333236000,1,0.00099999,43263.4400
1628470345928000,1,0.00000001,43263.4400
1628470345928000,1,0.09999999,43250.5300
1628470353172000,0,0.05905499,43250.5300
1628470354845000,0,0.00224000,43247.3200
1628470361525000,0,0.07000000,43233.1900
1628470361540000,0,0.23133389,43239.8600
1628470361563000,0,0.07814005,43246.2300
1628470361564000,0,0.11237281,43246.2300
1628470361570000,0,0.10966302,43246.2300
1628470361610000,0,0.04681053,43246.2300
1628470361610000,0,0.46264854,43255.7100
1628470361613000,0,0.02721299,43261.6900
1628470361613000,0,0.23544286,43263.3900
1628470361655000,0,0.00825000,43255.5500
1628470361741000,0,0.06200000,43264.9200
1628470361741000,0,0.02574638,43264.9300
1628470361746000,0,0.15113837,43264.9300
1628470361746000,0,0.04598642,43264.9400
1628470361750000,0,0.06803436,43255.7000
1628470361760000,0,0.10651513,43259.3800
1628470361766000,0,0.11209420,43259.3800
1628470361808000,0,0.01263491,43259.3800
1628470361808000,0,0.09307803,43264.1900
1628470361809000,0,0.08141584,43264.1900
1628470361815000,0,0.17237672,43264.1900
1628470361921000,0,0.00519283,43279.4500
1628470361922000,0,0.04142975,43279.4500
1628470361942000,0,0.02721299,43259.3700
1628470362012000,0,0.04599445,43279.4400
1628470362035000,0,0.13088621,43279.4400
1628470364836000,0,0.00460715,43345.6400
1628470373048000,1,0.01685600,43321.5400
1628470373409000,1,0.75000000,43321.5400
1628470373569000,1,0.43314000,43321.5400
1628470374677000,1,0.00000400,43321.5400
1628470375058000,1,0.79819123,43306.2400
1628470375075000,1,0.10000000,43306.2400
1628470375142000,1,0.05000000,43306.2400
1628470375181000,1,0.21786690,43306.2400
1628470375182000,1,0.03394187,43306.2400
1628470375739000,1,0.18000000,43294.5600
1628470377265000,0,0.14410000,43301.8900
1628470380077000,1,0.00400000,43321.5400
1628470383496000,0,0.00664000,43330.1300
1628470384108000,0,0.14370000,43323.9200
1628470386406000,1,0.30000000,43310.9200
1628470386419000,0,0.00664000,43339.9300
1628470388918000,0,0.08292931,43345.3500
1628470392401000,1,0.05000000,43304.6500
1628470399941000,1,0.05000000,43296.1100
1628470400229000,1,0.18086059,43296.1100
1628470401790000,0,0.02209000,43319.8700
1628470402723000,1,0.04000000,43280.4200
1628470405408000,1,0.04000000,43290.4200
1628470408796000,1,0.05000000,43284.1300
1628470409055000,1,0.00343734,43284.1300
1628470409400000,1,0.04765000,43284.5500
1628470413174000,1,0.05021000,43271.1600
1628470413217000,1,0.00000166,43271.1600
1628470413320000,0,0.05454441,43270.6600
1628470413457000,0,0.04545559,43270.6600
1628470413539000,1,0.00768398,43274.1900
1628470413871000,1,0.04000000,43274.9700
1628470413898000,1,0.00908395,43274.9700
1628470414138000,1,0.04152856,43273.5500
1628470477734000,0,0.00179000,43263.9900
1628470512399000,1,0.03920000,43281.4600
1628470514885000,1,0.08000000,43268.5300
1628470515617000,0,0.00114000,43307.9200
1628470527008000,1,0.07000000,43298.0500
1628470527008000,1,0.03000000,43296.2300
1628470550923000,0,0.00047091,43349.0000
1628470579469000,1,0.07000000,43335.1900
1628470579469000,1,0.12000000,43335.1800
1628470606012000,1,0.23072223,43329.7300
1628470606012000,1,0.16400000,43329.1800
1628470606012000,1,0.46142656,43317.8300
1628470606012000,1,0.46151627,43308.2500
1628470606012000,1,0.32840000,43307.8700
1628470606012000,1,0.00825000,43307.8200
1628470606012000,1,0.04651421,43307.1800
1628470606012000,1,0.20544286,43304.9700
1628470606012000,1,0.99031252,43304.9600
1628470606012000,1,0.90505647,43304.9500
1628470606012000,1,0.66447337,43298.3000
1628470606012000,1,0.57689473,43298.2500
1628470606012000,1,0.69000000,43298.0200
1628470606012000,1,0.04587745,43293.5900
1628470606012000,1,0.55300000,43289.3200
1628470606012000,1,3.19391955,43288.6000
1628470608076000,0,0.04878000,43344.2200
1628470608165000,0,0.00000074,43344.2200
1628470608306000,1,0.08700000,43350.5600
1628470609185000,1,0.04607933,43346.4700
1628470609383000,1,0.04118398,43346.4700
1628470609610000,1,0.04920030,43346.4700
1628470609811000,1,0.01603639,43346.4700
1628470609908000,0,0.02590000,43343.3600
1628470609994000,0,0.00000478,43343.3600
1628470610169000,0,0.05620000,43345.4500
1628470610182000,0,0.00000215,43345.4500
1628470610393000,0,0.05458733,43347.9400
1628470610641000,0,0.04580000,43349.1100
1628470610681000,0,0.00000177,43349.1100
1628470611035000,0,0.05164000,43348.3800
1628470611079000,0,0.00000765,43348.3800
1628470611334000,0,0.04542000,43350.8700
1628470613704000,0,0.00000854,43350.8700
1628470613911000,0,0.04184000,43349.9000
1628470614003000,0,0.00000674,43349.9000
1628470614320000,0,0.04831000,43350.6100
1628470614379000,0,0.00000573,43350.6100
1628470614700000,0,0.04000000,43352.5000
1628470614765000,0,0.00120736,43352.5000
1628470615178000,0,0.05243000,43351.3200
1628470618758000,0,0.00000789,43351.3200
1628470618991000,1,0.05248970,43351.8600
1628470619836000,0,0.04064000,43353.1500
1628470619851000,0,0.00000520,43353.1500
1628470620275000,0,0.04000000,43358.9500
1628470622648000,0,0.01236898,43358.4500
1628470642583000,1,0.23066033,43337.3500
1628470655870000,1,0.12657293,43312.3400
1628470659839000,1,0.00881000,43290.3600
1628470659886000,1,0.23090062,43286.5000
1628470672594000,0,0.00234000,43278.9100
1628470683633000,1,0.00500000,43266.2500
1628470686610000,0,0.06900000,43271.2100
1628470688616000,0,0.03300000,43271.9600
1628470689641000,0,0.01400000,43273.9100
1628470690618000,0,0.01900000,43274.6100
1628470697915000,1,0.01000000,43249.9000
1628470697982000,1,0.00100000,43249.9000
1628470698548000,0,0.00111000,43263.2900
1628470701662000,0,0.07322024,43268.8100
1628470701678000,0,0.07117976,43268.8100
1628470702246000,1,0.02000000,43264.8900
1628470702634000,0,0.01600000,43273.7100
1628470702915000,0,0.00300000,43273.7100
1628470703617000,0,0.00800000,43273.7100
1628470706261000,1,0.00882000,43264.8900
1628470706455000,1,0.00018000,43264.8900
1628470706619000,0,0.03000000,43273.6400
1628470708558000,0,0.00400000,43273.8600
1628470709615000,0,0.00700000,43291.1100
1628470711628000,0,0.04100000,43291.1000
1628470712597000,0,0.00460000,43291.1000
1628470715620000,0,0.02500000,43291.1000
1628470726942000,1,0.46199743,43262.8800
1628470727309000,1,0.23000000,43266.7100
1628470730671000,1,0.14390000,43279.9800
1628470730733000,1,0.04609999,43279.9800
1628470730734000,1,0.00000001,43279.9800
1628470734727000,1,0.23108512,43261.6700
1628470734810000,1,0.34665076,43254.1900
1628470736836000,1,0.00299999,43249.9000
1628470736841000,1,0.00000001,43249.9000
1628470740704000,0,0.06600000,43248.5000
1628470745378000,0,0.00108000,43250.3000
1628470757829000,1,0.19395185,43237.6200
1628470762466000,0,0.00443000,43238.0000
1628470775897000,1,0.07453792,43218.2700
1628470775902000,1,0.36094827,43218.2700
1628470775907000,1,0.16676281,43218.2700
1628470775911000,1,0.08728775,43218.2700
1628470776017000,1,0.23134172,43212.7000
1628470778001000,1,0.28000000,43212.7100
1628470778046000,1,0.40953520,43212.7100
1628470780186000,1,0.05065651,43196.7900
1628470780186000,1,0.08144349,43195.7500
1628470782104000,0,0.01184000,43215.4000
1628470788764000,1,0.04261000,43194.0200
1628470808568000,0,0.00222000,43210.7500
1628470815522000,0,0.00145000,43221.7000
1628470818289000,0,0.00443000,43215.8000
1628470823188000,1,0.00099999,43194.0200
1628470823188000,1,0.00000001,43194.0200
1628470827896000,0,0.00815000,43209.4400
1628470830794000,1,0.09447849,43182.5100
1628470838326000,0,0.14440000,43169.7900
1628470840576000,0,0.00345000,43180.3000
1628470859516000,1,0.23161847,43164.3400
1628470865088000,0,0.00114000,43170.7000
1628470868700000,1,0.23172529,43143.1300
1628470868700000,1,0.28950000,43139.1700
1628470868700000,1,0.05044026,43137.3400
1628470868700000,1,0.02833445,43136.9500
1628470874499000,1,0.03000000,43137.2800
1628470874723000,1,0.07000000,43137.2800
1628470877154000,0,0.00100000,43173.4500
1628470899866000,1,0.00484953,43130.0900
1628470901784000,1,0.10000000,43118.1200
1628470908002000,0,0.00100000,43142.3600
1628470914356000,1,0.00100000,43134.1300
1628470914356000,1,0.07000000,43129.4200
1628470914356000,1,0.14480000,43129.4100
1628470914356000,1,0.07192171,43118.3500
1628470914356000,1,0.03000000,43117.5000
1628470914356000,1,0.50000000,43108.1300
1628470914356000,1,0.96519077,43108.1200
1628470914356000,1,0.15978102,43108.1200
1628470920571000,1,0.00100000,43121.0500
1628470933138000,0,0.00114000,43126.2800
1628470933146000,0,0.00100000,43126.2800
1628470936503000,0,0.04667617,43141.2800
1628470943012000,1,0.07000000,43123.4200
1628470943013000,1,0.07113448,43123.4200
1628470943020000,1,0.00366552,43123.4200
1628470943107000,1,0.23186064,43116.3000
1628470951855000,1,0.05000000,43148.8100
1628470954222000,1,0.12797447,43159.6900
1628470958098000,0,0.00300000,43191.7900
1628470967549000,0,0.00338000,43152.9900
1628470970932000,1,0.00700000,43129.2800
1628470973400000,1,0.00091133,43129.2800
1628470973400000,1,0.00008867,43129.2800
1628470973724000,1,0.00120557,43129.2800
1628470983851000,0,0.10000000,43117.8700
1628470983851000,0,0.27260724,43118.0400
1628471028958000,0,0.00457000,43143.3800
1628471042403000,0,0.00114000,43127.1300
1628471065006000,0,0.00200000,43129.2200
1628471068522000,1,0.04708629,43112.3300
1628471068522000,1,0.04810615,43112.3200
1628471096225000,0,0.00111000,43147.3200
1628471098142000,0,0.00642000,43155.5500
1628471100540000,0,0.05358000,43155.5500
1628471102655000,0,0.06177000,43177.4100
1628471120257000,1,0.13066347,43165.8900
1628471120261000,1,0.09486657,43165.8900
1628471120262000,1,0.00607364,43165.8900
1628471120262000,1,0.08437247,43162.7200
1628471120264000,1,0.10689085,43162.7200
1628471120265000,1,0.15613633,43162.7200
1628471120388000,1,0.12976086,43155.2900
1628471120446000,1,0.25665452,43155.2900
1628471132926000,0,0.00178000,43182.9700
1628471136150000,0,0.00111000,43174.3900
1628471137015000,0,0.00201000,43174.3900
1628471138382000,1,0.23164653,43154.2800
1628471138474000,1,0.28940000,43150.7600
1628471138523000,1,0.14450000,43154.2800
1628471138523000,1,0.08714653,43154.2800
1628471143993000,0,0.00078000,43119.3800
1628471148710000,1,0.00047091,43100.0000
1628471153710000,1,0.03772636,43080.9400
1628471153738000,1,0.07755801,43075.3900
1628471153738000,1,0.15443230,43075.3900
1628471153739000,1,0.10395182,43069.9500
1628471153742000,1,0.07479460,43069.9500
1628471153743000,1,0.07352691,43069.9500
1628471153759000,1,0.14480000,43078.0600
1628471153777000,1,0.08748724,43069.9500
1628471153780000,1,0.03000000,43067.3400
1628471153780000,1,0.04598535,43062.2800
1628471153794000,1,0.11179698,43062.2800
1628471153894000,1,0.00999598,43062.2900
1628471154019000,1,0.01500000,43057.0000
1628471154019000,1,0.02000000,43056.0000
1628471154019000,1,0.00047089,43050.0000
1628471154019000,1,0.00825000,43048.1200
1628471154019000,1,0.04651278,43045.8900
1628471154019000,1,0.02499052,43041.6000
1628471154161000,1,0.00999598,43057.0100
1628471154245000,1,0.04669849,43039.3800
1628471154303000,1,0.00999598,43039.3900
1628471154392000,1,0.06497385,43039.6100
1628471154392000,1,0.02498994,43039.3900
1628471155269000,1,0.09259999,43026.0000
1628471155274000,1,0.00000001,43026.0000
1628471155290000,1,0.00047088,43025.0000
1628471156068000,0,0.00825000,43025.9800
1628471156068000,0,0.20000000,43040.4500
1628471158579000,0,0.04593000,43047.5900
1628471159018000,0,0.20000000,43056.9600
1628471162723000,0,0.05000000,43056.9600
1628471173850000,1,0.14490000,43051.7700
1628471173850000,1,0.28990000,43042.0400
1628471173850000,1,0.26491075,43041.9900
1628471173850000,1,0.03000000,43039.6000
1628471173850000,1,0.27028925,43036.3600
1628471177867000,1,0.14510000,43016.5400
1628471177867000,1,0.07000000,43013.0000
1628471177867000,1,0.53433710,43008.7900
1628471177867000,1,0.25000000,43005.0000
1628471177867000,1,0.00060464,43001.0000
1628471177867000,1,0.02580438,43000.4500
1628471177867000,1,0.00047000,43000.0000
1628471177867000,1,0.01000000,43000.0000
1628471177867000,1,0.00500000,43000.0000
1628471177867000,1,0.01678792,43000.0000
1628471178222000,1,0.07000000,43000.0100
1628471178222000,1,0.00821208,43000.0000
1628471178222000,1,0.00552494,43000.0000
1628471178222000,1,0.00094255,43000.0000
1628471178222000,1,0.00230256,43000.0000
1628471178222000,1,0.00373977,43000.0000
1628471178252000,1,0.00100000,43000.0000
1628471178295000,1,0.00977512,43000.0100
1628471178320000,1,0.01094488,43000.0100
1628471178320000,1,0.00905512,43000.0000
1628471178358000,1,0.01400000,43000.0100
1628471178358000,1,0.05179405,43000.0000
1628471178358000,1,0.10000000,43000.0000
1628471178358000,1,0.00103808,43000.0000
1628471178358000,1,0.00059279,43000.0000
1628471178358000,1,0.00047087,43000.0000
1628471178358000,1,0.09155377,43000.0000
1628471178358000,1,0.00300000,43000.0000
1628471178358000,1,0.00200000,43000.0000
1628471178358000,1,0.06918513,43000.0000
1628471178398000,1,0.23081487,43000.0000
1628471178398000,1,0.07698745,43000.0000
1628471178440000,1,0.01400000,43000.0100
1628471178440000,1,0.75736642,43000.0000
1628471178971000,0,0.02000000,43023.5900
1628471179206000,1,0.06897432,43000.0000
1628471179208000,1,0.43018382,43000.0000
1628471180732000,1,0.21005556,43000.0000
1628471181968000,1,0.37694074,43000.0000
1628471182152000,1,0.07949169,43000.0000
1628471182152000,1,0.00250000,43000.0000
1628471182152000,1,0.00100000,43000.0000
1628471182152000,1,0.91615358,43000.0000
1628471182153000,1,0.08384642,43000.0000
1628471182153000,1,0.00050000,43000.0000
1628471182153000,1,0.10896231,43000.0000
1628471182155000,1,0.99914527,43000.0000
1628471182157000,1,0.89189242,43000.0000
1628471182157000,1,0.03000000,43000.0000
1628471182157000,1,0.01000000,43000.0000
1628471182157000,1,0.06725285,43000.0000
1628471182165000,1,0.23274715,43000.0000
1628471182165000,1,0.21919302,43000.0000
1628471182165000,1,0.05000000,43000.0000
1628471182261000,1,0.09212363,42990.0100
1628471182271000,1,0.00000001,42990.0100
1628471182278000,1,0.02500000,42985.0000
1628471182427000,1,0.00047086,42970.0000
1628471182427000,1,0.07039740,42965.0000
1628471182456000,1,0.02960260,42965.0000
1628471182584000,1,0.00500000,42976.9800
1628471183506000,1,0.00640000,42956.0200
1628471183506000,1,0.00100000,42956.0000
1628471184088000,0,0.00825000,42983.9800
1628471184422000,0,0.10000000,42984.4700
1628471184473000,0,0.00825000,42984.4800
1628471185239000,0,0.00825000,42970.2600
1628471193751000,1,0.06800868,43031.8500
1628471193755000,1,0.03199132,43031.8500
1628471193996000,1,0.00199556,43035.5300
1628471195055000,0,0.00449000,43035.4100
1628471198864000,0,0.00116100,43029.7200
1628471204567000,0,0.00067000,43029.5800
1628471211410000,0,0.00114000,43006.5100
1628471212977000,0,0.00115000,43008.4000
1628471223955000,0,0.24000000,43010.7400
1628471229563000,0,0.45649000,42981.5000
1628471229594000,0,3.86421000,42981.5000
1628471235175000,1,0.11744294,42981.2000
1628471235182000,1,0.11515695,42981.2000
1628471235347000,1,0.12040436,42976.0000
1628471235355000,1,0.11917349,42976.0000
1628471237249000,1,0.07013000,42959.6600
1628471237290000,1,0.00000139,42959.6600
1628471237517000,1,0.99929517,42957.0000
1628471237517000,1,0.00070483,42957.0000
1628471238621000,1,0.06000000,42946.1900
1628471238758000,1,0.00187958,42946.1900
1628471240530000,1,0.07288374,42952.9800
1628471240735000,1,0.07277434,42953.9600
1628471240736000,1,0.00000001,42953.9600
1628471242540000,1,0.10000000,42937.0300
1628471242540000,1,0.01200000,42936.5300
1628471242540000,1,0.00048085,42935.0000
1628471242540000,1,0.00825000,42927.7300
1628471242540000,1,0.03000000,42925.4400
1628471242540000,1,0.00058112,42925.3500
1628471242540000,1,0.84868803,42924.2900
1628471247118000,0,0.00094000,42987.3600
1628471252303000,0,0.05775774,42998.3800
1628471255222000,0,0.01000000,43013.0000
1628471265318000,0,0.05300000,42981.3000
1628471269131000,1,0.05356524,42980.6200
1628471273274000,0,0.00684000,43010.2600
1628471278017000,1,0.00700000,42987.9400
1628471294954000,0,0.07520000,42999.1700
1628471294954000,0,0.02735928,43010.6700
1628471294954000,0,0.04170008,43013.0500
1628471294962000,0,0.20829992,43013.0500
1628471295004000,0,0.06839821,43017.7000
1628471295062000,0,0.08498580,43026.0600
1628471295072000,0,0.08756088,43026.0600
1628471295239000,0,0.00529820,43026.0600
1628471295239000,0,0.04655097,43032.3900
1628471295239000,0,0.35700000,43038.2200
1628471295302000,0,0.06837594,43032.3800
1628471295393000,0,0.02735038,43032.3800
1628471295393000,0,0.05735408,43041.9000
1628471295398000,0,0.09248906,43041.9000
1628471295421000,0,0.01000000,43041.9000
1628471295578000,0,0.02735038,43041.8900
1628471295578000,0,0.02735038,43041.8900
1628471295578000,0,0.06837594,43041.8900
1628471296758000,0,0.06669618,43037.3300
1628471298434000,1,0.03000000,43048.4200
1628471298823000,0,0.04273000,43048.1600
1628471299036000,0,0.00000312,43048.1600
1628471300253000,0,0.07475341,43046.3900
1628471300528000,0,0.06782000,43045.4600
1628471300569000,0,0.00000993,43045.4600
1628471300845000,0,0.06585000,43047.8400
1628471302732000,0,0.07338000,43053.2200
1628471302977000,0,0.00000659,43053.2200
1628471304004000,0,0.05733000,43051.8800
1628471304990000,0,0.00000821,43051.8800
1628471305182000,0,0.06664000,43054.0000
1628471305207000,0,0.00000619,43054.0000
1628471306341000,0,0.06192000,43054.8700
1628471306500000,0,0.05882000,43051.5600
1628471306562000,0,0.00000923,43051.5600
1628471307789000,0,0.00691000,43050.7400
1628471308980000,0,0.00000876,43050.7400
1628471310772000,0,0.02663000,43108.1300
1628471314304000,0,0.07000000,43104.9300
1628471314304000,0,0.14450000,43104.9400
1628471314304000,0,0.28960000,43110.2500
1628471314304000,0,0.20740668,43110.3000
1628471317344000,1,0.12000000,43085.3000
1628471318508000,1,0.11201832,43085.3000
1628471320754000,1,0.23208957,43072.2300
1628471326188000,0,0.14480000,43062.0700
1628471328512000,0,0.14460000,43063.1700
1628471334072000,1,0.00075954,43051.9900
1628471334072000,1,0.03344812,43033.2000
1628471339295000,1,0.06000000,43021.8900
1628471341000000,1,0.00599481,43021.8900
1628471350408000,1,0.00063117,43043.0200
1628471361886000,0,0.46158000,43042.2300
1628471362368000,0,0.00000773,43042.2300
1628471366821000,0,0.00415000,43056.4300
1628471373722000,1,0.46449360,43021.7600
1628471376636000,1,0.06000000,43000.2500
1628471377899000,1,0.00220744,43000.2500
1628471382665000,1,0.05271329,42991.1400
1628471382665000,1,0.29728671,42990.7700
1628471384025000,1,0.06432599,42991.0100
1628471384027000,1,0.00000001,42991.0100
1628471384027000,1,0.10699007,42990.7700
1628471387972000,1,0.22481249,42990.7700
1628471387972000,1,0.05518751,42989.4100
1628471389619000,1,0.00842750,42989.4100
1628471389949000,1,0.00017199,42989.4100
1628471392012000,1,0.02000000,42988.2600
1628471393183000,1,0.01200000,42984.8100
1628471416191000,0,0.01122000,42996.6400
1628471434966000,1,0.00400000,42958.0500
1628471438933000,0,0.02782000,42962.1000
1628471442683000,0,0.00115000,42945.8500
1628471442906000,0,0.00500000,42945.8500
1628471445080000,1,0.10842918,42928.1200
1628471445082000,1,0.12438340,42928.1200
1628471445082000,1,0.14440791,42928.0200
1628471445267000,1,0.18449138,42924.2800
1628471445295000,1,0.00058245,42921.9200
1628471461224000,1,0.10000000,42927.2500
1628471461224000,1,0.04000000,42926.7500
1628471462659000,0,0.00183000,42941.3800
1628471463124000,0,0.00200000,42941.5000
1628471464551000,1,0.00200000,42940.0600
1628471464551000,1,0.00100000,42940.0500
1628471466076000,1,0.00199999,42949.7500
1628471467286000,1,0.00000001,42949.7500
1628471467286000,1,0.00196000,42940.0500
1628471467667000,1,0.00004000,42940.0500
1628471470897000,0,0.00200000,42935.9500
1628471471085000,0,0.00400000,42935.9500
1628471474039000,1,0.01123903,42916.6500
1628471476085000,0,0.00500000,42935.6500
1628471479089000,0,0.00600000,42934.0500
1628471480086000,0,0.00200000,42922.1400
1628471480913000,0,0.14330000,42922.1400
1628471481103000,0,0.00300000,42934.5300
1628471483089000,0,0.00400000,42925.3400
1628471484094000,0,0.00200000,42941.3500
1628471485120000,1,0.00200000,42940.7700
1628471486091000,0,0.00100000,42928.0500
1628471494858000,0,0.01158000,42950.4000
1628471496948000,1,0.21000000,42928.0100
1628471504192000,1,0.25000000,42902.3200
1628471504563000,1,0.00060605,42901.0000
1628471504563000,1,0.07227930,42900.0000
1628471504563000,1,0.00500000,42900.0000
1628471504563000,1,0.00048084,42900.0000
1628471504563000,1,0.01000000,42900.0000
1628471504563000,1,0.01163381,42898.0000
1628471504601000,1,0.08836619,42898.0000
1628471504601000,1,0.05739540,42897.4500
1628471504601000,1,0.00080000,42895.1600
1628471504601000,1,0.01800000,42890.0000
1628471504601000,1,0.46600878,42889.2900
1628471504601000,1,0.33600000,42883.5600
1628471504601000,1,0.03342963,42880.5400
1628471505344000,1,0.01697686,42901.0800
1628471505595000,1,0.00200000,42897.0600
1628471507279000,0,0.00634000,42918.8600
1628471515004000,0,0.00334000,42939.4300
1628471531321000,0,0.00223000,42921.4800
1628471540778000,0,0.05670000,42923.8400
1628471540778000,0,0.03460870,42924.3400
1628471540781000,0,0.13502339,42924.3400
1628471541788000,0,0.05100000,42944.7200
1628471543158000,0,0.04100000,42955.4500
1628471548717000,0,0.04300000,42966.1800
1628471548762000,0,0.04600000,42976.9100
1628471549657000,0,0.04700000,42987.6400
1628471550185000,0,0.06273000,42983.3300
1628471550202000,0,0.00000753,42983.3300
1628471551403000,1,0.03100000,42986.2900
1628471557820000,0,0.02500000,42998.3700
1628471568717000,1,0.01033985,42937.2600
1628471576385000,1,0.02790000,42953.8100
1628471576385000,1,0.00010000,42945.0500
1628471584072000,0,0.02320000,42965.8400
1628471604909000,1,0.23130000,42916.2500
1628471604909000,1,0.07069985,42915.1700
1628471604910000,1,0.11620016,42915.1700
1628471604912000,1,0.08652193,42915.1700
1628471604915000,1,0.17920025,42915.1700
1628471604916000,1,0.00987781,42915.1700
1628471604916000,1,0.07622231,42904.2300
1628471604922000,1,0.08330012,42904.2300
1628471605932000,1,0.06861411,42900.3400
1628471606038000,0,0.07313353,42891.3400
1628471606135000,1,0.10000000,42880.0000
1628471606148000,0,0.07109267,42891.3400
1628471606277000,0,0.00097380,42891.3400
1628471606320000,1,0.06661029,42896.6000
1628471606359000,1,0.03400000,42880.0000
1628471606359000,1,0.15000000,42879.4200
1628471606452000,1,0.05306789,42897.4900
1628471606671000,1,0.05396625,42895.8300
1628471607702000,1,0.06820927,42897.5400
1628471607916000,1,0.07329711,42896.5700
1628471608580000,1,0.06834904,42898.3200
1628471608997000,1,0.00000001,42898.3200
1628471608997000,1,0.04999999,42870.1700
1628471609600000,1,0.07000000,42896.5900
1628471609756000,0,0.05291097,42896.0900
1628471609895000,0,0.05618981,42898.1400
1628471610043000,0,0.05346977,42898.1400
1628471610153000,0,0.03574042,42898.1400
1628471611652000,1,0.01000000,42895.3700
1628471612652000,1,0.07000000,42894.6100
1628471612807000,1,0.00209305,42894.6100
1628471612850000,1,0.03465030,42869.6200
1628471612850000,1,0.00600000,42865.3900
1628471612913000,1,0.09270000,42870.1200
1628471612913000,1,0.00048083,42865.0000
1628471612913000,1,0.08199435,42859.0200
1628471612916000,1,0.12435387,42859.0200
1628471612932000,1,1.00000000,42857.1000
1628471613134000,1,0.11650000,42850.0000
1628471613134000,1,0.05000000,42850.0000
1628471613600000,0,0.07000000,42870.3200
1628471613600000,0,0.03000000,42870.3300
1628471613600000,0,0.23477286,42870.3300
1628471613600000,0,0.19522714,42870.3400
1628471617103000,0,0.00090000,42887.5500
1628471622836000,0,0.00491000,42892.6900
1628471627490000,0,0.11412000,42904.0800
1628471627560000,0,0.03803000,42904.0800
1628471633783000,1,0.13733641,42867.2200
1628471633784000,1,0.08554828,42867.2200
1628471633803000,1,0.17026912,42868.1300
1628471633804000,1,0.06517374,42868.1300
1628471633804000,1,0.07987032,42867.2200
1628471633805000,1,0.07777725,42867.2200
1628471633813000,1,0.10930857,42874.5400
1628471633828000,1,0.12380435,42874.5400
1628471633828000,1,0.08554137,42867.2200
1628471634025000,0,0.00398456,42870.1600
1628471634050000,1,0.11718987,42857.0000
1628471634052000,1,0.00000001,42857.0000
1628471634108000,1,0.01061820,42850.6300
1628471634440000,1,0.00500000,42838.0000
1628471634440000,1,0.01500000,42838.0000
1628471634562000,0,0.18800000,42849.3900
1628471634774000,1,0.00048082,42830.0000
1628471634774000,1,0.00058251,42823.2900
1628471634774000,1,0.07000000,42815.0100
1628471634774000,1,0.02893667,42815.0000
1628471634931000,1,0.08976000,42838.0100
1628471635633000,0,0.10000000,42844.4400
1628471635633000,0,0.07000000,42849.2800
1628471635633000,0,0.25500000,42849.2900
1628471636617000,0,0.96879751,42856.4400
1628471636617000,0,0.93831500,42856.4500
1628471636617000,0,0.35017329,42866.5700
1628471636617000,0,0.19771420,42869.5600
1628471638599000,0,0.12221000,42859.0700
1628471638630000,0,0.87671130,42859.0700
1628471638630000,0,0.23340517,42867.3400
1628471638630000,0,0.13166711,42872.0400
1628471638630000,0,0.81521997,42872.1900
1628471638630000,0,0.95398346,42872.2000
1628471638630000,0,0.35010201,42877.3200
1628471638630000,0,0.00825000,42879.6100
1628471638763000,1,0.18366098,42880.0000
1628471641658000,1,0.45100000,42880.0000
1628471642678000,1,0.99905531,42873.4100
1628471642681000,1,0.99905531,42873.4100
1628471642696000,1,0.99905531,42873.4100
1628471642716000,1,0.18883407,42873.4100
1628471644209000,0,0.20000000,42884.8400
1628471644295000,0,0.15000000,42884.8400
1628471644358000,0,0.20000000,42884.8400
1628471644637000,1,0.10000000,42880.5000
1628471644637000,1,1.42096000,42880.0000
1628471645876000,0,0.08354000,42884.8400
1628471646778000,0,0.00259000,42910.0600
1628471651215000,1,0.73354000,42880.0000
1628471657057000,0,0.07324039,42924.7200
1628471657596000,0,0.14520000,42924.3400
1628471659379000,0,0.14520000,42935.4500
1628471659379000,0,0.05956490,42939.8800
1628471660916000,0,0.06483701,42941.3500
1628471661521000,0,0.07219001,42940.6800
1628471662112000,0,0.02000000,42937.8300
1628471662166000,0,0.03773038,42937.8300
1628471668086000,1,0.06794438,42924.4200
1628471668569000,0,0.05747000,42933.9000
1628471673227000,1,0.03000000,42929.4300
1628471673303000,1,0.17000000,42929.4300
1628471683636000,1,0.01000000,42917.0700
1628471685768000,1,0.10000000,42911.9300
1628471685830000,1,0.10000000,42911.9300
1628471686915000,0,0.06800000,42913.0400
1628471691998000,1,0.07000000,42890.4900
1628471692001000,1,0.07976709,42890.4900
1628471692004000,1,0.07328185,42890.4900
1628471692004000,1,0.01000765,42890.4900
1628471692050000,1,0.28178624,42882.3800
1628471692080000,1,0.06782631,42882.3800
1628471692166000,1,0.33827864,42880.0000
1628471692170000,1,0.08473951,42880.0000
1628471692172000,1,0.08832037,42880.0000
1628471692172000,1,0.11259311,42880.0000
1628471692178000,1,0.17206837,42880.0000
1628471692608000,1,0.00112020,42849.3500
1628471692615000,1,0.08800000,42834.7200
1628471693945000,1,0.06000000,42870.6700
1628471694032000,1,0.00823105,42870.6700
1628471695083000,0,0.06586513,42863.9300
1628471695110000,0,0.07973487,42863.9300
1628471695604000,1,0.06000000,42867.6100
1628471697337000,1,0.00379055,42867.6100
1628471697577000,1,0.05918980,42864.4300
1628471697857000,1,0.05422465,42864.5600
1628471698037000,1,0.07054840,42865.0200
1628471698051000,1,0.00000001,42865.0200
1628471698316000,1,0.05419066,42861.5500
1628471698645000,1,0.07000000,42862.6700
1628471698679000,1,0.00161369,42862.6700
1628471698857000,1,0.05668005,42861.6500
1628471699155000,1,0.07389908,42861.5100
1628471699502000,0,0.11187000,42867.6200
1628471700660000,1,1.16690090,42862.6600
1628471700710000,1,0.15509910,42862.6600
1628471700761000,1,0.02978702,42861.1000
1628471700764000,1,0.02143788,42861.1000
1628471700769000,1,0.00162135,42861.1000
1628471700969000,1,0.07205698,42858.0300
1628471701256000,1,0.07216319,42857.4100
1628471701693000,1,0.07192644,42855.7300
1628471701933000,1,0.07139854,42853.9100
1628471701933000,1,0.00000001,42853.9100
1628471702128000,1,0.07014176,42851.8000
1628471702128000,1,0.00000001,42851.8000
1628471702233000,1,0.00400000,42834.7200
1628471702233000,1,0.00825000,42818.5300
1628471702233000,1,0.07000000,42815.0100
1628471702233000,1,0.07106333,42815.0000
1628471702233000,1,0.05668667,42811.2600
1628471703468000,1,0.05462089,42840.7800
1628471706872000,0,0.00461000,42868.5900
1628471707939000,0,0.06329000,42868.5900
1628471708534000,1,0.09999999,42846.0800
1628471719800000,0,0.05800957,42867.0600
1628471719888000,0,0.29120000,42872.9800
1628471719888000,0,0.14550000,42873.4400
1628471719956000,0,0.06416985,42864.1600
1628471720174000,0,0.06506000,42862.4700
1628471720205000,0,0.00000052,42862.4700
1628471720376000,0,0.05905653,42864.5900
1628471720614000,0,0.06333000,42870.1100
1628471721680000,1,0.21000000,42853.5200
1628471723064000,0,0.00000949,42870.1100
1628471723250000,0,0.06911765,42870.9000
1628471723410000,0,0.06349501,42870.9200
1628471739362000,0,0.00115460,42905.4600
1628471746938000,1,0.14000000,42880.8200
1628471749952000,0,0.10000000,42899.4400
1628471751197000,0,0.01399999,42904.3600
1628471751197000,0,0.04830001,42904.3600
1628471751197000,0,0.01400000,42905.9600
1628471751210000,0,0.23309995,42912.2800
1628471751235000,0,0.01300000,42916.6800
1628471751235000,0,0.34964581,42917.2400
1628471751632000,0,0.01000000,42927.4000
1628471752222000,0,0.00300000,42927.4000
1628471756153000,0,0.01100000,42938.1200
1628471757225000,0,0.06429000,42944.9400
1628471764034000,0,0.01400000,42948.8400
1628471764118000,0,0.07351000,42951.5900
1628471764441000,0,0.27533000,42958.0200
1628471764454000,0,0.00000825,42958.0200
1628471764469000,0,0.01100000,42959.5600
1628471764530000,0,0.01300000,42970.2800
1628471764541000,0,0.23544286,42980.1000
1628471764541000,0,0.04695615,42980.5100
1628471764553000,0,0.01200000,42981.0000
1628471764717000,0,0.07500000,42960.9200
1628471764717000,0,0.04626163,42993.7700
1628471764833000,0,0.07000000,43002.9700
1628471765709000,0,0.06000000,43002.3800
1628471766189000,0,0.00112707,43002.3800
1628471767114000,0,0.07196000,43001.6400
1628471769076000,1,0.99894919,42994.1700
1628471769080000,1,0.30105081,42994.1700
1628471769465000,0,0.14510000,42983.8600
1628471771257000,1,0.52005000,42996.8700
1628471771355000,1,0.42035000,42996.8700
1628471772927000,0,0.14490000,42999.4600
1628471775392000,1,0.14000000,42994.3100
1628471776711000,1,0.14000000,42995.5700
1628471779048000,0,0.00000934,43001.6400
1628471779048000,0,0.00228066,43024.4700
1628471779216000,0,0.07374000,43002.4000
1628471779789000,0,0.00000091,43002.4000
1628471781122000,0,0.06933000,43008.7400
1628471783100000,0,0.00000759,43008.7400
1628471783201000,0,0.14500000,43020.5200
1628471784236000,0,0.06932423,43024.2900
1628471784236000,0,0.03067577,43052.3100
1628471784378000,0,0.07000000,43052.3000
1628471784378000,0,0.04203000,43052.3100
1628471784516000,0,0.07000000,43052.3000
1628471784849000,0,0.00089000,43068.5700
1628471785365000,1,0.06596868,43037.3500
1628471785473000,1,0.06160103,43037.3500
1628471785611000,1,0.07432432,43037.3500
1628471785733000,1,0.07391121,43037.3500
1628471785819000,1,0.06886905,43037.3500
1628471785948000,1,0.06689465,43037.3500
1628471786109000,1,0.06377476,43037.3500
1628471786237000,1,0.02425630,43037.3500
1628471786309000,0,0.04245000,43034.8400
1628471787258000,0,0.05915000,43033.6500
1628471790055000,0,0.00000247,43033.6500
1628471790249000,0,0.06506000,43035.5300
1628471790254000,0,0.00000913,43035.5300
1628471790558000,0,0.07370000,43033.8500
1628471791127000,0,0.06951000,43036.3300
1628471793397000,0,0.06967000,43039.0500
1628471793464000,1,0.05440931,43030.0700
1628471795207000,1,0.00099999,43075.2300
1628471795217000,1,0.00000001,43075.2300
1628471795695000,1,0.14000000,43053.1800
1628471797596000,0,0.00048082,43079.0000
1628471797596000,0,0.00051918,43084.7200
1628471797751000,0,0.05674000,43084.7200
1628471801216000,0,0.10000000,43075.7400
1628471801216000,0,0.06600000,43077.7600
1628471801216000,0,0.06622000,43077.7700
1628471801460000,0,0.10000000,43075.2300
1628471809532000,0,0.06150000,43058.2300
1628471809593000,0,0.05000000,43058.2300
1628471809655000,0,0.05933000,43058.2300
1628471809789000,0,0.06150000,43058.2300
1628471810082000,0,0.14500000,43048.3700
1628471811147000,0,0.14500000,43052.0300
1628471812903000,0,0.14520000,43029.1200
1628471813070000,1,0.12000000,43024.3300
1628471814438000,0,0.14520000,43028.9200
1628471814834000,0,0.14490000,43028.9200
1628471815122000,0,0.14490000,43031.7200
1628471816046000,0,0.10000000,43037.6700
1628471816677000,0,0.23243000,43038.6800
1628471818866000,0,0.00000871,43038.6800
1628471818866000,0,0.09999129,43038.6800
1628471819030000,0,0.22804000,43043.7700
1628471820908000,0,0.10000000,43038.8000
1628471820961000,0,0.13243945,43038.8000
1628471824532000,1,0.06999999,43043.9400
1628471824542000,1,0.03000001,43043.9400
1628471830069000,0,0.05000000,43031.1600
1628471830146000,0,0.05000000,43031.6600
1628471830221000,0,0.05000000,43031.6600
1628471830282000,0,0.05000000,43031.6600
1628471830345000,0,0.08248000,43031.6600
1628471833279000,1,0.05436647,43005.6400
1628471833279000,1,0.23246314,43002.0400
1628471833279000,1,0.23544286,42996.8000
1628471833279000,1,0.90283990,42996.7900
1628471833279000,1,0.94146561,42996.7800
1628471833279000,1,0.96683298,42996.7700
1628471833279000,1,0.34869829,42996.7500
1628471833279000,1,0.30350000,42993.0800
1628471833279000,1,0.58097684,42992.9900
1628471833279000,1,0.03000000,42985.1000
1628471833279000,1,0.04721042,42982.0300
1628471833279000,1,0.82082808,42976.7100
1628471833279000,1,0.94487555,42976.7100
1628471833279000,1,0.57758451,42976.7000
1628471833279000,1,0.01048467,42975.2100
1628471833279000,1,9.13505078,42975.2000
1628471834528000,1,0.10000000,42999.8500
1628471834528000,1,0.23249439,42997.5800
1628471834528000,1,0.66750561,42996.8000
1628471835545000,0,0.07215140,42978.2000
1628471835644000,1,0.99926636,42976.7100
1628471835659000,1,0.00240546,42976.7100
1628471835665000,1,0.09491803,42976.7100
1628471835670000,1,0.02000000,42976.7100
1628471835698000,0,0.06760197,42978.2000
1628471835801000,0,0.06017166,42977.7000
1628471835906000,0,0.06286948,42978.2000
1628471836028000,0,0.05589974,42978.1900
1628471836248000,0,0.25000000,42958.9000
1628471836317000,0,0.08101000,42958.9000
1628471837139000,0,0.06111326,42970.6000
1628471837307000,0,0.05840137,42970.6000
1628471837429000,0,0.05773246,42970.6000
1628471837544000,0,0.06642299,42970.6000
1628471837720000,0,0.07355444,42970.1000
1628471839151000,1,0.07358867,42973.6200
1628471844850000,1,0.00000001,42973.6200
1628471845037000,1,0.05428584,42973.4300
1628471845188000,0,0.06320112,42957.6000
1628471845324000,0,0.07383218,42957.6000
1628471845466000,0,0.06776226,42957.6000
1628471845587000,0,0.07087568,42957.6000
1628471845709000,0,0.07373846,42957.6000
1628471845863000,0,0.06851335,42957.6000
1628471846027000,0,0.06758418,42957.6000
1628471846217000,0,0.07104335,42957.6000
1628471846411000,0,0.06477296,42957.6000
1628471846562000,0,0.06793515,42957.6000
1628471846705000,0,0.07100425,42957.6000
1628471846831000,0,0.07110146,42957.6000
1628471846941000,0,0.06710145,42957.6000
1628471847151000,0,0.06897312,42957.6000
1628471847431000,0,0.06223251,42957.6000
1628471848452000,1,0.05457000,42955.8500
1628471848542000,1,0.00000482,42955.8500
1628471849384000,1,0.06712000,42955.6900
1628471853823000,1,0.00000504,42955.6900
1628471853823000,1,0.00791978,42955.6900
1628471854114000,0,0.00395989,42955.0900
1628471856501000,0,0.23281128,42960.0400
1628471856569000,0,0.23282748,42964.7500
1628471872392000,0,0.15000000,42977.2200
1628471872417000,0,0.08274313,42977.2200
1628471874104000,0,0.40000000,42996.0000
1628471874181000,0,0.15000000,42996.0000
1628471874254000,0,0.12262000,42996.0000
1628471874328000,0,0.10000000,42996.0000
1628471874397000,0,0.30000000,42996.0000
1628471874476000,0,0.40000000,42996.0000
1628471874541000,0,0.15000000,42996.0000
1628471874605000,0,0.10000000,42996.0000
1628471875498000,1,0.10000000,42990.7400
1628471876615000,1,0.10000000,42987.5600
1628471884712000,1,0.01000000,42986.9500
1628471888859000,0,0.00579000,43011.2200
1628471890220000,0,0.13901000,43011.2200
1628471896075000,0,0.10000000,43022.2200
1628471896093000,0,0.34874916,43030.9500
1628471896119000,0,0.14480000,43024.1200
1628471896119000,0,0.23248963,43026.6300
1628471896119000,0,0.29000000,43028.3100
1628471896119000,0,0.00000169,43031.6600
1628471896399000,0,0.00085000,43048.0100
1628471896399000,0,0.00000173,43058.2300
1628471896399000,0,0.04585246,43058.9300
1628471896592000,0,0.23452919,43077.4400
1628471896644000,0,0.11114196,43077.4400
1628471896647000,0,0.09632885,43077.4400
1628471897054000,1,0.03000000,43058.9000
1628471897054000,1,0.02931095,43058.7300
1628471898203000,1,0.05628494,43066.2500
1628471898329000,1,0.04371506,43066.2500
1628471898329000,1,0.01166197,43064.0200
1628471898468000,1,0.01833803,43064.0200
1628471898468000,1,0.03900000,43055.9000
1628471898471000,0,0.00937968,43052.6700
1628471898648000,0,0.05405375,43053.8400
1628471898762000,0,0.03000000,43054.1300
1628471898813000,0,0.01259000,43054.1300
1628471898925000,0,0.01837980,43054.1300
1628471899053000,1,0.03900000,43060.9900
1628471899124000,0,0.02259593,43057.4800
1628471899977000,0,0.10000000,43068.5700
1628471900044000,0,0.04490000,43068.5700
1628471900183000,0,0.00156000,43089.8900
1628471900297000,0,0.05713000,43053.8700
1628471900532000,0,0.00000094,43053.8700
1628471900656000,1,0.06471727,43053.9100
1628471900782000,1,0.07329979,43055.0300
1628471900943000,1,0.05672521,43055.5400
1628471901149000,1,0.03000000,43055.5500
1628471901149000,1,0.03802561,43055.0300
1628471901351000,1,0.07341740,43072.7000
1628471901375000,0,0.10000000,43081.0700
1628471901462000,1,0.06615668,43072.7000
1628471901594000,1,0.05381006,43072.7000
1628471901731000,1,0.00661586,43072.7000
1628471901731000,1,0.03000000,43055.0400
1628471901796000,0,0.02000000,43051.2400
1628471901796000,0,0.01462654,43051.2400
1628471901945000,0,0.06171583,43052.3600
1628471902120000,1,0.05434352,43053.1700
1628471902256000,1,0.05371901,43060.9300
1628471902370000,1,0.05452195,43066.1400
1628471902515000,1,0.06277123,43066.1400
1628471902705000,1,0.06974861,43066.1400
1628471902914000,1,0.01295821,43066.1400
1628471902914000,1,0.04182119,43060.9300
1628471903112000,0,0.05589000,43053.3300
1628471903118000,0,0.00000019,43053.3300
1628471903235000,1,0.05644222,43071.0000
1628471903414000,1,0.07483897,43071.0000
1628471903526000,1,0.06871881,43071.0000
1628471903657000,0,0.00212142,43056.0500
1628471903874000,0,0.06190876,43056.2800
1628471904004000,1,0.05718797,43067.4700
1628471904125000,1,0.07169149,43067.4700
1628471904271000,1,0.00921178,43067.4700
1628471904366000,0,0.06903000,43058.8300
1628471904460000,0,0.00000724,43058.8300
1628471904642000,1,0.06836150,43068.3000
1628471904821000,1,0.06442157,43068.3000
1628471904965000,1,0.05287658,43068.3000
1628471905074000,1,0.01434035,43068.3000
1628471905144000,0,0.05066000,43063.3100
1628471905164000,0,0.00000690,43063.3100
1628471905327000,0,0.06949000,43062.3200
1628471905390000,0,0.00000659,43062.3200
1628471905506000,1,0.00152153,43068.3000
1628471905647000,0,0.05790757,43061.7100
1628471905881000,1,0.05462532,43074.4300
1628471906016000,1,0.06542199,43074.4300
1628471906017000,1,0.07995269,43074.4300
1628471906306000,0,0.07067000,43064.9900
1628471907246000,0,0.00000866,43064.9900
1628471908179000,0,0.10000000,43085.6700
1628471908248000,0,0.04460000,43085.6700
1628471908875000,1,0.01000000,43077.1400
1628471910895000,1,0.19000000,43077.1400
1628471910895000,1,0.12004731,43064.9700
1628471910895000,1,0.03000000,43062.2400
1628471910895000,1,0.29995269,43060.8900
1628471914550000,1,0.06000000,43077.4500
1628471914903000,1,0.14000000,43077.4500
1628471919573000,1,0.20000000,43071.9100
1628471920241000,1,0.17000000,43072.4000
1628471920559000,1,0.03000000,43072.4000
1628471924388000,0,0.00891000,43091.1100
1628471926146000,1,0.06000000,43075.6900
1628471926147000,1,0.24000000,43075.6900
1628471926743000,1,0.03920000,43074.5200
1628471926990000,1,0.09016000,43074.5200
1628471927311000,1,0.07368032,43074.5200
1628471927788000,1,0.09502049,43074.5200
1628471927798000,1,0.00193919,43074.5200
1628471932805000,1,0.18710000,43069.8200
1628471954368000,1,0.13128000,43056.0400
1628471958238000,0,0.00111000,43067.8700
1628471958240000,1,0.00000119,43056.0400
1628471958240000,1,0.19337881,43051.2200
1628471958839000,0,0.00089000,43066.3500
1628471959315000,1,0.00000533,43051.2200
1628471965466000,1,0.00099999,43071.4000
1628471965476000,1,0.00000001,43071.4000
