timestamp ms,type,amount,price
1626220847550000,0,0.00572000,32769.0000
1626220850037000,0,0.00292000,32769.0000
1626220859505000,0,0.00272000,32770.0000
1626220870778000,0,0.12500000,32785.0000
1626220870982000,0,0.00064037,32789.0000
1626220870982000,0,0.00271963,32790.3000
1626220887311000,0,0.00875000,32797.9000
1626220893345000,1,0.07619021,32769.5400
1626220893523000,1,0.51700000,32761.2500
1626220895272000,0,0.02296623,32772.7600
1626220895272000,0,0.10000000,32772.7700
1626220895281000,1,0.03858265,32772.7700
1626220917153000,1,0.14557463,32726.7600
1626220917160000,1,0.15515743,32726.7600
1626220917331000,1,0.16526794,32726.7600
1626220921149000,1,0.10000000,32730.0500
1626220921167000,1,0.12287692,32730.0500
1626220921181000,1,0.02984229,32730.0500
1626220925772000,1,0.10000000,32707.6100
1626220925772000,1,1.18871190,32706.6000
1626220928935000,1,0.26000000,32708.9900
1626220928940000,1,0.00780069,32708.9900
1626220928977000,1,0.09932858,32706.6000
1626220929010000,1,0.40533821,32706.6000
1626220929090000,1,0.09932858,32706.6000
1626220929096000,1,0.10684081,32706.6000
1626220929143000,1,0.45407349,32706.6000
1626220929159000,1,0.99924111,32706.6000
1626220929168000,1,0.46516947,32706.6000
1626220929187000,1,0.17880794,32706.6000
1626220929200000,1,0.07395144,32706.6000
1626220929204000,1,0.08467710,32706.6000
1626220929204000,1,0.13778931,32706.6000
1626220929223000,1,0.13631346,32706.6000
1626220929226000,1,0.08664459,32706.6000
1626220929260000,1,0.45000000,32706.6000
1626220929263000,1,0.14273266,32706.6000
1626220929275000,1,0.09000000,32706.6000
1626220929316000,1,0.01661297,32706.6000
1626220930126000,0,0.19080000,32712.9200
1626220930126000,0,0.27235619,32714.3900
1626220962379000,1,0.10000000,32717.6600
1626220962958000,1,0.00685240,32717.6600
1626220981411000,1,0.14372895,32697.7600
1626220995291000,1,0.00358934,32676.1200
1626221001536000,0,0.00176000,32689.7700
1626221003481000,0,0.19110000,32681.2200
1626221003481000,0,0.23100000,32681.9000
1626221005149000,0,0.05443000,32685.4900
1626221011275000,1,0.02000000,32677.7400
1626221011277000,1,0.14616704,32677.7400
1626221023672000,0,0.28783193,32687.3700
1626221038708000,0,0.03914000,32717.8600
1626221041216000,1,0.17314000,32714.1400
1626221041230000,1,0.00000605,32714.1400
1626221049168000,0,0.00374851,32720.0000
1626221055613000,0,0.00238333,32753.7200
1626221055613000,0,0.00528667,32755.8900
1626221058646000,0,0.00350000,32749.4700
1626221060123000,0,0.00351000,32752.1700
1626221070105000,1,0.12000000,32748.5500
1626221071363000,1,0.18937000,32753.0300
1626221071419000,1,0.00000602,32753.0300
1626221071556000,1,0.15756034,32754.9200
1626221072812000,0,0.02000000,32755.4900
1626221072871000,1,0.01000000,32751.5100
1626221080162000,0,0.00146000,32755.4900
1626221094730000,0,0.00195000,32777.5500
1626221101298000,0,0.00200000,32793.0300
1626221101397000,0,0.00038333,32793.0300
1626221101666000,0,0.25256672,32798.0000
1626221101770000,0,0.00079632,32801.0000
1626221110390000,1,0.00168006,32777.8300
1626221118405000,0,0.71523397,32795.2400
1626221119813000,1,0.00300000,32793.9200
1626221124152000,0,0.00500000,32787.2900
1626221125143000,0,0.00300000,32786.7900
1626221125206000,0,0.00100000,32786.7300
1626221133237000,0,0.00438000,32787.9300
1626221137097000,0,0.00200000,32775.0900
1626221139113000,0,0.00100000,32775.0900
1626221139352000,0,0.00175000,32775.0900
1626221139507000,0,0.00100000,32775.0900
1626221140132000,0,0.00200000,32775.0900
1626221140205000,0,0.00100000,32775.0900
1626221142152000,0,0.00100000,32776.6900
1626221143406000,0,0.00851659,32776.6900
1626221144159000,0,0.00300000,32776.1900
1626221145193000,0,0.00100000,32776.1900
1626221145513000,0,0.00200000,32776.1900
1626221148143000,0,0.00200000,32775.1400
1626221151472000,0,0.05600000,32775.1400
1626221153497000,0,0.05400000,32772.1900
1626221154590000,1,0.01800000,32771.0700
1626221154692000,1,0.00100000,32771.0700
1626221159496000,0,0.05600000,32763.2900
1626221161482000,0,0.03300000,32763.7900
1626221175546000,0,0.02200000,32758.8700
1626221176482000,0,0.01100000,32758.8200
1626221176830000,0,0.00100000,32758.8900
1626221177551000,0,0.02500000,32751.0900
1626221219489000,0,0.00306000,32766.1900
1626221227744000,0,0.01168000,32771.0900
1626221252748000,1,0.02903703,32760.4800
1626221258088000,0,0.04160000,32776.2900
1626221265606000,0,0.00730000,32776.2900
1626221270693000,1,0.10000000,32755.6600
1626221273304000,1,0.05780000,32735.6100
1626221307841000,0,0.00295000,32750.7900
1626221326490000,0,0.10000000,32750.2800
1626221326490000,0,0.64945245,32750.7800
1626221355236000,0,0.00292000,32750.8500
1626221381847000,0,0.00468000,32730.1600
1626221389312000,1,0.00851200,32708.7700
1626221420697000,0,0.00150000,32745.8000
1626221433527000,0,0.00100000,32737.2800
1626221433907000,0,0.00300000,32737.2800
1626221434595000,0,0.00200000,32738.1800
1626221448778000,0,0.00245000,32738.1100
1626221451209000,0,0.00234000,32735.9400
1626221452906000,0,0.00100000,32725.2800
1626221453585000,0,0.01800000,32725.2800
1626221454086000,0,0.00100000,32725.2800
1626221455925000,0,0.00200000,32734.0600
1626221459117000,0,0.00100000,32727.3800
1626221461966000,0,0.00200000,32727.8800
1626221463071000,1,0.03037055,32711.1900
1626221463951000,1,0.00177355,32711.1900
1626221487545000,1,0.03021913,32707.3200
1626221487923000,1,0.03052197,32704.4900
1626221524338000,0,0.00384000,32718.2700
1626221535794000,0,0.15289147,32713.5200
1626221568451000,0,0.00585000,32712.9200
1626221576830000,1,0.00537000,32700.0000
1626221576915000,1,0.00000702,32700.0000
1626221601851000,0,0.00301000,32698.3500
1626221609069000,1,0.00099999,32708.0300
1626221609069000,1,0.00000001,32708.0300
1626221611688000,0,0.01243000,32706.4600
1626221619376000,0,0.00700000,32690.8400
1626221629398000,0,0.14005211,32695.4800
1626221631989000,0,0.00205000,32695.4800
1626221670497000,0,0.03536457,32704.9100
1626221672997000,0,0.01535000,32703.8600
1626221673823000,0,0.00800000,32696.9800
1626221704516000,0,0.00585000,32703.0900
1626221709223000,0,0.05852000,32696.3800
1626221712050000,0,0.00461000,32695.8800
1626221741356000,1,0.20000000,32664.1100
1626221799550000,0,0.07489878,32654.4100
1626221807035000,0,0.02495521,32653.8100
1626221838628000,0,0.00151000,32639.2600
1626221853930000,0,0.00589000,32635.3600
1626221932973000,0,0.00258000,32637.5200
1626221935955000,0,0.01900000,32630.7600
1626221936356000,0,0.00500000,32630.7600
1626221936930000,0,0.00300000,32630.7600
1626222039217000,0,0.00162000,32635.2600
1626222045360000,0,0.15322296,32638.3000
1626222049935000,0,0.00586000,32637.7900
1626222051700000,1,0.10000000,32625.3500
1626222054302000,1,0.01649723,32620.7400
1626222059715000,0,0.00215000,32637.6600
1626222077065000,1,0.00064037,32620.0000
1626222078854000,0,0.12463788,32607.4600
1626222079686000,0,0.13118433,32608.4600
1626222095951000,0,0.00215000,32621.2200
1626222126512000,0,0.00215000,32632.5200
1626222127593000,0,0.00675000,32629.4000
1626222180597000,0,0.00598000,32625.8900
1626222216238000,1,0.08320000,32608.8300
1626222222946000,0,0.00235000,32623.2900
1626222234883000,0,0.38320000,32613.8600
1626222234883000,0,0.15335846,32613.8900
1626222234883000,0,0.05934752,32614.3900
1626222239362000,1,0.00163273,32600.0100
1626222261750000,0,0.00616000,32613.0900
1626222302421000,0,0.00117000,32606.2900
1626222328311000,0,0.00462000,32606.3800
1626222328510000,1,0.00189032,32600.0000
1626222328619000,0,0.00280000,32606.3800
1626222344910000,0,0.01321000,32599.9200
1626222345689000,0,0.15341763,32600.1700
1626222366537000,0,0.00176000,32605.5200
1626222385584000,0,0.00148000,32619.4200
1626222409759000,1,0.00080374,32600.6100
1626222426346000,0,0.00462000,32620.6200
1626222444943000,0,0.02240000,32635.2200
1626222461640000,0,0.03520000,32613.1200
1626222472525000,0,0.01293000,32603.3200
1626222489832000,0,0.00278000,32604.0200
1626222507251000,0,0.03080000,32596.3000
1626222539105000,1,0.10000000,32584.7300
1626222539105000,1,0.14287604,32584.2300
1626222552002000,0,0.00147000,32625.0900
1626222574753000,0,0.00169000,32628.1400
1626222601395000,1,0.04000000,32632.1400
1626222601403000,1,0.00500000,32632.1400
1626222601885000,1,0.08300000,32632.2400
1626222602035000,0,0.00900000,32633.8900
1626222602286000,1,0.00600000,32633.3400
1626222605788000,0,0.05500000,32618.4900
1626222606021000,0,0.00300000,32618.4900
1626222606789000,0,0.00600000,32618.4900
1626222607957000,1,0.03000000,32617.2700
1626222607982000,1,0.00600000,32617.2700
1626222608193000,0,0.01495000,32618.4900
1626222610034000,1,0.01000000,32618.6400
1626222610108000,1,0.00800000,32618.6400
1626222618737000,1,0.03000000,32635.4200
1626222630911000,0,0.02515405,32660.7300
1626222638504000,0,0.00887000,32649.2300
1626222655414000,0,0.00296000,32656.0300
1626222667616000,0,0.00298000,32660.4200
1626222689609000,0,0.00293000,32662.4000
1626222699199000,0,0.00100000,32651.9300
1626222701189000,1,0.00200000,32661.5600
1626222711271000,0,0.00148000,32658.8300
1626222712458000,0,0.01172000,32658.3300
1626222718278000,0,0.00100000,32655.2100
1626222720081000,0,0.00194000,32655.2100
1626222728737000,0,0.03380594,32665.5800
1626222729351000,0,0.00100000,32655.2300
1626222776182000,0,0.00100000,32654.3800
1626222780182000,0,0.00100000,32653.0300
1626222781429000,0,0.00100000,32653.0300
1626222790184000,1,0.00440554,32635.4200
1626222792768000,1,0.03090000,32625.6400
1626222794184000,0,0.04100000,32623.6200
1626222794308000,1,0.07000000,32617.7800
1626222794866000,1,0.00100000,32623.6800
1626222794866000,1,0.00300000,32622.8200
1626222794866000,1,0.04600000,32617.7800
1626222795090000,1,0.02000000,32617.7800
1626222795098000,1,0.01500000,32617.7800
1626222795431000,0,0.00200000,32624.1200
1626222795716000,0,0.00308000,32624.1200
1626222795939000,1,0.00499999,32622.6700
1626222801154000,1,0.00000001,32622.6700
1626222807601000,1,0.03000000,32597.8600
1626222807602000,1,0.00598710,32597.8600
1626222815806000,1,0.05000000,32567.4000
1626222815806000,1,1.20000000,32564.7400
1626222820601000,1,0.00200000,32586.5300
1626222824902000,1,0.00200000,32581.3500
1626222840146000,0,0.15350785,32576.7400
1626222845047000,1,0.04000000,32568.0500
1626222845047000,1,1.20000000,32566.4900
1626222845047000,1,0.25028091,32564.8700
1626222846765000,1,0.01000000,32578.2300
1626222846984000,1,0.03000000,32578.2300
1626222847065000,1,0.01000000,32578.2300
1626222847620000,1,0.00100000,32578.2300
1626222847897000,1,0.00800000,32578.5200
1626222855207000,1,0.00300000,32557.9000
1626222855273000,1,0.00004666,32557.9000
1626222856781000,0,0.19160000,32557.5100
1626222868171000,1,0.00505000,32518.8800
1626222868585000,1,0.00000833,32518.8800
1626222868585000,1,0.31521167,32518.8800
1626222868637000,0,0.03100000,32518.8900
1626222868639000,1,0.00100000,32518.8800
1626222868651000,1,0.12480967,32518.8800
1626222875770000,0,0.09058750,32525.4000
1626222875975000,0,0.00150000,32526.4000
1626222897514000,0,0.00573000,32524.7000
1626222906130000,0,0.00220000,32548.6100
1626222930103000,0,0.00444000,32557.3800
1626222961603000,1,0.01800000,32568.1700
1626222961603000,1,0.00200000,32566.6100
1626222961604000,1,0.00400000,32566.6100
1626222962597000,1,0.02000000,32566.5100
1626222963696000,1,0.01500000,32568.5700
1626222964258000,1,0.00700000,32566.5100
1626222964322000,1,0.01700000,32564.2600
1626222964697000,1,0.01000000,32566.9700
1626222964714000,1,0.00900000,32566.9700
1626222965590000,1,0.01000000,32565.3900
1626222966123000,1,0.00700000,32565.3900
1626222966563000,1,0.01000000,32565.3900
1626222966597000,1,0.00600000,32565.3900
1626222967510000,0,0.00800000,32568.2800
1626222967767000,1,0.01000000,32566.2200
1626222968436000,0,0.01800000,32568.2800
1626222968538000,1,0.00600000,32566.2200
1626222969441000,0,0.01800000,32565.0800
1626222980421000,0,0.00185000,32565.7100
1626222981320000,0,0.00297000,32560.9900
1626222981545000,0,0.00200000,32558.9100
1626222982541000,0,0.00100000,32558.9100
1626222984530000,0,0.00400000,32558.9100
1626222985516000,0,0.00300000,32558.9100
1626222985792000,0,0.00300000,32558.9100
1626222988542000,0,0.00200000,32556.6200
1626222988721000,0,0.00400000,32556.6200
1626222989540000,0,0.00200000,32556.6200
1626222990814000,0,0.02938000,32556.6200
1626222991188000,0,0.00300000,32556.6200
1626222991725000,0,0.00400000,32556.6200
1626222991801000,0,0.00300000,32556.5700
1626222993781000,0,0.00200000,32551.7800
1626222994179000,0,0.00400000,32550.7800
1626222994784000,0,0.00100000,32557.1800
1626222994847000,0,0.00200000,32551.7800
1626222994914000,0,0.00100000,32551.7800
1626222995234000,0,0.00200000,32556.9000
1626222998336000,1,0.00300000,32568.8300
1626222998937000,1,0.09999960,32550.2500
1626222999056000,1,0.00265900,32549.7500
1626222999144000,1,0.15227237,32549.7500
1626222999310000,0,0.00000017,32549.7500
1626222999310000,0,0.01047807,32549.7500
1626222999356000,1,0.09486110,32552.7500
1626222999369000,1,0.01331286,32552.7500
1626222999369000,1,0.02668714,32547.2300
1626222999488000,1,0.01003500,32547.2300
1626222999743000,0,0.00300000,32561.2700
1626222999794000,1,0.03683000,32547.0200
1626222999813000,0,0.00100000,32561.2700
1626223000041000,1,0.00317000,32547.0200
1626223000065000,0,0.02759300,32547.0200
1626223000065000,0,0.04876700,32547.2300
1626223000144000,0,0.02760199,32547.2300
1626223000189000,0,0.00400000,32561.2700
1626223000329000,0,0.27026000,32547.0200
1626223000750000,0,0.00200000,32561.2600
1626223001198000,0,0.00100000,32561.2600
1626223001728000,0,0.00200000,32561.2600
1626223002184000,0,0.00200000,32561.2600
1626223002777000,0,0.00200000,32561.2600
1626223003045000,0,0.00617000,32561.2600
1626223003765000,1,0.52638200,32549.6400
1626223004169000,0,0.00300000,32561.2600
1626223004269000,0,0.04406000,32561.2600
1626223005223000,0,0.03497000,32577.1800
1626223005764000,0,0.00300000,32579.8700
1626223005841000,0,0.00100000,32578.2100
1626223008184000,0,0.00200000,32579.9200
1626223008782000,0,0.00100000,32579.9200
1626223009400000,0,0.00584000,32579.9200
1626223009477000,0,0.00000348,32579.9200
1626223009477000,0,0.19169652,32582.1100
1626223012753000,0,0.00200000,32587.1600
1626223012820000,0,0.00100000,32587.1600
1626223013188000,0,0.00100000,32594.8200
1626223013724000,0,0.00200000,32594.8200
1626223014790000,0,0.00200000,32594.8200
1626223015180000,0,0.00300000,32594.8200
1626223025717000,0,0.10000000,32594.3200
1626223039453000,1,0.00300000,32577.9300
1626223040586000,1,0.00200000,32577.4200
1626223047206000,0,0.00168305,32571.7100
1626223055335000,1,0.00300000,32568.4800
1626223056240000,0,0.02466000,32571.6600
1626223057184000,1,0.00100000,32565.2500
1626223057184000,1,0.00300000,32565.0500
1626223067579000,0,0.16400000,32571.7100
1626223070229000,0,0.10500000,32570.0100
1626223082519000,0,0.00587000,32581.7800
1626223082756000,0,0.00165000,32581.7800
1626223144686000,1,0.10000000,32544.2100
1626223150243000,1,0.10611522,32544.1000
1626223151349000,0,0.00308000,32556.4300
1626223153918000,1,0.00202000,32518.8800
1626223154416000,1,0.00000139,32518.8800
1626223158049000,1,0.00065033,32500.0000
1626223158049000,1,0.08004124,32500.0000
1626223158097000,1,0.01995876,32500.0000
1626223158097000,1,0.00771630,32500.0000
1626223161247000,0,0.06123247,32499.0900
1626223171478000,0,0.00900000,32520.4000
1626223172608000,0,0.00368000,32520.4000
1626223173469000,0,0.00200000,32520.4000
1626223177454000,0,0.00400000,32520.4000
1626223180459000,0,0.00100000,32522.5000
1626223182530000,0,0.00200000,32522.4800
1626223205730000,0,0.00200000,32523.8600
1626223210649000,0,0.01543000,32527.2600
1626223242409000,1,0.00202139,32479.9100
1626223242636000,1,0.01794686,32465.8800
1626223267005000,0,0.01260450,32510.7800
1626223268737000,1,0.00534000,32484.4500
1626223285831000,0,0.00883000,32507.4000
1626223291796000,0,0.00100000,32508.9000
1626223292797000,0,0.00100000,32508.9000
1626223298654000,0,0.00200000,32501.2000
1626223335820000,0,0.00121000,32480.4900
1626223371362000,0,0.02164000,32484.6700
1626223393697000,0,0.00100000,32480.5500
1626223394040000,0,0.15296519,32480.5500
1626223402833000,0,0.00250000,32487.2500
1626223406027000,0,0.00149000,32479.0300
1626223453084000,0,0.15385000,32510.8200
1626223453097000,0,0.00000312,32510.8200
1626223454245000,1,0.10000000,32507.9400
1626223454245000,1,0.14278510,32507.4400
1626223454245000,1,0.04000000,32499.2900
1626223454245000,1,0.81111346,32496.4100
1626223454801000,0,0.00300000,32521.4900
1626223456739000,0,0.00100000,32521.4900
1626223461370000,0,0.00100000,32521.4900
1626223472378000,0,0.00100000,32515.3700
1626223522819000,1,0.10000000,32473.7800
1626223525638000,0,0.00100000,32468.0900
1626223543350000,1,0.00065031,32440.0000
1626223562023000,0,0.00149000,32461.8900
1626223567738000,1,0.08456113,32463.8200
1626223604914000,0,0.00884000,32477.1500
1626223605841000,0,0.01517000,32476.6500
1626223630280000,0,0.01060000,32481.3100
1626223631383000,0,0.02998000,32471.4600
1626223659272000,0,0.00823000,32486.7600
1626223673907000,0,0.00412000,32508.9700
1626223677103000,0,0.15305942,32504.5000
1626223700560000,0,0.00687000,32518.7900
1626223715067000,0,0.00294000,32525.4300
1626223740080000,0,0.01766000,32509.8600
1626223750987000,0,0.00400000,32524.5200
1626223754990000,0,0.00300000,32517.2600
1626223758760000,0,0.10000000,32517.1000
1626223758760000,0,0.18890000,32517.2600
1626223758760000,0,0.26732058,32518.3600
1626223786112000,1,0.00200000,32498.9100
1626223788952000,0,0.04505000,32499.4900
1626223829835000,0,0.00157167,32489.4800
1626223868851000,0,0.00883000,32506.0600
1626223875986000,0,0.00137000,32501.6600
1626223904234000,1,0.00153489,32466.9400
1626223908981000,0,0.00200000,32483.8100
1626223916738000,0,0.00297000,32476.2100
1626223929621000,0,0.00589000,32497.0200
1626223937648000,0,0.00595000,32497.5200
1626223941444000,0,0.00297000,32496.1300
1626223954879000,0,0.00345774,32488.3100
1626223957305000,0,0.00100000,32487.8100
1626223958321000,0,0.02356000,32487.3000
1626223967223000,0,0.01477000,32480.4100
1626223990027000,0,0.19180000,32505.8800
1626223990027000,0,0.04800000,32510.8000
1626223990027000,0,1.20000000,32510.8100
1626223990027000,0,0.15385550,32513.9200
1626223990027000,0,0.20000000,32515.6800
1626223990027000,0,0.23571698,32515.6900
1626223998534000,0,0.00353000,32504.6200
1626224004860000,0,0.01766000,32511.1200
1626224021921000,0,0.00177000,32510.4400
1626224023248000,0,0.15206596,32510.4400
1626224052733000,0,0.01015000,32498.5900
1626224057517000,0,0.00206000,32500.1900
1626224063519000,0,0.19004000,32500.1900
1626224063519000,0,0.38450000,32503.1500
1626224063519000,0,0.00861249,32503.2000
1626224064567000,0,0.00312720,32498.6900
1626224082337000,1,0.40458000,32483.6200
1626224091702000,1,0.00000267,32483.6200
1626224105866000,1,0.09000000,32422.9700
1626224105986000,1,0.03000000,32422.9700
1626224106036000,1,0.06000000,32422.9700
1626224106076000,1,0.07413000,32422.9700
1626224106200000,1,0.28874000,32422.9700
1626224106278000,1,0.03000000,32422.9700
1626224106281000,1,0.06413000,32422.9700
1626224109349000,0,0.00470180,32423.7000
1626224114009000,0,0.00470021,32438.9600
1626224130555000,1,0.03000000,32410.0100
1626224130628000,1,0.00065030,32410.0000
1626224130628000,1,0.02308555,32402.0900
1626224131114000,1,0.00065029,32380.0000
1626224131114000,1,0.00080000,32379.3100
1626224131114000,1,0.05000000,32375.1600
1626224131114000,1,0.20000000,32375.1500
1626224131114000,1,0.98925847,32375.1300
1626224131114000,1,0.90275142,32375.1300
1626224131114000,1,0.03300000,32371.5600
1626224131114000,1,0.20000000,32370.6100
1626224131114000,1,9.32080000,32369.3000
1626224131114000,1,0.50000000,32369.2900
1626224131114000,1,0.04000000,32364.1300
1626224131114000,1,0.65100000,32363.4300
1626224131114000,1,0.00978986,32361.5100
1626224131114000,1,2.10194996,32361.5000
1626224136280000,0,0.19260000,32365.7400
1626224136280000,0,0.23767258,32372.6300
1626224137261000,0,0.01629676,32374.3300
1626224139547000,0,0.05870000,32395.4100
1626224154920000,0,0.00154209,32416.1300
1626224157651000,1,1.20000000,32385.6000
1626224157651000,1,0.47673792,32383.9800
1626224157651000,1,0.98027641,32382.2400
1626224157651000,1,0.04000000,32378.6900
1626224157651000,1,0.05000000,32375.1300
1626224157651000,1,0.03600000,32375.1300
1626224157651000,1,0.05700000,32375.1300
1626224157651000,1,0.92590612,32375.1200
1626224157651000,1,0.91540898,32375.1000
1626224157651000,1,0.00896843,32371.1800
1626224157651000,1,0.03300000,32371.1700
1626224157651000,1,0.15433410,32371.0200
1626224157651000,1,0.09372700,32370.2700
1626224157651000,1,0.50000000,32370.1000
1626224157651000,1,0.93000000,32368.6900
1626224157651000,1,0.23144429,32368.0400
1626224157651000,1,0.40000000,32366.6500
1626224157651000,1,0.23967258,32363.4100
1626224157651000,1,0.02241581,32363.4100
1626224157651000,1,0.70700000,32363.4000
1626224157651000,1,1.00000000,32362.5000
1626224157651000,1,0.05828111,32358.9000
1626224157651000,1,0.30857415,32358.8900
1626224157651000,1,0.06200448,32355.7200
1626224157651000,1,0.10000000,32353.4600
1626224157651000,1,3.86740000,32352.8000
1626224157651000,1,0.10000000,32351.8600
1626224157651000,1,0.00065028,32350.0000
1626224157668000,0,2.00000000,32350.0000
1626224157729000,0,0.11940523,32350.0000
1626224157749000,0,1.13580000,32350.0000
1626224157752000,0,0.90000000,32350.0000
1626224157755000,0,0.04000000,32350.0000
1626224157755000,0,0.05600000,32350.0000
1626224157756000,0,2.02000000,32350.0000
1626224157756000,0,0.79500000,32350.0000
1626224157758000,0,0.20000000,32350.0000
1626224157772000,0,1.54339182,32350.0000
1626224157778000,0,0.19890426,32350.0000
1626224157779000,0,0.00896843,32350.0000
1626224157779000,0,0.02241581,32350.0000
1626224157784000,0,19.61520000,32350.0000
1626224157791000,0,0.05828111,32350.0000
1626224157820000,0,0.15544900,32350.0000
1626224157824000,0,3.77910000,32350.0000
1626224157838000,0,1.65250000,32350.0000
1626224157840000,0,0.51984235,32350.0000
1626224157849000,0,0.90000000,32350.0000
1626224157894000,0,0.00100000,32350.0000
1626224157953000,0,0.90000000,32350.0000
1626224157957000,0,0.40543000,32350.0000
1626224157986000,0,0.79500000,32350.0000
1626224158028000,0,0.03400000,32350.0000
1626224158038000,0,0.50000000,32350.0000
1626224158112000,0,0.02500000,32350.0000
1626224158117000,0,0.35000000,32350.0000
1626224158129000,0,19.61520000,32350.0000
1626224158190000,0,5.30000000,32350.0000
1626224158196000,0,0.79500000,32350.0000
1626224158263000,0,0.85000000,32350.0000
1626224158279000,0,1.54348323,32350.0000
1626224158325000,0,0.79500000,32350.0000
1626224158331000,0,0.15440510,32350.0000
1626224158338000,0,1.10000000,32350.0000
1626224158340000,0,0.51000000,32350.0000
1626224158341000,0,0.50000000,32350.0000
1626224158462000,0,0.79500000,32350.0000
1626224158469000,0,0.50000000,32350.0000
1626224158544000,0,0.15000000,32350.0000
1626224158626000,0,0.79500000,32350.0000
1626224158675000,0,2.75000000,32350.0000
1626224158750000,0,0.79500000,32350.0000
1626224158757000,0,1.95000000,32350.0000
1626224158771000,0,2.12970000,32350.0000
1626224158779000,0,1.54365715,32350.0000
1626224158782000,0,0.06800000,32350.0000
1626224158789000,0,0.00600000,32350.0000
1626224158876000,0,1.00000000,32350.0000
1626224158906000,0,1.36690000,32350.0000
1626224158982000,0,0.23151114,32350.0000
1626224159005000,0,0.15438852,32350.0000
1626224159203000,0,1.00000000,32350.0000
1626224159347000,0,1.54413951,32350.0000
1626224159379000,0,1.00000000,32350.0000
1626224159473000,0,1.91685124,32350.0000
1626224159507000,0,0.83425422,32350.0000
1626224159539000,0,0.02500000,32350.0000
1626224159594000,1,0.40303266,32349.9900
1626224159594000,1,0.05000000,32349.9900
1626224159594000,1,1.20000000,32349.9900
1626224159594000,1,0.50000000,32349.9900
1626224159594000,1,0.00896843,32349.9900
1626224159794000,0,0.00300000,32349.9800
1626224159839000,0,0.14332891,32349.9900
1626224159839000,0,0.27379820,32350.0000
1626224159888000,0,1.54413586,32350.0000
1626224159911000,1,0.04800000,32349.9900
1626224159912000,0,0.00100000,32349.9900
1626224160093000,0,0.18767258,32349.9900
1626224160093000,0,1.72917866,32350.0000
1626224160291000,0,1.25532000,32350.0000
1626224160364000,0,0.85000000,32350.0000
1626224160409000,0,1.54401697,32350.0000
1626224160439000,0,0.30000000,32350.0000
1626224160551000,0,1.00118516,32350.0000
1626224160619000,0,1.00125177,32350.0000
1626224160619000,0,1.00125177,32350.0000
1626224160636000,0,0.20856356,32350.0000
1626224160724000,0,3.32177172,32350.0000
1626224160746000,0,0.02278385,32350.0000
1626224160792000,0,0.02977050,32350.0000
1626224160955000,0,1.54358216,32350.0000
1626224161048000,0,0.10428178,32350.0000
1626224161150000,0,1.00128377,32350.0000
1626224161151000,0,1.00128377,32350.0000
1626224161153000,0,1.00128377,32350.0000
1626224161173000,0,1.00128377,32350.0000
1626224161351000,0,0.15440510,32350.0000
1626224161365000,0,1.91685124,32350.0000
1626224161456000,0,1.54387663,32350.0000
1626224161481000,0,0.10428178,32350.0000
1626224161650000,0,0.00590000,32350.0000
1626224161723000,0,0.00590000,32350.0000
1626224161783000,0,0.00312000,32350.0000
1626224161881000,0,0.10428178,32350.0000
1626224161938000,0,0.00100000,32350.0000
1626224161960000,0,1.54371278,32350.0000
1626224162000000,0,2.26920646,32350.0000
1626224162127000,0,0.03865054,32350.0000
1626224162276000,0,0.04268280,32350.0000
1626224162464000,0,1.54375064,32350.0000
1626224162643000,0,2.11400772,32350.0000
1626224162762000,0,0.02500000,32350.0000
1626224162987000,0,1.54386321,32350.0000
1626224163041000,0,0.00690700,32350.0000
1626224163271000,0,2.02192559,32350.0000
1626224163833000,0,0.02500000,32350.0000
1626224163919000,0,0.00118000,32350.0000
1626224164140000,1,0.55000000,32349.9900
1626224164203000,1,0.65000000,32349.9900
1626224164303000,1,0.00717000,32349.2600
1626224164552000,0,0.75717000,32350.0000
1626224164631000,0,0.65000000,32350.0000
1626224165095000,0,0.02000000,32350.0000
1626224165255000,0,0.12952956,32350.0000
1626224165360000,0,0.02500000,32350.0000
1626224165446000,0,1.54399569,32350.0000
1626224165768000,0,0.02500000,32350.0000
1626224165789000,0,2.44303888,32350.0000
1626224165789000,0,3.00749038,32350.0000
1626224165793000,0,0.08265842,32350.0000
1626224165795000,0,1.26426332,32350.0000
1626224165848000,0,0.42739721,32350.0000
1626224165849000,0,0.99410820,32350.0000
1626224165849000,0,0.21425657,32350.0000
1626224165859000,0,0.07088717,32350.0000
1626224165881000,0,0.12405255,32350.0000
1626224166946000,0,0.00300000,32350.0000
1626224167080000,0,0.05000000,32350.0000
1626224167105000,0,1.00097588,32350.0000
1626224167107000,0,0.08354559,32350.0000
1626224167109000,0,0.19662751,32350.0000
1626224167111000,0,0.11561360,32350.0000
1626224167113000,0,0.19578362,32350.0000
1626224167164000,0,0.81153068,32350.0000
1626224167164000,0,1.00104312,32350.0000
1626224167179000,0,0.09536013,32350.0000
1626224167179000,0,0.11561360,32350.0000
1626224167180000,0,0.21772488,32350.0000
1626224167182000,0,0.20723648,32350.0000
1626224167185000,0,0.09536013,32350.0000
1626224167188000,0,0.12221638,32350.0000
1626224167190000,0,0.09682844,32350.0000
1626224167223000,0,0.11645750,32350.0000
1626224167225000,0,0.16624729,32350.0000
1626224167346000,0,0.16118392,32350.0000
1626224167431000,0,0.20000000,32350.0000
1626224167437000,0,1.54401348,32350.0000
1626224167479000,0,0.08147759,32350.0000
1626224167605000,0,0.02500000,32350.0000
1626224168160000,0,0.00368500,32350.0000
1626224168199000,1,0.50000000,32349.9900
1626224168482000,1,0.30000000,32349.9900
1626224168947000,1,0.10000000,32346.6500
1626224169478000,1,0.10000000,32345.8500
1626224169869000,0,0.25000000,32350.0000
1626224169941000,0,0.15000000,32350.0000
1626224170196000,0,0.00200000,32350.0000
1626224170411000,1,0.35000000,32345.3700
1626224170809000,0,0.10000000,32350.0000
1626224170819000,1,0.10000000,32347.6800
1626224170887000,0,0.00200000,32350.0000
1626224171190000,0,0.00300000,32350.0000
1626224171522000,0,0.01374775,32350.0000
1626224172188000,0,0.00300000,32350.0000
1626224173190000,0,0.00500000,32350.0000
1626224174201000,0,0.00400000,32350.0000
1626224175191000,0,0.00200000,32350.0000
1626224176189000,0,0.00300000,32350.0000
1626224176626000,0,0.20000000,32350.0000
1626224176667000,0,0.33848624,32350.0000
1626224176707000,0,0.15000000,32350.0000
1626224176952000,0,0.00300000,32350.0000
1626224177189000,0,0.00300000,32350.0000
1626224177691000,0,0.09493818,32350.0000
1626224177748000,0,0.26202936,32350.0000
1626224177761000,0,0.15696445,32350.0000
1626224177775000,0,0.36962597,32350.0000
1626224178186000,0,0.00300000,32350.0000
1626224179194000,0,0.00200000,32350.0000
1626224179970000,0,0.00100000,32350.0000
1626224180190000,0,0.00400000,32350.0000
1626224182187000,0,0.00200000,32350.0000
1626224182311000,0,0.00100000,32350.0000
1626224182917000,0,0.00200000,32350.0000
1626224184191000,0,0.00500000,32350.0000
1626224184946000,0,0.61750503,32350.0000
1626224185098000,0,0.42279135,32350.0000
1626224185189000,0,0.00500000,32350.0000
1626224185221000,0,0.00390000,32350.0000
1626224185936000,0,0.42279135,32350.0000
1626224185936000,0,0.10000154,32350.0000
1626224185949000,0,0.13797681,32350.0000
1626224186188000,0,0.00400000,32350.0000
1626224186912000,0,0.00200000,32350.0000
1626224187191000,0,0.00300000,32350.0000
1626224187311000,0,0.00100000,32350.0000
1626224187656000,0,0.54051468,32350.0000
1626224187683000,0,0.20380062,32350.0000
1626224187684000,0,0.19620557,32350.0000
1626224187684000,0,0.64557960,32350.0000
1626224187685000,0,0.13417928,32350.0000
1626224187696000,0,0.11898919,32350.0000
1626224187735000,0,0.20000000,32350.0000
1626224187773000,0,0.10768624,32350.0000
1626224187779000,0,0.43874962,32350.0000
1626224188340000,0,1.00080990,32350.0000
1626224188341000,0,0.38908602,32350.0000
1626224188362000,0,0.50732469,32350.0000
1626224188538000,0,1.00083694,32350.0000
1626224188539000,0,1.00083694,32350.0000
1626224189161000,0,1.00088557,32350.0000
1626224189162000,0,1.00088557,32350.0000
1626224189181000,0,1.00083070,32350.0000
1626224189189000,0,0.00500000,32350.0000
1626224189267000,0,0.21315174,32350.0000
1626224189561000,0,0.00137700,32350.0000
1626224189990000,0,1.54428546,32350.0000
1626224190094000,0,0.16906182,32350.0000
1626224190186000,0,0.00300000,32350.0000
1626224190232000,0,0.03629164,32350.0000
1626224190286000,0,0.02500000,32350.0000
1626224190483000,0,1.54410051,32350.0000
1626224190544000,0,1.00099939,32350.0000
1626224191011000,0,1.54415727,32350.0000
1626224191188000,0,0.00300000,32350.0000
1626224191293000,0,0.02500000,32350.0000
1626224191392000,0,0.23161694,32350.0000
1626224191392000,0,0.15443091,32350.0000
1626224191437000,0,0.22376816,32350.0000
1626224191463000,0,0.05145453,32350.0000
1626224191522000,0,1.54402756,32350.0000
1626224191994000,0,0.05000000,32350.0000
1626224192021000,0,1.54417476,32350.0000
1626224192195000,0,0.00300000,32350.0000
1626224192392000,0,0.00276700,32350.0000
1626224192448000,0,0.33378180,32350.0000
1626224192489000,0,0.05000000,32350.0000
1626224192514000,0,0.04377028,32350.0000
1626224192614000,0,1.54409469,32350.0000
1626224192713000,0,0.02500000,32350.0000
1626224193132000,0,1.54406737,32350.0000
1626224193189000,0,0.00200000,32350.0000
1626224193204000,0,0.90000000,32350.0000
1626224193294000,0,0.90000000,32350.0000
1626224193447000,0,0.02888866,32350.0000
1626224193597000,0,0.20000000,32350.0000
1626224193642000,0,1.54406402,32350.0000
1626224194147000,0,1.54398029,32350.0000
1626224194167000,0,0.15442015,32350.0000
1626224194190000,0,0.00300000,32350.0000
1626224194278000,0,1.00103848,32350.0000
1626224194480000,1,0.04000000,32349.9900
1626224194480000,1,0.00796000,32349.9900
1626224194556000,1,0.00000128,32349.9900
1626224195050000,0,0.00243300,32350.0000
1626224195239000,0,0.00300000,32350.0000
1626224196190000,0,0.00300000,32350.0000
1626224196315000,0,0.00200000,32350.0000
1626224196632000,0,0.20000000,32350.0000
1626224197213000,0,0.00200000,32350.0000
1626224198199000,0,0.00100000,32350.0000
1626224198266000,0,0.00400000,32350.0000
1626224201128000,0,0.10000000,32350.0000
1626224202289000,1,0.04000000,32344.0700
1626224202289000,1,0.15445375,32343.1500
1626224202447000,1,1.00000000,32341.7200
1626224202450000,0,0.01233484,32350.0000
1626224202468000,0,0.04680592,32350.0000
1626224202470000,0,0.04497980,32350.0000
1626224202832000,0,0.00100000,32350.0000
1626224202850000,0,0.12287633,32350.0000
1626224202924000,0,0.00720550,32350.0000
1626224203079000,0,0.02486752,32350.0000
1626224205341000,0,0.00100000,32350.0000
1626224205731000,0,0.10531620,32350.0000
1626224205742000,0,0.10000000,32350.0000
1626224205759000,0,0.08425193,32350.0000
1626224205776000,0,0.15444775,32350.0000
1626224205788000,0,0.07588253,32350.0000
1626224205801000,0,0.17464143,32350.0000
1626224205801000,0,0.07699845,32350.0000
1626224205854000,0,1.19957971,32350.0000
1626224205936000,0,0.07522064,32365.7600
1626224206022000,0,0.09358800,32365.7600
1626224208919000,0,0.00114000,32365.7600
1626224209187000,0,0.00100000,32365.7600
1626224211412000,0,0.12927842,32377.1000
1626224211670000,0,0.02000000,32377.1000
1626224220835000,0,0.01860938,32383.4700
1626224228588000,0,0.04590816,32386.6000
1626224240574000,0,0.09259551,32396.6100
1626224253296000,1,0.15426000,32389.4600
1626224253304000,1,0.00000524,32389.4600
1626224253346000,1,0.23141304,32386.1900
1626224255983000,0,0.00300000,32397.9700
1626224256173000,1,0.15426000,32389.4600
1626224262986000,1,0.15431000,32383.1400
1626224272171000,0,0.04319097,32409.3000
1626224274858000,1,0.15418175,32407.7700
1626224274995000,0,0.00200000,32410.3500
1626224276966000,0,0.00200000,32412.2900
1626224282963000,0,0.00200000,32408.5100
1626224296449000,0,0.00200000,32420.0700
1626224298465000,0,0.00200000,32420.9000
1626224301527000,0,0.00200000,32420.9000
1626224305513000,0,0.00300000,32422.1500
1626224310445000,0,0.00200000,32431.1000
1626224311930000,1,0.04000000,32421.6300
1626224311930000,1,0.15411130,32421.6200
1626224314319000,0,0.00200000,32431.1000
1626224314495000,0,0.00200000,32431.1000
1626224318499000,0,0.00200000,32419.9000
1626224319350000,0,0.00100000,32414.4400
1626224323294000,0,0.00100000,32419.8900
1626224324308000,0,0.00400000,32430.4200
1626224324383000,0,0.00100000,32430.4200
1626224327342000,0,0.00100000,32430.9000
1626224329309000,0,0.00200000,32420.3000
1626224332074000,0,0.50000000,32420.8000
1626224343389000,0,0.00100000,32421.1800
1626224346190000,0,0.00100000,32421.1800
1626224346216000,0,0.00295000,32421.1800
1626224346326000,0,0.00200000,32421.1800
1626224346970000,0,0.01548000,32421.1800
1626224349364000,0,0.00100000,32422.6600
1626224355146000,0,0.00100000,32430.9000
1626224356177000,0,0.01457139,32435.4600
1626224358189000,0,0.00100000,32435.4300
1626224358300000,0,0.00539585,32435.4300
1626224361135000,0,0.00100000,32435.4600
1626224372151000,0,0.00100000,32440.5600
1626224375345000,0,0.03095000,32440.5600
1626224377977000,1,0.15410000,32425.9300
1626224377977000,1,0.00000708,32425.9300
1626224380128000,0,0.00100000,32439.4700
1626224381452000,1,0.15413778,32420.5900
1626224383321000,0,0.02183666,32421.5700
1626224383410000,1,0.15416766,32415.8700
1626224417493000,1,0.15420528,32403.4100
1626224420044000,0,0.00100000,32411.4600
1626224422367000,1,0.15428345,32388.4900
1626224430389000,0,0.06194253,32393.7500
1626224430403000,0,0.07461321,32393.7500
1626224450117000,0,0.07587217,32400.8100
1626224467132000,0,0.00443000,32415.0900
1626224470375000,0,0.00384000,32414.5900
1626224487964000,0,0.23845000,32391.3500
1626224488150000,0,0.00000711,32391.3500
1626224496799000,0,0.04577021,32400.9700
1626224523268000,1,0.15425000,32391.4300
1626224523282000,1,0.00000608,32391.4300
1626224529431000,1,0.00568668,32387.1800
1626224529434000,1,0.00000001,32387.1800
1626224529435000,1,0.00000072,32383.1400
1626224537785000,0,0.00600000,32384.7300
1626224537894000,0,0.00679000,32384.7300
1626224538610000,0,0.00400000,32384.7300
1626224539604000,0,0.00200000,32378.9700
1626224539864000,1,0.00500000,32374.4300
1626224541612000,0,0.00200000,32369.3500
1626224542791000,0,0.00100000,32369.3500
1626224549616000,0,0.00200000,32369.2300
1626224549788000,0,0.00300000,32369.2300
1626224550604000,0,0.00200000,32368.7300
1626224551611000,0,0.00200000,32368.2200
1626224556605000,0,0.00600000,32388.4900
1626224558614000,0,0.00100000,32379.8600
1626224573732000,0,0.00174000,32390.0700
1626224580489000,0,0.02367870,32386.7500
1626224582931000,1,0.13800287,32373.7600
1626224585692000,1,0.01635000,32373.7600
1626224592370000,0,0.00200000,32390.0700
1626224595361000,0,0.00100000,32390.9300
1626224597370000,0,0.00200000,32396.0600
1626224606346000,0,0.00300000,32409.4500
1626224609343000,0,0.00300000,32409.4500
1626224633870000,1,0.04000000,32440.1500
1626224649137000,0,0.18504890,32452.0000
1626224649142000,0,0.08064988,32452.0000
1626224649181000,0,0.09066160,32452.0000
1626224649218000,0,0.08565573,32452.0000
1626224649258000,0,0.10234193,32452.0000
1626224649468000,0,0.45564196,32452.0000
1626224651584000,0,0.00100000,32453.2300
1626224658004000,0,0.00100000,32458.5800
1626224658546000,0,0.00400000,32458.5800
1626224659577000,0,0.00100000,32464.2900
1626224660034000,0,0.01700000,32463.6200
1626224660958000,1,0.00200000,32471.4900
1626224661302000,0,0.01190000,32474.1300
1626224663010000,0,0.01000000,32465.1600
1626224663605000,0,0.00400000,32462.0800
1626224663995000,0,0.00500000,32461.5700
1626224664997000,0,0.00200000,32463.7300
1626224665994000,0,0.06800000,32465.4700
1626224668010000,0,0.00200000,32463.8700
1626224670029000,1,0.15398309,32458.3800
1626224670588000,0,0.00600000,32466.1500
1626224671334000,1,0.15400916,32452.9200
1626224672667000,1,0.15403367,32447.6100
1626224672667000,1,0.30803712,32438.4500
1626224672667000,1,0.04000000,32436.8900
1626224672667000,1,0.00561817,32436.1600
1626224687842000,1,0.15403367,32447.6100
1626224687842000,1,0.23103162,32445.5600
1626224687842000,1,0.04000000,32441.7100
1626224687842000,1,0.98772565,32438.4600
1626224687842000,1,0.30803712,32438.4500
1626224687842000,1,0.00712409,32436.1600
1626224687842000,1,0.38498508,32436.1500
1626224687842000,1,0.06202090,32434.2200
1626224687842000,1,0.23967258,32431.7000
1626224687842000,1,0.86147686,32431.6900
1626224701151000,1,0.15405000,32443.4100
1626224701207000,1,0.00000636,32443.4100
1626224701207000,1,0.16370737,32438.4500
1626224701240000,1,0.14432975,32438.4500
1626224712595000,0,0.00100000,32431.8000
1626224718585000,0,0.03496526,32420.8200
1626224730950000,1,0.15418000,32404.9800
1626224741925000,0,0.00590000,32418.4200
1626224748752000,1,0.15421926,32406.2600
1626224748922000,1,0.15421926,32406.2600
1626224748922000,1,0.23132856,32405.1400
1626224753774000,1,0.15418000,32410.9800
1626224754100000,0,0.00200000,32416.0800
1626224754283000,0,0.00100000,32416.0800
1626224755887000,1,0.00000840,32410.9800
1626224759243000,0,0.00200000,32412.5600
1626224764954000,1,0.15424268,32401.2900
1626224766336000,0,0.00100000,32403.4100
1626224766783000,0,0.00691593,32403.4100
1626224766924000,1,0.15426202,32396.6000
1626224769387000,0,0.00200000,32391.9400
1626224771723000,0,0.00354313,32396.0200
1626224778388000,0,0.00300000,32396.4900
1626224786383000,0,0.00300000,32395.6500
1626224789562000,0,0.00280532,32392.4200
1626224789938000,0,0.00886000,32392.4200
1626224798059000,0,0.00453000,32421.0400
1626224799134000,1,0.00980723,32402.9900
1626224799134000,1,0.14442680,32402.9900
1626224815699000,0,0.00100000,32400.0000
1626224819165000,0,0.00100000,32400.0000
1626224822156000,0,0.00200000,32400.0000
1626224832184000,0,0.00100000,32395.3600
1626224840055000,1,0.15430000,32384.1900
1626224840150000,0,0.00100000,32390.4100
1626224845115000,0,0.02824000,32391.1200
1626224853876000,0,0.02900000,32395.6800
1626224855930000,0,0.01700000,32399.0900
1626224856873000,0,0.00800000,32398.6700
1626224857881000,0,0.00700000,32398.6600
1626224858885000,0,0.00300000,32398.6700
1626224859919000,0,0.01300000,32400.0000
1626224860924000,0,0.00661364,32400.0000
1626224860924000,0,0.00038636,32401.9100
1626224861923000,0,0.00900000,32409.9200
1626224862913000,0,0.00600000,32407.6300
1626224863920000,0,0.00500000,32407.6300
1626224864858000,0,0.00300000,32407.6300
1626224865476000,0,0.01018137,32407.6300
1626224865861000,0,0.00300000,32407.6300
1626224866848000,0,0.00400000,32407.6300
1626224867885000,0,0.01081863,32407.6300
1626224867885000,0,0.01418137,32415.7300
1626224868924000,0,0.00700000,32412.0100
1626224869907000,0,0.00600000,32412.0100
1626224870844000,0,0.00900000,32415.7300
1626224871845000,0,0.00200000,32415.7300
1626224872909000,0,0.01400000,32415.7300
1626224876162000,0,0.00270941,32415.7300
1626224880381000,0,0.00100000,32415.7300
1626224881190000,0,0.00100000,32415.7300
1626224888083000,0,0.00010922,32415.7300
1626224888083000,0,0.00144078,32423.1600
1626224901109000,0,0.00221000,32409.2300
1626224918520000,1,0.08499999,32392.6600
1626224918522000,1,0.00000001,32392.6600
1626224918605000,1,0.15428507,32384.5600
1626224918623000,1,0.00000538,32384.1900
1626224918623000,1,0.10110339,32384.1900
1626224918713000,1,0.07189661,32384.1900
1626224920386000,0,0.00304000,32395.7200
1626224923078000,0,0.00584000,32392.2300
1626224927385000,1,0.00000297,32373.7600
1626224927385000,1,0.13399703,32373.0400
1626224928770000,1,0.00000297,32373.0400
1626224928770000,1,0.00211830,32368.1300
1626224928770000,1,1.00000000,32367.6000
1626224929292000,1,0.05785299,32367.6000
1626224929298000,1,0.94214701,32367.6000
1626224931330000,0,0.02998808,32362.5400
1626224931344000,0,0.00999601,32362.5400
1626224938174000,1,0.94161052,32346.6200
1626224955707000,0,0.00300000,32358.7200
1626224958696000,0,0.00300000,32353.9300
1626224959236000,1,0.15453000,32336.9400
1626224960628000,1,0.00000928,32336.9400
1626224961838000,1,0.00142857,32324.4700
1626224962199000,1,0.03277461,32324.2500
1626224962200000,1,0.00000001,32324.2500
1626224962200000,1,0.02841352,32321.5400
1626224962634000,1,0.02841352,32321.5400
1626224962663000,1,0.00065027,32320.0000
1626224963121000,1,0.01420675,32321.5400
1626224963146000,1,0.00000001,32321.5400
1626224967007000,1,0.15942360,32323.2100
1626224969658000,0,0.10000000,32328.8900
1626224969658000,0,0.06500000,32329.3400
1626224971056000,1,0.38650000,32305.9000
1626224971056000,1,0.13694063,32305.8500
1626224972740000,0,0.00200000,32321.8100
1626224974279000,1,0.10000000,32302.7900
1626224974279000,1,0.38620000,32301.5500
1626224974280000,1,0.00080493,32301.0000
1626224974523000,1,0.19280000,32309.0200
1626224976106000,1,0.19310000,32308.5200
1626224977337000,0,0.08476180,32311.0900
1626224977337000,0,0.35314120,32311.1000
1626224977443000,0,0.11228494,32311.0900
1626224977701000,0,0.00400000,32311.0900
1626224977893000,1,0.19300000,32307.8200
1626224977988000,0,0.38371506,32311.0900
1626224977988000,0,0.20128494,32311.1000
1626224978026000,0,0.17951162,32307.8200
1626224978947000,1,0.19320000,32304.9200
1626224980758000,0,0.00200000,32332.5300
1626224980979000,0,0.19700000,32332.5300
1626224982898000,0,0.12395633,32329.1000
1626224982898000,0,0.19310000,32331.9900
1626224982898000,0,0.09394367,32332.5000
1626224983930000,0,0.25900000,32345.6800
1626224984912000,0,0.04100000,32347.1800
1626224985906000,0,0.15414695,32343.7700
1626224985906000,0,0.32885305,32347.1800
1626224986869000,0,0.04400000,32333.8500
1626224987139000,1,0.04200000,32350.0000
1626224987636000,0,0.03800000,32350.0100
1626224989204000,1,0.13400000,32350.0000
1626224994926000,0,0.04400000,32358.0900
1626224998217000,0,0.04200000,32366.1700
1626224999946000,0,0.03400000,32374.2500
1626225005742000,1,0.32400000,32350.0000
1626225007039000,1,0.23600000,32350.0000
1626225008038000,1,0.08300000,32350.0000
1626225008994000,1,0.25000000,32350.0000
1626225010362000,1,0.45300000,32350.0000
1626225011031000,1,0.14400000,32350.0000
1626225027349000,0,0.00177000,32354.4800
1626225033612000,1,0.15452000,32335.6300
1626225036938000,0,0.14054828,32334.6300
1626225036938000,0,0.00045172,32342.1900
1626225038016000,1,0.14600000,32336.1800
1626225041194000,1,0.29500000,32335.6600
1626225047926000,0,0.00700000,32345.5100
1626225049027000,1,0.00300000,32351.1500
1626225049248000,1,0.36900000,32350.0000
1626225050442000,1,0.10000000,32335.0000
1626225050534000,0,0.00200000,32337.5400
1626225050822000,0,0.00100000,32337.5400
1626225050888000,0,0.00400000,32337.5400
1626225050951000,0,0.15113823,32337.5400
1626225050951000,0,0.00486177,32345.6000
1626225051016000,0,0.00500000,32345.6000
1626225051100000,0,0.00500000,32343.9900
1626225052902000,0,0.10000000,32344.8200
1626225052968000,1,0.02000000,32344.8700
1626225052975000,0,0.00100000,32345.3300
1626225053824000,0,0.00500000,32341.6400
1626225054059000,1,0.26931000,32340.3700
1626225054270000,1,0.03668999,32340.3700
1626225055835000,0,0.00400000,32341.8500
1626225055906000,0,0.12409294,32341.8500
1626225056137000,1,0.00300000,32348.4800
1626225056660000,0,0.00155000,32349.7500
1626225057449000,1,0.00000001,32340.3700
1626225057449000,1,0.09629999,32330.9200
1626225058990000,1,0.03100000,32337.5000
1626225059121000,1,0.69600000,32337.5000
1626225063820000,1,0.03300000,32350.0000
1626225067967000,0,0.00591700,32345.1600
1626225069899000,0,0.00200000,32341.4900
1626225071569000,1,0.00000001,32330.9200
1626225071569000,1,0.10000000,32315.3500
1626225071569000,1,0.00386432,32314.8500
1626225071569000,1,0.15465789,32314.0200
1626225071569000,1,0.23196173,32313.8500
1626225071718000,1,0.17562630,32308.4700
1626225076156000,0,0.00118311,32317.0500
1626225085800000,0,0.10000000,32336.3900
1626225095816000,0,0.00200000,32334.4100
1626225096408000,0,0.00100000,32334.4100
1626225098135000,0,0.04143000,32322.5100
1626225099410000,0,0.00100000,32317.6500
1626225102125000,1,0.27470000,32306.8200
1626225102196000,1,0.21650000,32306.8200
1626225104003000,0,0.10000000,32317.5900
1626225104424000,0,0.00200000,32317.5900
1626225107052000,0,0.01480000,32322.6900
1626225110406000,0,0.00100000,32321.4500
1626225110418000,0,0.01553000,32321.4500
1626225126363000,0,0.02260000,32316.4500
1626225127938000,0,0.00300000,32309.7400
1626225129082000,0,0.00516918,32315.7200
1626225130508000,0,0.00200000,32309.7800
1626225131352000,1,0.06190000,32299.3200
1626225131580000,0,0.00296000,32301.5400
1626225131927000,0,0.00200000,32315.7000
1626225134148000,0,0.00593000,32310.0200
1626225140443000,0,0.00100000,32304.4000
1626225143457000,1,0.00065026,32290.0000
1626225145419000,1,0.22580000,32282.1200
1626225145423000,1,0.00040000,32282.1200
1626225145423000,1,0.45230000,32281.2400
1626225147004000,0,0.00373000,32288.5500
1626225155471000,0,0.00100000,32279.4600
1626225156688000,1,0.00100000,32266.5500
1626225157168000,0,0.05000000,32284.1100
1626225157831000,0,0.00100000,32279.2000
1626225162646000,0,0.14652825,32286.9600
1626225162646000,0,0.00347175,32292.5400
1626225171784000,0,0.05200000,32291.9300
1626225172787000,0,0.01200000,32280.5100
1626225172795000,0,0.00158657,32280.5100
1626225172931000,0,0.00100000,32280.5100
1626225175564000,1,0.00200000,32288.6300
1626225176791000,0,0.00800000,32280.3500
1626225178812000,0,0.02400000,32280.0300
1626225181803000,0,0.03800000,32278.9400
1626225185690000,0,0.05650000,32290.6700
1626225195795000,0,0.01100000,32312.5700
1626225196489000,1,0.10000000,32304.8400
1626225197121000,1,0.42510000,32299.1400
1626225199504000,1,0.01400000,32284.9900
1626225199504000,1,0.02200000,32284.4800
1626225199504000,1,0.00193609,32284.4300
1626225199982000,0,0.02595900,32309.2700
1626225211380000,0,0.10000000,32305.9800
1626225219686000,0,0.00151847,32289.7700
1626225219974000,0,0.00003099,32289.7700
1626225222169000,0,0.00305000,32308.1400
1626225231601000,1,0.10000000,32308.3700
1626225249089000,0,0.01217500,32316.2800
1626225250466000,1,0.07157546,32305.7200
1626225250488000,1,0.08827848,32305.7200
1626225255991000,0,0.00300000,32300.6800
1626225259878000,1,0.19300000,32295.6200
1626225270886000,1,0.01906000,32284.4300
1626225271454000,1,0.00000391,32284.4300
1626225272463000,1,0.00100000,32278.6800
1626225272463000,1,0.00800000,32277.1300
1626225272612000,1,0.19340000,32276.5200
1626225273173000,1,0.19350000,32274.2200
1626225274383000,0,0.08000000,32274.4600
1626225276333000,0,0.13000000,32273.4900
1626225278234000,1,0.10363226,32263.7300
1626225278244000,1,0.07310000,32264.2300
1626225278244000,1,0.17672359,32263.7300
1626225278248000,1,0.30532302,32263.7300
1626225278254000,1,0.61432113,32263.7300
1626225278254000,1,0.38497326,32261.6700
1626225282887000,0,0.00474594,32264.9900
1626225322348000,0,0.13000000,32302.3800
1626225322402000,0,0.27585363,32302.3800
1626225322992000,0,0.03000000,32308.4200
1626225323194000,0,0.00100000,32308.4200
1626225323875000,1,0.19290000,32308.4100
1626225326617000,1,0.09999999,32297.9700
1626225326620000,1,0.00000001,32297.9700
1626225326647000,1,0.38660000,32287.5300
1626225329425000,0,0.01333000,32291.2600
1626225337558000,0,0.00400000,32308.4200
1626225340560000,0,0.00800000,32309.8200
1626225345517000,0,0.00000500,32316.2800
1626225345517000,0,0.00299500,32316.4900
1626225346489000,0,0.00400000,32316.4900
1626225349544000,0,0.00100000,32316.4900
1626225349723000,0,0.02100500,32316.4900
1626225353284000,1,0.00499999,32319.0500
1626225353287000,1,0.00000001,32319.0500
1626225355508000,0,0.00400000,32324.5600
1626225356785000,0,0.03300000,32324.5600
1626225357555000,0,0.00200000,32332.6300
1626225358492000,0,0.00300000,32332.6300
1626225362980000,1,0.00300000,32330.6300
1626225363136000,1,0.00400000,32323.6500
1626225363435000,1,0.00400000,32321.7900
1626225363435000,1,0.00200000,32316.1000
1626225363504000,0,0.00500000,32330.5000
1626225365512000,0,0.00300000,32316.9600
1626225365755000,1,0.19320000,32307.0200
1626225371369000,0,0.00171510,32319.7500
1626225372538000,0,0.00100000,32319.7500
1626225375039000,1,0.19320000,32300.6200
1626225390286000,1,0.00100000,32305.0500
1626225390794000,0,0.00100000,32302.8000
1626225394554000,1,0.19320000,32299.5200
1626225402959000,1,0.12527000,32282.6800
1626225418130000,1,0.00063725,32260.0000
1626225418460000,1,0.00001300,32260.0000
1626225426705000,0,0.00668382,32279.3400
1626225427986000,0,0.00100000,32273.2300
1626225432211000,1,0.10000000,32259.9800
1626225432211000,1,0.35000000,32259.4800
1626225441126000,1,0.19340000,32276.2200
1626225441435000,1,0.19350000,32276.2200
1626225441741000,1,0.19310000,32276.2200
1626225442956000,0,0.14000000,32279.7100
1626225451695000,0,0.09330000,32274.3000
1626225451695000,0,0.01043000,32277.7800
1626225470907000,0,0.00100000,32271.2700
1626225472957000,0,0.00100000,32271.9400
1626225475865000,0,0.01300000,32271.0200
1626225478881000,0,0.01000000,32276.2800
1626225480788000,0,0.00100000,32270.4200
1626225481983000,0,0.00299000,32276.7800
1626225484896000,0,0.13500000,32284.1800
1626225486006000,1,0.01500000,32283.7200
1626225486006000,1,0.00100000,32283.5500
1626225486006000,1,0.00200000,32283.5500
1626225486878000,0,0.01100000,32286.8300
1626225490186000,0,0.03590000,32285.0000
1626225494792000,0,0.00200000,32289.0000
1626225501450000,0,0.01000000,32289.0000
1626225502133000,0,0.00580530,32289.0000
1626225502143000,0,0.00219470,32289.0000
1626225503800000,0,0.00200000,32297.0700
1626225504104000,1,0.19280000,32291.5200
1626225504104000,1,0.15480364,32282.3100
1626225504104000,1,0.66392265,32278.2700
1626225504780000,0,0.01000000,32297.0700
1626225506126000,0,0.00573300,32297.0700
1626225506328000,0,0.00226700,32297.0700
1626225512074000,0,0.01000000,32305.1400
1626225512090000,0,0.00700000,32305.1400
1626225539671000,1,0.38640000,32301.7800
1626225539671000,1,2.65380000,32301.7300
1626225541187000,1,2.37908741,32307.8100
1626225541188000,1,0.30757509,32307.8100
1626225541207000,1,0.19663750,32307.8100
1626225543086000,0,0.00178000,32308.8300
1626225544163000,0,0.09822000,32308.2400
1626225547821000,0,0.00888000,32307.1700
1626225549102000,1,0.00220000,32297.7800
1626225569050000,0,1.20000000,32306.9900
1626225584268000,0,0.00444000,32322.4100
1626225590160000,1,0.00990000,32319.3100
1626225591505000,1,0.20480000,32306.7700
1626225591505000,1,0.04000000,32302.6700
1626225591505000,1,0.90954344,32301.2700
1626225591505000,1,0.30606016,32301.2600
1626225591505000,1,0.15472587,32300.4400
1626225591505000,1,0.23967258,32297.3200
1626225591505000,1,0.72922632,32297.3100
1626225598439000,1,0.20300000,32301.9700
1626225598439000,1,0.39770000,32294.0300
1626225598439000,1,1.20000000,32293.9800
1626225598439000,1,0.15473949,32293.9500
1626225598439000,1,0.10628950,32292.8000
1626225602657000,0,0.13400000,32307.6100
1626225607697000,1,0.16700000,32310.2100
1626225608105000,1,0.05000000,32310.4100
1626225610724000,1,0.00900000,32310.4100
1626225610724000,1,0.04600000,32310.2100
1626225611666000,0,0.01500000,32313.4800
1626225613257000,0,0.00200000,32320.5400
1626225614207000,0,0.01500000,32323.0500
1626225620988000,0,0.01200000,32331.1300
1626225620988000,0,0.00042000,32337.1600
1626225621775000,0,0.00774000,32337.0500
1626225624687000,0,0.94768049,32338.2900
1626225627695000,0,0.01500000,32339.2100
1626225629941000,0,0.01700000,32347.2900
1626225630766000,0,0.01600000,32355.3700
1626225635727000,1,0.10000000,32353.4600
1626225640827000,1,0.10000000,32352.3700
1626225644806000,0,0.00745000,32363.4400
1626225652513000,0,0.01400000,32363.4500
1626225652513000,0,0.01113000,32368.5500
1626225694224000,0,0.00443063,32364.8000
1626225706109000,0,0.00612299,32353.1300
1626225720970000,0,0.01200000,32364.9900
1626225721033000,0,0.02300000,32364.9400
1626225723013000,0,0.00200000,32365.7900
1626225724984000,0,0.00200000,32365.7100
1626225726689000,0,0.00200000,32360.9900
1626225726995000,0,0.00200000,32361.4900
1626225727196000,0,0.00200000,32361.4400
1626225733185000,0,0.00200000,32362.2800
1626225737658000,0,0.00200000,32361.6700
1626225748672000,0,0.00100000,32348.1900
1626225750654000,0,0.00400000,32345.6500
1626225768420000,0,0.00311000,32330.7700
1626225770606000,1,0.05000000,32323.2300
1626225783609000,0,0.02715000,32337.1900
1626225785212000,0,0.00296000,32342.4800
1626225798484000,0,0.00200000,32335.8900
1626225804451000,0,0.00222000,32358.2700
1626225811327000,1,0.20381000,32354.2400
1626225811992000,1,0.09619000,32354.2400
1626225824197000,0,0.33507890,32358.2200
1626225824197000,0,0.12833550,32358.6500
1626225824197000,0,0.03658560,32360.4300
1626225838722000,0,0.00441000,32360.4300
1626225840192000,0,0.96595678,32362.0900
1626225840555000,0,0.03404000,32362.0800
1626225847910000,0,0.01182000,32365.1900
1626225856593000,1,0.10000000,32362.2400
1626225872071000,1,0.10000000,32364.5400
1626225884901000,1,0.00154631,32358.2600
1626225885255000,1,0.01480500,32358.2600
1626225885389000,1,0.00747100,32358.2600
1626225887817000,0,0.01700000,32358.2600
1626225887844000,0,0.00797336,32358.2600
1626225897422000,1,0.10000000,32351.0800
1626225897422000,1,0.15447624,32350.5800
1626225897422000,1,0.04000000,32347.9700
1626225897422000,1,0.03408299,32344.6700
1626225897422000,1,0.96339376,32344.6600
1626225897422000,1,0.98279157,32344.6600
1626225897422000,1,0.30889392,32344.6500
1626225897422000,1,0.93009566,32342.9100
1626225897422000,1,0.97904842,32342.9000
1626225897422000,1,0.26932953,32342.8900
1626225897422000,1,0.53800000,32338.7800
1626225897422000,1,1.20000000,32338.1400
1626225897422000,1,0.93000000,32337.9800
1626225897422000,1,0.00621532,32336.1000
1626225897422000,1,0.06218438,32336.0900
1626225897422000,1,0.00621452,32335.9400
1626225897422000,1,0.40000000,32335.9300
1626225897422000,1,0.30898964,32334.7200
1626225897422000,1,0.03300000,32330.3500
1626225897422000,1,0.06246168,32327.0200
1626225897422000,1,0.46347151,32323.5400
1626225897422000,1,0.46344713,32321.5700
1626225897422000,1,2.70896236,32318.6000
1626225897771000,0,0.00288399,32371.8000
1626225903713000,0,0.00384000,32370.0400
1626225923847000,0,0.00300291,32360.1600
1626225937886000,0,0.00100000,32346.9300
1626225941204000,1,0.00375276,32330.4500
1626225943876000,0,0.00100000,32346.2500
1626225945861000,0,0.00200000,32346.5600
1626225950875000,0,0.00200000,32349.4500
1626225951538000,0,0.00299000,32349.0300
1626225955843000,0,0.00100000,32348.4200
1626225956254000,0,0.01523000,32350.4700
1626225963480000,1,0.00100000,32350.0600
1626225964844000,0,0.00200000,32350.6700
1626225970824000,0,0.00500000,32349.1600
1626225972750000,0,0.00151000,32349.2100
1626225975826000,0,0.00400000,32349.6600
1626225976858000,0,0.00200000,32349.6600
1626225980843000,0,0.00300000,32347.6600
1626225981018000,0,0.10000000,32347.3200
1626225982785000,0,0.02000000,32334.4800
1626225982858000,0,0.00100000,32334.4800
1626225983818000,0,0.00200000,32331.3700
1626225985183000,1,0.15463586,32320.1100
1626225985791000,0,0.05900000,32329.0300
1626225986819000,0,0.00300000,32329.0300
1626225987772000,0,0.00700000,32329.0300
1626225988721000,0,0.05200000,32327.4800
1626225988824000,0,0.00100000,32327.4800
1626225989723000,0,0.02000000,32329.0300
1626225990772000,0,0.00800000,32329.0300
1626225990839000,0,0.00200000,32329.0300
1626225991723000,0,0.02300000,32329.0300
1626225992782000,0,0.00500000,32324.1700
1626225992842000,0,0.00200000,32324.1700
1626225993731000,0,0.04200000,32324.1700
1626225994791000,0,0.01400000,32324.1700
1626225994851000,0,0.00200000,32324.1700
1626225995739000,1,1.45000000,32309.7700
1626225995739000,1,1.21648161,32309.2600
1626225995785000,0,0.02600000,32324.1700
1626225995825000,1,0.15467622,32309.2500
1626225995825000,1,0.00300000,32308.6500
1626225997783000,0,0.02300000,32328.1000
1626225998741000,0,0.01000000,32326.4200
1626225999762000,0,0.04500000,32326.0500
1626226000752000,0,0.02000000,32326.0500
1626226001778000,0,0.02000000,32327.5800
1626226006555000,0,0.00888000,32327.5800
1626226006780000,0,0.09300000,32327.5800
1626226007376000,0,0.07272258,32327.4500
1626226007376000,0,0.50001742,32327.4600
1626226007717000,0,0.01000000,32327.4600
1626226008771000,0,0.03400000,32327.5900
1626226010800000,0,0.01600000,32327.5900
1626226011742000,0,0.04300000,32327.4700
1626226028661000,0,0.04710000,32314.6500
1626226030586000,0,0.00166000,32314.6100
1626226040703000,0,0.13855073,32311.8600
1626226047985000,0,0.00342000,32322.1500
1626226050999000,0,0.00458000,32322.1500
1626226051173000,0,0.03300000,32327.5500
1626226051173000,0,0.32759470,32328.0600
1626226052087000,0,0.00800000,32330.2300
1626226068387000,0,0.00600000,32338.3100
1626226077398000,0,0.00300000,32338.3100
1626226095301000,0,0.00311000,32333.6200
1626226101949000,0,0.00201000,32333.6200
1626226144865000,1,0.02000000,32308.2200
1626226148036000,0,0.00579000,32320.1800
1626226156827000,0,0.00200000,32320.1800
1626226188920000,0,0.00747000,32345.7800
1626226197463000,0,0.00597000,32353.3300
1626226201812000,0,1.20000000,32353.0200
1626226201812000,0,0.16950036,32353.3200
1626226218170000,0,0.00296000,32330.1800
1626226225646000,0,0.00155000,32318.9800
1626226232752000,0,0.00165000,32319.6600
1626226237828000,0,0.00200000,32319.6500
1626226243859000,0,0.00100000,32319.6500
1626226246830000,0,0.00200000,32319.6400
1626226249845000,0,0.00100000,32319.3800
1626226252828000,0,0.00300000,32319.3100
1626226261046000,1,0.00500000,32300.0000
1626226262838000,0,0.00100000,32303.0800
1626226270971000,0,0.00466000,32304.3800
1626226285716000,1,0.10000000,32306.2800
1626226328457000,0,0.19300000,32310.8800
1626226328582000,0,0.00800000,32312.7500
1626226372791000,0,0.00100000,32320.7400
1626226379454000,0,0.00389000,32320.7400
1626226380116000,0,0.00211000,32320.7400
1626226380511000,0,0.00800000,32328.8200
1626226381796000,0,0.00100000,32336.9000
1626226381823000,0,0.00600000,32336.9000
1626226382006000,0,0.02066000,32338.6100
1626226387163000,1,0.00099500,32336.9000
1626226393474000,1,0.01850972,32309.3700
1626226393495000,1,0.05249028,32309.3700
1626226396188000,1,0.20300000,32294.1900
1626226406972000,1,0.03069999,32272.5400
1626226406972000,1,0.00000001,32272.5400
1626226421886000,0,0.01075000,32292.3800
1626226436907000,0,0.00164000,32292.6400
1626226462673000,0,0.00155000,32325.8300
1626226467954000,0,0.04439000,32338.1800
1626226475503000,0,0.00100000,32338.1800
1626226506340000,1,0.10000000,32317.8900
1626226506340000,1,0.12120665,32317.7500
1626226506340000,1,0.00994646,32313.6800
1626226506340000,1,0.86950000,32307.0700
1626226506340000,1,0.46200000,32306.5200
1626226506340000,1,0.04000000,32302.4800
1626226506340000,1,0.31199950,32302.3300
1626226506340000,1,0.06279179,32297.2100
1626226506340000,1,0.23967258,32295.4200
1626226506340000,1,0.09875105,32295.4100
1626226528219000,0,0.16017764,32351.2600
1626226528783000,0,0.00400000,32351.2600
1626226543997000,0,0.00111875,32372.5500
1626226543997000,0,0.17888125,32375.1000
1626226544000000,0,0.23000000,32375.1000
1626226544000000,0,0.20000000,32375.1000
1626226544057000,0,0.23967258,32375.0900
1626226544057000,0,0.18032742,32379.2000
1626226544063000,0,0.27000000,32379.2000
1626226544067000,0,0.17000000,32379.2000
1626226544132000,0,0.23000000,32379.1900
1626226544133000,0,0.15000000,32379.1900
1626226544139000,0,0.15000000,32379.1900
1626226549140000,0,0.05000000,32399.3700
1626226553991000,1,0.01700000,32407.0200
1626226554805000,0,0.00300000,32409.3500
1626226555859000,1,0.00400000,32411.8000
1626226557136000,0,0.00266000,32411.5900
1626226557163000,1,0.15429976,32379.0200
1626226557176000,1,0.00635397,32372.5400
1626226557176000,1,0.16889161,32372.5300
1626226557406000,1,0.01588816,32366.7700
1626226557564000,1,0.04131101,32359.9000
1626226557790000,1,0.00635397,32355.9400
1626226557790000,1,0.01588816,32352.8200
1626226557790000,1,0.03250000,32352.8100
1626226557790000,1,0.00635527,32351.2600
1626226557790000,1,1.38890260,32351.2500
1626226557894000,1,0.06109740,32351.2500
1626226570636000,0,0.00100000,32384.6700
1626226585834000,0,0.00100000,32376.9500
1626226594263000,0,0.00295000,32384.6600
1626226596146000,1,0.00154542,32376.3100
1626226597416000,1,0.03000000,32398.4000
1626226598256000,1,0.00115766,32386.3100
1626226598393000,0,0.02000000,32410.6700
1626226616954000,0,0.00063725,32429.0000
1626226616954000,0,0.00001300,32429.0000
1626226616954000,0,0.00071429,32440.9800
1626226616954000,0,0.01863546,32444.5000
1626226630218000,1,0.20000000,32398.9300
1626226637656000,1,0.00100000,32406.2400
1626226641982000,0,0.00295000,32402.1300
1626226642536000,1,0.00200000,32400.0300
1626226642729000,1,0.00200000,32400.1800
1626226648825000,1,0.00500000,32401.4100
1626226651746000,0,0.00300000,32401.0700
1626226654663000,0,0.00300000,32399.5400
1626226658831000,1,0.00200000,32399.4800
1626226659824000,1,0.00200000,32399.4800
1626226661530000,1,0.00200000,32395.5300
1626226662829000,1,0.00200000,32394.2700
1626226664827000,1,0.00100000,32393.4600
1626226666662000,0,0.00300000,32392.9500
1626226667093000,0,0.02421000,32392.4500
1626226671832000,1,0.00400000,32393.4600
1626226681984000,0,0.00100000,32389.4400
1626226682045000,0,0.01700000,32389.4400
1626226682432000,0,0.00100000,32395.4700
1626226690026000,0,0.02900000,32408.7700
1626226691792000,1,0.00310700,32390.1000
1626226692023000,0,0.03300000,32410.3800
1626226697591000,1,0.00100000,32418.8500
1626226700991000,0,0.00100000,32413.7500
1626226708856000,0,0.01063000,32410.2200
1626226732071000,0,0.00186000,32438.2700
1626226737675000,0,0.00619000,32438.2700
1626226741991000,0,0.00100000,32441.0300
1626226743990000,0,0.00200000,32443.7500
1626226749995000,0,0.00200000,32442.7000
1626226752135000,1,0.03200000,32432.1200
1626226752137000,1,0.00200000,32432.1200
1626226753031000,0,0.01800000,32430.1700
1626226759593000,1,0.00100000,32431.2200
1626226759593000,1,0.00100000,32431.1200
1626226762084000,1,0.00100000,32431.1200
1626226762084000,1,0.08500000,32431.1200
1626226766186000,0,0.00177000,32426.2900
1626226787427000,0,0.00200000,32414.9800
1626226806653000,0,0.00152000,32431.5400
1626226831844000,0,0.02916101,32388.0900
1626226837809000,0,0.00100000,32393.5100
1626226838661000,0,0.00149000,32392.8100
1626226842335000,0,0.01742900,32394.0600
1626226849176000,1,0.01740489,32374.8100
1626226854837000,0,0.00400000,32394.0600
1626226856732000,0,0.01740490,32393.6000
1626226857828000,0,0.00200000,32394.0600
1626226861813000,0,0.00300000,32403.6700
1626226863812000,0,0.00100000,32403.6700
1626226865806000,0,0.00200000,32403.6700
1626226866193000,1,0.01504500,32382.0200
1626226868111000,0,0.00100000,32403.6300
1626226873184000,0,0.00100000,32403.6300
1626226876372000,0,0.01494258,32403.6300
1626226876584000,0,0.01800000,32403.6300
1626226879582000,0,0.03200000,32403.6300
1626226892587000,0,0.01400000,32393.3800
1626226903631000,0,0.09100000,32402.1500
1626226904578000,0,0.03500000,32402.1500
1626226904656000,0,0.10900000,32402.1500
1626226905032000,0,0.00200000,32402.1500
1626226905582000,0,0.01800000,32402.1500
1626226905644000,0,0.01900000,32402.1500
1626226906627000,0,0.02600000,32402.2500
1626226908634000,0,0.02600000,32402.2500
1626226909633000,0,0.03300000,32402.1800
1626226910490000,0,0.00295000,32402.2500
1626226910628000,0,0.01000000,32402.1300
1626226911404000,0,0.00886000,32402.1300
1626226911634000,0,0.02400000,32402.1300
1626226912034000,0,0.00200000,32402.1300
1626226927689000,1,0.06400000,32398.9500
1626226957890000,0,0.00118000,32416.3000
1626226961076000,0,0.01549000,32416.3100
1626226984726000,1,0.01605000,32402.1300
1626226985673000,0,0.00155000,32413.3900
1626227003664000,0,0.00168259,32408.1900
1626227005460000,1,0.00000227,32402.1300
1626227033323000,0,0.29133511,32402.1300
1626227033329000,0,0.17540152,32402.1300
1626227033331000,0,0.08842011,32402.1300
1626227033339000,0,0.08252544,32402.1300
1626227033340000,0,0.25288153,32402.1300
1626227033385000,0,0.10610413,32402.1300
1626227033441000,0,0.30000000,32402.1300
1626227033510000,0,0.54105000,32402.1300
1626227033589000,0,0.35000000,32402.1300
1626227033659000,0,0.90000000,32402.1300
1626227033730000,0,0.50000000,32402.1300
1626227033797000,0,0.60000000,32402.1300
1626227033867000,0,0.18995819,32402.1300
1626227040462000,0,0.14149378,32402.1300
1626227040465000,0,1.00036310,32402.1300
1626227040469000,0,0.25000000,32402.1300
1626227040479000,0,0.25569153,32402.1300
1626227040482000,0,0.15319209,32402.1300
1626227040516000,0,0.09302938,32402.1300
1626227040520000,0,0.28354463,32402.1300
1626227040526000,0,0.15425226,32402.1300
1626227040531000,0,0.13815141,32402.1300
1626227040544000,0,0.30000000,32402.1300
1626227040558000,0,0.25170259,32402.1300
1626227040626000,0,0.25000000,32402.1300
1626227040644000,0,0.03400000,32402.1300
1626227040673000,0,1.08908999,32402.1300
1626227054404000,0,0.00894000,32418.3600
1626227072765000,0,0.08849000,32433.9000
1626227074189000,0,0.00464000,32433.8900
1626227082913000,0,0.00894000,32424.2900
1626227083013000,0,0.00885000,32421.0000
1626227096887000,1,0.25000000,32408.1300
1626227096892000,1,0.01156094,32408.1300
1626227096929000,1,0.15422417,32405.4500
1626227096957000,1,0.23132545,32403.0700
1626227101352000,0,0.00200000,32411.1900
1626227103862000,0,0.00354000,32401.1000
1626227104350000,0,0.00200000,32402.1700
1626227118389000,0,0.17306738,32409.2500
1626227123819000,0,0.08856000,32409.5700
1626227130647000,0,0.00300000,32411.0000
1626227133650000,0,0.00200000,32417.1500
1626227134723000,0,0.00200000,32417.1500
1626227135830000,0,0.00200000,32423.7800
1626227135915000,0,0.02900000,32423.7300
1626227135982000,0,0.00400000,32423.7300
1626227138707000,0,0.00100000,32439.7600
1626227141678000,0,0.00100000,32447.2300
1626227142653000,0,0.00200000,32447.2300
1626227142817000,0,0.00100000,32447.2300
1626227142876000,0,0.01700000,32447.2300
1626227142959000,0,0.00600000,32447.2300
1626227145989000,0,0.00400000,32445.2600
1626227146381000,0,0.00885000,32445.8000
1626227146817000,0,0.00200000,32445.8000
1626227151954000,0,0.00200000,32444.8400
1626227175549000,0,0.00418000,32440.1600
1626227178325000,0,0.15079833,32424.9800
1626227207374000,1,0.15415435,32422.6100
1626227214958000,0,0.08018870,32438.0000
1626227227831000,0,0.00393000,32447.7000
1626227230051000,1,0.10000000,32441.4400
1626227234055000,1,0.10000000,32442.2800
1626227235365000,1,0.05310000,32437.0300
1626227236387000,1,0.00100000,32449.5500
1626227247177000,0,0.00428000,32453.0500
1626227263737000,1,0.02240000,32442.6600
1626227267551000,0,0.00737000,32453.9900
1626227280683000,0,0.00232000,32458.7700
1626227296119000,0,0.09200000,32477.9600
1626227297103000,0,0.01000000,32479.5800
1626227298113000,0,0.00400000,32479.6300
1626227299082000,0,0.01000000,32479.6300
1626227300230000,1,0.01100000,32478.4000
1626227301114000,1,0.01600000,32468.9800
1626227302043000,0,0.00400000,32473.8500
1626227303076000,0,0.00400000,32473.8500
1626227304204000,1,0.02300000,32481.7700
1626227306059000,0,0.01200000,32482.6200
1626227307042000,0,0.01000000,32482.6200
1626227310112000,0,0.00065027,32489.0000
1626227310112000,0,0.00240000,32490.0600
1626227310112000,0,0.00694973,32496.2200
1626227311040000,0,0.00450000,32493.9700
1626227311040000,0,0.00650000,32496.9200
1626227315044000,0,0.02000000,32499.2900
1626227316039000,0,0.02800000,32498.6900
1626227317252000,0,0.02491000,32495.1300
1626227317849000,1,0.00100000,32494.3400
1626227318095000,0,0.01000000,32489.2600
1626227336739000,0,0.02732514,32470.4600
1626227347829000,0,0.03600000,32454.0700
1626227348825000,0,0.04300000,32452.9000
1626227349148000,0,0.01573364,32454.0200
1626227349252000,0,0.01150052,32454.0200
1626227349810000,0,0.01000000,32454.0000
1626227350385000,0,0.00100000,32454.0200
1626227350823000,0,0.02400000,32454.0700
1626227351841000,0,0.00500000,32454.0700
1626227352802000,0,0.03000000,32453.7400
1626227353821000,0,0.01700000,32453.4200
1626227354813000,0,0.01600000,32454.0000
1626227355810000,0,0.00700000,32454.0000
1626227356812000,0,0.02100000,32453.9800
1626227357816000,0,0.01900000,32454.0000
1626227358819000,0,0.01200000,32454.0000
1626227359823000,0,0.02700000,32454.0700
1626227360824000,0,0.01700000,32454.0700
1626227361797000,0,0.01800000,32454.0700
1626227362801000,0,0.01700000,32454.0700
1626227366029000,1,0.15408000,32433.1100
1626227369991000,0,0.00340000,32448.7900
1626227391920000,0,0.02100000,32434.2400
1626227395782000,0,0.00300000,32437.2600
1626227395987000,0,0.01200000,32437.2600
1626227396968000,0,0.01100000,32437.2600
1626227397724000,0,0.00200000,32437.2600
1626227397911000,0,0.01000000,32437.2600
1626227398912000,0,0.01100000,32437.2600
1626227399913000,0,0.01100000,32437.2600
1626227401967000,0,0.00400000,32437.2600
1626227407516000,0,0.00298000,32432.7000
1626227411938000,0,0.00600000,32433.1000
1626227424281000,0,0.91385262,32431.4500
1626227424281000,0,0.10758527,32431.7300
1626227432532000,0,0.00147000,32433.0400
1626227446685000,1,0.15418231,32416.3000
1626227446796000,1,0.23127346,32412.2900
1626227446796000,1,0.01650000,32412.2900
1626227456473000,1,0.15267256,32424.2700
1626227456473000,1,0.04000000,32420.8700
1626227456473000,1,0.15414885,32419.3400
1626227456473000,1,0.23126668,32412.2500
1626227456473000,1,0.93000000,32411.2700
1626227456546000,0,0.00100000,32409.8400
1626227456551000,0,0.76858000,32409.8400
1626227456552000,0,0.10000000,32409.8400
1626227456555000,0,0.90000000,32409.8400
1626227456556000,0,0.93000000,32409.8400
1626227456565000,0,0.72668698,32409.8400
1626227481405000,0,0.01543700,32426.1900
1626227486050000,0,0.01439207,32426.1900
1626227489758000,0,0.03066700,32437.2600
1626227490606000,0,0.00463636,32437.2600
1626227522184000,0,0.00200000,32423.9700
1626227530147000,0,0.00100000,32422.2900
1626227530214000,0,0.00200000,32421.7900
1626227535040000,0,0.04666661,32423.3400
1626227558595000,0,0.00200000,32423.2200
1626227561628000,0,0.00100000,32423.2200
1626227567362000,0,1.19700000,32423.2200
1626227567362000,0,0.38540000,32423.3700
1626227567362000,0,0.95006640,32423.9100
1626227567362000,0,0.93528515,32424.4100
1626227567362000,0,0.19230000,32425.2000
1626227567362000,0,0.24702099,32426.8800
1626227567362000,0,0.15423943,32427.9000
1626227567362000,0,0.12656947,32429.1800
1626227567362000,0,0.94691557,32430.9500
1626227567362000,0,0.03300000,32430.9600
1626227567362000,0,0.95632297,32431.2900
1626227567362000,0,0.04000000,32432.1600
1626227567362000,0,0.23137947,32433.3500
1626227567362000,0,0.30848932,32436.2700
1626227567362000,0,0.08736100,32436.7000
1626227567362000,0,6.47983673,32437.2600
1626227567362000,0,0.96481000,32437.7700
1626227567362000,0,6.88400350,32439.2000
1626227608785000,0,0.00500000,32432.5100
1626227615872000,0,0.00596000,32432.3400
1626227629830000,1,0.01000000,32411.1100
1626227631774000,0,0.04600000,32411.1100
1626227632087000,0,0.02485400,32411.1100
1626227632799000,0,0.02200000,32411.1100
1626227633769000,0,0.01500000,32411.1100
1626227634781000,0,0.03100000,32411.1100
1626227635786000,0,0.01000000,32411.1100
1626227636764000,0,0.03300000,32411.1100
1626227637762000,0,0.02600000,32411.1100
1626227660754000,0,3.21000000,32411.1100
1626227676935000,0,0.00155000,32411.1100
1626227725510000,0,0.70000000,32389.3700
1626227727810000,0,0.00600000,32389.3700
1626227729325000,0,0.00100000,32389.3700
1626227732889000,0,0.00300000,32389.3700
1626227733813000,0,0.00300000,32389.3700
1626227734830000,0,0.00100000,32389.3700
1626227735240000,0,0.00100000,32389.3700
1626227735821000,0,0.00200000,32389.3700
1626227738828000,0,0.00300000,32389.3700
1626227739306000,0,0.00930000,32389.3700
1626227739499000,0,0.04431000,32389.3700
1626227739803000,0,0.00200000,32389.3700
1626227741778000,0,0.55000000,32389.3700
1626227741791000,0,0.24577490,32389.3700
1626227741805000,0,1.20418982,32389.3700
1626227750322000,0,0.03954093,32403.8000
1626227750922000,1,0.00154582,32387.3200
1626227755323000,0,0.00154324,32401.2100
1626227767274000,1,0.15436972,32384.4800
1626227767534000,1,0.15436972,32384.4800
1626227791002000,0,0.00186000,32391.3200
1626227795732000,1,0.09270293,32368.4700
1626227795733000,1,0.06171693,32368.4700
1626227795790000,1,0.10000000,32368.9700
1626227795790000,1,0.13163317,32364.3100
1626227795812000,1,0.10000000,32364.3100
1626227795818000,1,0.00597402,32361.5000
1626227795841000,1,0.08898300,32358.6200
1626227795841000,1,0.35077673,32358.5000
1626227795895000,1,0.10000000,32368.4700
1626227795901000,1,0.05441986,32368.4700
1626227795902000,1,0.12786720,32358.5000
1626227795905000,1,0.13672215,32358.5000
1626227795910000,1,0.22188606,32358.5000
1626227795914000,1,0.04329786,32358.5000
1626227795916000,1,0.00654533,32357.0800
1626227797910000,1,0.02000000,32333.2700
1626227806931000,1,0.14310757,32335.5500
1626227816322000,1,0.02000000,32328.0500
1626227826746000,1,0.30199794,32328.0500
1626227835604000,0,0.00300000,32328.0500
1626227842586000,0,0.00100000,32328.0500
1626227846510000,1,0.00065027,32320.0000
1626227846510000,1,0.01441453,32309.3800
1626227847599000,0,0.00100000,32328.0500
1626227849496000,0,0.00300000,32328.0500
1626227854543000,0,0.20000000,32328.0500
1626227856586000,0,0.00100000,32328.0500
1626227861231000,0,0.80000000,32328.0500
1626227861310000,0,0.35000000,32328.0500
1626227861330000,0,1.06474217,32328.0500
1626227861340000,0,0.10218061,32328.0500
1626227861351000,0,0.11400316,32328.0500
1626227861353000,0,0.39098863,32328.0500
1626227861374000,0,0.24320676,32328.0500
1626227861906000,0,0.25502930,32328.0500
1626227861915000,0,0.60801687,32328.0500
1626227861916000,0,0.25000000,32328.0500
1626227861917000,0,0.07600211,32328.0500
1626227861918000,0,0.11484764,32328.0500
1626227861923000,0,1.00026542,32328.0500
1626227861996000,0,0.70000000,32328.0500
1626227862032000,0,1.00031941,32328.0500
1626227862084000,0,0.15955676,32328.0500
1626227862093000,0,0.15000000,32328.0500
1626227862106000,0,0.25013313,32328.0500
1626227862113000,0,0.25013314,32328.0500
1626227862120000,0,0.12518335,32328.0500
1626227862166000,0,0.38447802,32328.0500
1626227862166000,0,0.60088492,32330.1500
1626227897703000,1,0.01972300,32354.0400
1626227897724000,0,0.01491030,32345.3700
1626227918919000,0,0.00100000,32347.7900
1626227919914000,0,0.00200000,32341.4200
1626227940338000,0,0.00155000,32371.7600
1626227952944000,0,0.01050000,32366.1700
1626227964055000,0,0.00125000,32371.6200
1626227966434000,0,0.00287307,32371.7600
1626227980943000,0,0.00300000,32373.3500
1626227983939000,0,0.00800000,32378.4200
1626227985984000,0,0.00500000,32378.4200
1626227987044000,0,0.01431831,32383.6200
1626227987945000,0,0.00400000,32379.9500
1626227988978000,0,0.00500000,32379.9500
1626227989917000,0,0.00300000,32384.4000
1626227990927000,0,0.00100000,32376.9800
1626227991987000,0,0.00300000,32376.9800
1626227992588000,0,0.00300000,32376.9800
1626227992982000,0,0.00400000,32376.9800
1626227993934000,0,0.00300000,32371.8400
1626227994607000,0,0.00200000,32371.8400
1626227995610000,0,0.00200000,32371.8400
1626227995925000,0,0.00600000,32371.8400
1626227997983000,0,0.00500000,32371.8400
1626227998571000,0,0.00100000,32371.8400
1626227998963000,0,0.00300000,32371.8400
1626228000910000,0,0.00600000,32378.8700
1626228001588000,0,0.00100000,32378.8700
1626228001917000,0,0.00200000,32378.8700
1626228002910000,0,0.00300000,32384.5100
1626228004574000,0,0.00300000,32374.6600
1626228004986000,0,0.00500000,32374.6600
1626228005939000,0,0.00400000,32368.7000
1626228006569000,0,0.00200000,32368.7000
1626228008132000,1,0.00200000,32369.8900
1626228008569000,0,0.00200000,32365.4700
1626228008981000,0,0.00300000,32365.4700
1626228009916000,0,0.00500000,32358.7600
1626228010582000,0,0.00200000,32358.7600
1626228014586000,0,0.00100000,32362.8800
1626228015608000,0,0.00200000,32362.8800
1626228017751000,0,0.00325000,32357.9200
1626228018586000,0,0.00200000,32357.9200
1626228019869000,0,0.01551000,32357.9200
1626228020190000,0,0.01300000,32357.9200
1626228021190000,0,0.02800000,32357.9200
1626228022188000,0,0.01500000,32357.9200
1626228022270000,0,0.00100000,32357.9200
1626228030193000,0,0.00100000,32354.1300
1626228032188000,0,0.02800000,32354.1300
1626228033197000,0,0.01100000,32354.1300
1626228034194000,0,0.01000000,32347.7700
1626228034322000,0,0.00200000,32347.7700
1626228035345000,1,0.15452449,32341.1600
1626228035345000,1,0.23180865,32341.1500
1626228035734000,1,0.30900158,32334.9600
1626228035930000,1,0.15457461,32336.2700
1626228037169000,0,0.04300000,32338.0300
1626228037575000,0,0.00200000,32349.3600
1626228037760000,0,0.00200000,32349.3600
1626228038170000,0,0.01300000,32349.3600
1626228041189000,0,0.05200000,32351.0400
1626228041561000,0,0.00226000,32354.2100
1626228043754000,0,0.00300000,32352.3600
1626228044191000,0,0.06600000,32352.3600
1626228047087000,0,0.01479000,32353.2200
1626228048776000,0,0.00300000,32353.1500
1626228048865000,0,0.02200000,32353.1500
1626228051583000,0,0.00700000,32352.4500
1626228054588000,0,0.00200000,32352.4500
1626228055890000,0,0.01700000,32358.6200
1626228056099000,1,0.00300000,32358.0400
1626228056677000,1,0.00100000,32358.2000
1626228057132000,1,0.00200000,32358.2100
1626228057924000,0,0.00200000,32360.2400
1626228058027000,0,0.00200000,32360.2400
1626228058583000,0,0.00200000,32360.2400
1626228058905000,0,0.00300000,32360.2400
1626228060907000,1,0.00300000,32359.8000
1626228061023000,0,0.00100000,32350.5700
1626228061055000,0,0.00535000,32350.5700
1626228062109000,0,0.00200000,32358.7300
1626228063597000,0,0.00200000,32360.4800
1626228063867000,0,0.00700000,32360.4800
1626228064881000,0,0.00300000,32360.4800
1626228065583000,0,0.00100000,32360.4800
1626228065890000,0,0.00100000,32378.0400
1626228067494000,1,0.10000000,32364.8000
1626228067913000,0,0.00500000,32370.3100
1626228068043000,0,0.00100000,32370.3100
1626228069857000,0,0.00300000,32370.3100
1626228070030000,0,0.00100000,32370.3100
1626228070280000,1,0.10000000,32360.9300
1626228072024000,0,0.00200000,32365.1800
1626228074388000,1,0.01431831,32351.5500
1626228078027000,0,0.00100000,32367.1700
1626228080053000,0,0.00200000,32367.1700
1626228097396000,0,0.00500000,32388.2900
1626228102386000,0,0.00300000,32382.5000
1626228106710000,0,0.00293000,32393.0700
1626228109791000,0,0.00298000,32393.2000
1626228128483000,0,0.02412965,32403.8900
1626228141524000,0,0.00136000,32411.2400
1626228144386000,0,0.01417000,32414.0400
1626228153470000,0,0.01040523,32414.0300
1626228158044000,1,0.15422052,32404.9200
1626228158079000,1,0.23132294,32401.9600
1626228168584000,0,0.00100000,32410.2000
1626228171551000,0,0.01240000,32411.7600
1626228199415000,0,0.08685934,32429.2100
1626228206989000,0,0.00100000,32425.8600
1626228208986000,0,0.00300000,32425.8600
1626228228608000,0,0.00526000,32453.9100
1626228239895000,0,1.20000000,32460.9400
1626228239895000,0,0.00899000,32463.5300
1626228239895000,0,0.97222508,32467.0500
1626228239895000,0,0.93083029,32467.0500
1626228239895000,0,0.90590738,32467.0500
1626228239895000,0,0.19204725,32467.0600
1626228245276000,0,0.00306476,32465.7800
1626228247980000,0,0.00118000,32464.2100
1626228264537000,1,0.15408000,32439.2300
1626228274576000,0,0.00265000,32455.2900
1626228275882000,0,0.00118000,32454.8500
1626228280984000,0,0.00123000,32466.9000
1626228312847000,0,0.00426000,32465.7300
1626228316483000,1,0.15405610,32446.0500
1626228323065000,1,0.00976847,32446.0500
1626228323065000,1,0.15406149,32445.5300
1626228326123000,0,0.00560000,32462.6600
1626228333779000,1,0.12437136,32441.2400
1626228333829000,1,0.02971109,32441.2400
1626228333897000,1,0.10674075,32438.9600
1626228333924000,1,0.12227411,32438.9600
1626228334503000,1,0.03263708,32433.2100
1626228338151000,0,0.04000000,32449.8200
1626228338151000,0,0.22005804,32449.8200
1626228338151000,0,0.15895573,32456.6100
1626228358705000,1,0.13009363,32438.6500
1626228361032000,0,0.00088000,32451.4000
1626228372604000,0,0.10000000,32453.6000
1626228372604000,0,1.20000000,32454.1100
1626228372604000,0,1.45000000,32454.1700
1626228372604000,0,0.04000000,32455.2500
1626228372604000,0,0.15413220,32456.9900
1626228372604000,0,0.03000000,32458.0300
1626228372604000,0,0.90421095,32459.7100
1626228372604000,0,0.93750129,32459.7200
1626228372604000,0,1.20000000,32459.7300
1626228372604000,0,1.19415556,32460.8300
1626228372752000,0,0.09622752,32453.5900
1626228372752000,0,0.05119248,32453.5900
1626228375965000,0,0.00759000,32453.5300
1626228396880000,1,0.15201891,32431.3800
1626228396901000,1,0.00213267,32431.3800
1626228401670000,0,0.00402000,32439.2800
1626228408147000,0,0.00284000,32437.9400
1626228408740000,0,0.02087353,32432.9200
1626228410771000,0,0.03201160,32432.9100
1626228412698000,0,0.00400000,32427.2100
1626228416178000,0,0.00356000,32418.5400
1626228420924000,0,0.00703000,32419.4700
1626228427774000,1,0.01558601,32421.6100
1626228427821000,0,0.03401837,32426.6400
1626228447280000,0,0.00177772,32440.6100
1626228474708000,1,0.00527597,32420.5900
1626228475283000,1,0.00153361,32421.0900
1626228485885000,1,0.00154340,32421.1000
1626228486468000,1,0.00154377,32421.1000
1626228505260000,0,0.00257488,32437.5500
1626228517130000,1,0.10000000,32420.5900
1626228521388000,1,0.28500000,32417.0400
1626228523332000,0,0.00929000,32423.3100
1626228527304000,0,0.01475000,32430.2600
1626228539825000,0,0.00745000,32423.2600
1626228547129000,0,0.00929000,32404.1800
1626228562371000,0,0.00200000,32414.9400
1626228567500000,0,0.00310000,32416.3300
1626228575520000,0,0.19250000,32412.0000
1626228575520000,0,0.12246049,32412.4900
1626228575520000,0,0.38550000,32413.3700
1626228575520000,0,0.04000000,32414.9400
1626228575520000,0,1.20000000,32415.6800
1626228575520000,0,0.10952160,32419.1100
1626228610214000,0,0.01286000,32411.8600
1626228636183000,0,0.01000000,32404.6900
1626228637165000,0,0.00400000,32404.6900
1626228638086000,1,0.10000000,32390.8000
1626228638086000,1,0.01708766,32390.7000
1626228638170000,0,0.00200000,32404.6900
1626228640182000,0,0.00700000,32404.6900
1626228641687000,0,0.00675000,32404.6900
1626228642185000,0,0.00200000,32404.6900
1626228643185000,0,0.00500000,32404.6900
1626228670836000,0,0.04000000,32416.8700
1626228670836000,0,0.03378000,32420.1900
1626228681043000,0,0.01448962,32425.9600
1626228684882000,0,0.00295000,32426.4500
1626228690438000,0,0.00164000,32427.1400
1626228715348000,0,0.02949000,32438.0100
1626228749402000,1,0.00776683,32395.4900
1626228749991000,1,0.00154281,32395.4900
1626228757056000,0,0.00310000,32428.4800
1626228758126000,1,0.10000000,32412.6300
1626228764445000,0,0.00296000,32422.5000
1626228789469000,0,0.00331000,32422.2900
1626228798491000,0,0.00181000,32423.8500
1626228844841000,0,0.00442000,32440.1600
1626228869318000,0,0.15417971,32443.8100
1626228869320000,0,0.23126684,32447.5200
1626228869459000,0,0.11757900,32447.4800
1626228870552000,0,0.00298000,32465.9400
1626228872065000,0,0.00464000,32476.3100
1626228872609000,0,0.07733000,32476.3100
1626228885437000,0,0.00480000,32463.8200
1626228890109000,0,0.01237000,32465.7100
1626228939785000,0,0.00065027,32489.0000
1626228939785000,0,0.01734973,32491.8600
1626228941749000,0,0.15393299,32502.0100
1626228941749000,0,0.08757900,32503.9800
1626228941749000,0,0.04000000,32504.4700
1626228941749000,0,0.07624586,32505.8900
1626228941749000,0,0.03000000,32505.9000
1626228941749000,0,0.60502520,32506.3400
1626228964729000,0,0.00294000,32495.0200
1626228995875000,0,0.01767000,32496.3000
1626228997968000,0,0.00300000,32495.6200
1626229022620000,1,0.00125266,32477.8800
1626229043319000,0,0.00141000,32501.0500
1626229048094000,1,0.03100000,32485.8400
1626229053576000,0,0.00574049,32496.7000
1626229098191000,0,0.03560707,32505.8900
1626229100107000,0,0.00451000,32510.5200
1626229100766000,0,0.02000000,32510.4700
1626229122437000,0,0.12161494,32524.2800
1626229122437000,0,0.25838506,32524.9600
1626229157561000,0,0.01300000,32497.6900
1626229157917000,0,0.04000000,32502.3300
1626229157917000,0,0.00710000,32505.9700
1626229204414000,0,0.00124000,32496.3200
1626229215562000,1,0.01842000,32495.9800
1626229216208000,1,0.00000042,32495.9800
1626229218633000,0,0.01761803,32500.2200
1626229218753000,0,0.00677656,32500.2200
1626229241568000,0,0.00863000,32473.2400
1626229246153000,0,0.13288002,32465.2700
1626229246153000,0,0.38460000,32466.1800
1626229246153000,0,0.03094173,32468.6100
1626229248437000,0,0.00793300,32452.5100
1626229260408000,0,0.01179000,32474.0400
1626229311863000,0,0.00294000,32488.7300
1626229337694000,0,0.07432000,32487.2800
1626229351492000,1,0.17592476,32462.2600
1626229407496000,0,0.15400886,32477.5400
1626229498625000,0,0.00191000,32477.1400
1626229535778000,1,0.14549000,32513.7100
1626229549198000,0,0.15380671,32522.4000
1626229549198000,0,0.13229139,32526.3800
1626229550392000,0,0.03862967,32522.4000
1626229564667000,1,0.00153935,32500.7900
1626229565345000,1,0.00153935,32502.2700
1626229610422000,1,0.03585500,32506.5400
1626229659504000,0,0.00309000,32524.1200
1626229659523000,0,0.00309000,32524.1200
1626229662305000,1,0.03181000,32524.1200
1626229664333000,0,0.00154000,32529.6200
1626229669898000,1,0.00000423,32524.1200
1626229673509000,0,0.00099577,32520.0700
1626229673509000,0,0.19180000,32528.7200
1626229673509000,0,0.04000000,32535.1100
1626229673509000,0,0.08757900,32537.4500
1626229673509000,0,0.20000000,32539.8300
1626229673509000,0,0.45590677,32539.8400
1626229673509000,0,0.00665946,32539.8400
1626229673646000,1,0.00100000,32529.4300
1626229684633000,0,0.11553514,32521.2500
1626229696601000,1,0.00046486,32524.2500
1626229696601000,1,0.15377229,32507.8400
1626229696787000,1,0.18635256,32506.6900
1626229698097000,0,0.00757000,32520.5200
1626229699229000,0,0.00294000,32520.5200
1626229701949000,0,0.00517000,32519.1100
1626229710639000,0,0.00165000,32521.8900
1626229748452000,0,0.00353000,32490.2800
1626229769353000,0,0.10000000,32486.8300
1626229769353000,0,0.12277646,32487.3300
1626229769353000,0,0.38440000,32487.3300
1626229769353000,0,0.19180000,32489.4100
1626229769353000,0,0.04000000,32490.5800
1626229769353000,0,0.11481820,32492.1500
1626229770110000,1,0.10000000,32478.8900
1626229784353000,0,0.00309000,32487.8200
1626229828098000,0,0.04000000,32453.9100
1626229828098000,0,0.06318000,32455.2100
1626229844753000,0,0.00619000,32465.2800
1626229852309000,0,0.05973931,32465.2600
1626229857575000,1,0.01093000,32445.2600
1626229866281000,0,0.01933000,32458.8300
1626229871259000,1,0.00000393,32445.2600
1626229889061000,1,0.01541368,32434.8100
1626229889634000,1,0.14336684,32453.2100
1626229900204000,0,0.00177000,32467.3700
1626229901981000,0,0.00295000,32463.7100
1626229930764000,1,0.11176409,32461.6800
1626229930767000,1,0.12464782,32461.6800
1626229947296000,0,0.00106455,32454.9100
1626229985794000,1,0.15920000,32473.0600
1626229987155000,0,0.02062000,32477.1400
1626230009042000,1,0.06900000,32468.5200
1626230029179000,0,0.00589000,32479.5700
1626230034923000,0,0.00421000,32465.4600
1626230040940000,0,0.01488000,32465.0100
1626230078154000,1,0.12005714,32446.2400
1626230078220000,1,0.07694286,32446.2400
1626230079457000,0,0.00958000,32449.7000
1626230088547000,0,0.00349000,32458.7300
1626230137550000,0,0.07507748,32455.2100
1626230137551000,0,0.07902797,32455.2100
1626230137651000,0,0.23113311,32460.6300
1626230179386000,1,0.00146180,32459.9200
1626230207140000,0,0.00884000,32476.7100
1626230213363000,0,0.00190475,32479.9100
1626230213384000,0,0.00000001,32479.9100
1626230221713000,0,0.01364000,32503.0200
1626230224735000,0,0.00336000,32501.8700
1626230233104000,0,0.00085248,32491.6100
1626230292268000,0,0.19230000,32486.1100
1626230292268000,0,0.11398059,32489.4000
1626230293780000,0,0.00274000,32486.1100
1626230294623000,0,0.00431000,32487.6100
1626230298206000,0,0.07726000,32487.6100
1626230298226000,0,0.07726000,32487.6100
1626230311313000,0,0.00839000,32489.0100
1626230317940000,0,0.00192000,32482.9100
1626230354179000,0,0.00295000,32483.5000
1626230366398000,0,0.01353787,32485.7900
1626230374736000,0,0.01545000,32498.2200
1626230422575000,0,0.00590000,32497.2200
1626230448857000,0,0.00486000,32489.9600
1626230458808000,0,0.00736000,32485.4100
1626230471058000,1,0.10000000,32493.9100
1626230474844000,0,0.01354000,32507.8200
1626230488754000,1,0.03856012,32489.8700
1626230495043000,0,0.00270000,32517.2600
1626230506991000,0,0.00171318,32508.1100
1626230532068000,0,0.00100000,32496.9400
1626230546024000,1,0.02158304,32501.9900
1626230573440000,0,0.00220238,32518.8800
1626230573440000,0,0.00748762,32521.2900
1626230580345000,1,0.02561263,32497.5500
1626230594937000,0,0.00463000,32517.9800
1626230628418000,0,0.00147000,32518.6500
1626230671198000,0,0.00530000,32505.7900
1626230680564000,0,0.00454000,32513.6900
1626230752609000,0,0.00309000,32523.7600
1626230758234000,1,0.12588670,32515.3600
1626230758234000,1,0.10000000,32505.6400
1626230758234000,1,0.74629792,32505.1400
1626230801617000,0,0.00147000,32525.1300
1626230813458000,0,0.00177000,32524.2400
1626230814184000,0,0.15202072,32524.2400
1626230814253000,1,0.19797000,32524.2400
1626230814265000,1,0.00000928,32524.2400
1626230844370000,0,0.00265000,32516.8900
1626230845461000,0,0.00294000,32520.7600
1626230911889000,1,0.04000000,32488.8800
1626230913894000,0,0.00185000,32495.2400
1626230963616000,0,0.00442000,32487.8300
1626230976146000,0,0.00561000,32487.1400
1626230980207000,0,0.07118960,32488.0300
1626231036630000,0,0.00294000,32511.8600
1626231038044000,0,0.00177000,32511.8600
1626231045971000,0,0.00118000,32511.8600
1626231060910000,0,0.15384683,32516.7400
1626231060910000,0,0.23079824,32518.7600
1626231060910000,0,0.00132143,32518.8800
1626231060910000,0,0.02270685,32520.9300
1626231071113000,1,0.01035000,32499.4000
1626231095479000,1,0.00000019,32499.4000
1626231138673000,0,0.00460000,32507.8700
1626231149976000,0,0.00589000,32509.3800
1626231156893000,0,0.15387180,32507.6300
1626231156906000,0,0.23084636,32509.4400
1626231156930000,1,0.13209395,32503.7100
1626231158026000,1,0.14529885,32507.4100
1626231171268000,0,0.00306078,32517.8300
1626231182688000,0,0.05000000,32510.0000
1626231269471000,1,0.02662800,32506.5200
1626231275350000,0,0.03974499,32524.0300
1626231284092000,0,0.00151000,32528.7400
1626231287423000,0,0.01912000,32528.7400
1626231292520000,0,0.00964000,32528.7400
1626231318681000,0,0.00303000,32525.2100
1626231328917000,0,0.01030000,32517.5100
1626231353195000,0,0.00588000,32524.7200
1626231355523000,0,0.00153727,32524.7200
1626231361056000,0,0.14637837,32524.7200
1626231364775000,0,0.30946256,32536.3900
1626231388288000,0,0.00908000,32537.1900
1626231390369000,0,0.00882000,32535.0600
1626231475184000,0,0.00065029,32549.0000
1626231475184000,0,0.00132143,32557.9000
1626231492120000,1,0.25738054,32557.4800
1626231513889000,1,0.00970000,32553.0500
1626231514272000,1,0.73632026,32553.0400
1626231514274000,1,0.12579471,32553.0400
1626231527670000,0,0.00080000,32553.3900
1626231589630000,1,0.10000000,32531.1400
1626231589630000,1,0.15593733,32530.6400
1626231589630000,1,0.10081907,32525.6100
1626231606143000,0,0.00070545,32560.7200
1626231613122000,0,0.01210000,32580.5000
1626231616099000,0,0.00194283,32590.8600
1626231616099000,0,0.00132143,32596.9700
1626231616099000,0,0.00223574,32600.0900
1626231633127000,0,0.01346232,32584.2600
1626231648556000,1,0.02535400,32560.0100
1626231657986000,1,0.00080000,32564.7900
1626231658943000,0,0.01909000,32580.9800
1626231669260000,0,0.01132000,32586.8900
1626231674314000,0,0.03999483,32583.4900
1626231674327000,0,0.00000517,32583.4900
1626231674327000,0,0.01259455,32583.5000
1626231684873000,1,0.01826407,32535.6900
1626231685491000,0,0.02195300,32555.4800
1626231724002000,0,0.00259273,32554.9900
1626231738371000,0,0.04000000,32552.6800
1626231738371000,0,0.10000000,32554.3000
1626231738371000,0,0.10000000,32554.3100
1626231738371000,0,0.10000000,32554.8100
1626231738371000,0,0.41000000,32554.8200
1626231859273000,0,0.04220000,32528.5800
1626231875444000,0,0.15379037,32524.8100
1626231920287000,0,0.00463000,32510.9500
1626231969592000,1,0.00894000,32489.1800
1626231969984000,1,0.00000729,32489.1800
1626231969984000,1,0.47390574,32473.5900
1626231969984000,1,0.91094656,32472.5200
1626231969984000,1,0.99640792,32472.5200
1626231969984000,1,0.13160000,32472.0900
1626231969984000,1,0.50045962,32468.8700
1626231973316000,0,0.07866786,32506.4100
1626231980818000,1,0.01007900,32480.6000
1626231987580000,0,0.01200000,32495.3700
1626231988589000,0,0.08700000,32497.2700
1626231989586000,0,0.01800000,32497.5800
1626231991929000,1,0.00631944,32498.1200
1626231995555000,1,0.01100000,32489.4300
1626231996574000,0,0.02500000,32490.7700
1626232003882000,0,0.00155000,32488.8100
1626232020824000,0,0.01099941,32483.5600
1626232028780000,0,0.00152000,32477.0100
1626232033841000,0,0.01050017,32480.4000
1626232048327000,0,0.00324000,32485.1200
1626232052654000,0,0.00152000,32474.5600
1626232077405000,1,0.21400000,32466.0500
1626232105627000,0,0.15400984,32480.3100
1626232141606000,1,0.01000000,32468.7200
1626232158806000,0,0.00067621,32489.6700
1626232171395000,0,0.00101416,32499.6800
1626232191135000,0,0.01240000,32481.7400
1626232199605000,1,0.05700000,32465.1300
1626232212758000,0,0.00073767,32493.7800
1626232228679000,0,0.15394182,32497.9100
1626232228680000,0,0.04000000,32498.2800
1626232235737000,0,1.00000000,32500.0000
1626232237387000,0,0.01112000,32505.2300
1626232242041000,0,0.00162000,32505.2300
1626232246978000,0,0.00147000,32510.6600
1626232271942000,0,0.14034738,32503.3600
1626232271942000,0,0.12281514,32503.4300
1626232278160000,1,0.01560000,32482.3200
1626232280642000,1,0.00000500,32482.3200
1626232287152000,0,0.00297000,32490.0300
1626232296505000,0,0.00151000,32492.6400
1626232317126000,0,0.00561000,32491.9000
1626232323316000,0,0.03034336,32488.1500
1626232339037000,1,0.02737090,32475.3000
1626232339508000,1,0.00061908,32475.3000
1626232345608000,0,0.00648000,32490.9700
1626232345799000,0,0.00162000,32488.6900
1626232346189000,0,0.00185000,32488.6900
1626232347085000,0,0.00061495,32490.4400
1626232362753000,0,0.00241000,32490.1400
1626232367230000,0,0.00101430,32495.2000
1626232372890000,0,0.00154000,32490.2200
1626232376849000,0,0.00206000,32490.2200
1626232389641000,1,0.03400000,32493.1400
1626232394128000,0,0.00067604,32497.7900
1626232437906000,0,0.01031000,32483.7400
1626232451666000,0,0.02272644,32486.2600
1626232542594000,1,0.01825000,32454.8100
1626232548253000,1,0.00384884,32444.8200
1626232551222000,0,0.10000000,32445.6800
1626232551222000,0,0.15733947,32446.1800
1626232551222000,0,0.07266053,32448.9400
1626232556809000,0,0.19220000,32451.7400
1626232556809000,0,0.09429616,32452.7000
1626232558864000,0,0.00295000,32441.6100
1626232568688000,0,0.00067691,32456.0900
1626232574517000,0,0.00155000,32455.9000
1626232579879000,1,0.10000000,32436.1300
1626232591230000,0,0.06862000,32455.6100
1626232591238000,0,0.00092341,32455.6100
1626232616341000,0,0.00149000,32449.8200
1626232617776000,1,0.00119232,32423.9400
1626232621388000,1,0.04317026,32423.9400
1626232628548000,0,0.01328000,32406.6400
1626232634717000,1,1.20000000,32390.0800
1626232634717000,1,0.19000000,32386.8300
1626232634717000,1,0.65631574,32386.8200
1626232660479000,0,0.03098000,32404.0100
1626232661344000,1,0.09112452,32380.8100
1626232661443000,1,0.03170000,32386.6800
1626232711965000,0,0.00664000,32412.2700
1626232731400000,0,0.00200000,32396.7700
1626232768595000,0,0.00775000,32407.2000
1626232775581000,0,0.00200000,32403.2200
1626232795489000,0,0.01358000,32397.4300
1626232818434000,0,0.00295000,32402.9200
1626232824989000,1,0.00200000,32396.3100
1626232825051000,1,0.00100000,32395.6300
1626232841854000,1,0.00065029,32380.0000
1626232842733000,1,0.00423648,32367.1000
1626232850946000,0,0.00133000,32365.8200
1626232863475000,0,0.02578675,32368.0800
1626232879534000,0,0.11957894,32361.0600
1626232879534000,0,0.19270000,32361.1200
1626232879534000,0,0.15458099,32363.4100
1626232879534000,0,0.38630000,32364.1900
1626232879534000,0,0.32017719,32364.6700
1626232879534000,0,0.04000000,32366.3600
1626232879534000,0,0.98228530,32367.9200
1626232879534000,0,0.45615194,32367.9300
1626232887537000,1,0.01137000,32340.0900
1626232887804000,1,0.00000027,32340.0900
1626232899281000,0,0.00621000,32338.7500
1626232975153000,0,0.10000000,32336.9000
