timestamp ms,type,amount,price
1626307229030000,0,0.00816000,32812.3300
1626307249070000,0,0.00146000,32813.1000
1626307293809000,0,0.11787149,32847.3300
1626307293811000,0,0.05812851,32847.3300
1626307293811000,0,0.08887941,32847.7300
1626307293812000,0,0.09419829,32847.7300
1626307293812000,0,0.09941256,32847.7300
1626307293812000,0,0.17370150,32847.7300
1626307293812000,0,0.09890181,32847.7300
1626307293813000,0,0.15467127,32847.7300
1626307293816000,0,0.13214612,32847.7300
1626307293817000,0,0.10699065,32847.7300
1626307293842000,0,0.07479969,32847.7300
1626307293857000,0,0.14959937,32847.7300
1626307293948000,0,0.17851157,32847.7300
1626307293948000,0,0.14818776,32847.7300
1626307296596000,0,0.00063702,32874.0000
1626307296596000,0,0.00001300,32874.0000
1626307296596000,0,0.03209019,32874.6500
1626307307636000,1,0.07001645,32858.4700
1626307308976000,1,0.44900000,32847.2500
1626307323273000,0,0.00306000,32821.0600
1626307325168000,1,0.01887857,32801.0200
1626307325168000,1,0.98027174,32798.7000
1626307325175000,1,0.51972826,32798.7000
1626307330302000,0,0.00262000,32789.9000
1626307335026000,0,0.00350000,32790.8800
1626307336742000,1,0.04000000,32760.9700
1626307336742000,1,0.05000000,32760.4300
1626307336742000,1,0.38140000,32760.4200
1626307359863000,0,0.00388000,32807.1900
1626307370497000,0,0.00874000,32827.0100
1626307371256000,1,0.00346738,32806.8200
1626307393844000,0,0.01812000,32808.1400
1626307423664000,0,0.00184000,32803.8300
1626307424983000,1,0.05000000,32790.0000
1626307431598000,0,0.00206000,32806.5300
1626307461602000,1,0.03225028,32794.7100
1626307462802000,1,0.03599202,32796.7400
1626307469696000,0,0.00747000,32813.1300
1626307484301000,0,0.01356000,32813.6300
1626307490851000,0,0.05924000,32808.2400
1626307526765000,0,0.00298000,32812.9500
1626307530224000,0,0.00488447,32815.1400
1626307536663000,0,0.00297000,32805.2900
1626307568964000,0,0.00875000,32807.2300
1626307576820000,0,0.00149000,32803.2600
1626307591923000,0,0.00583000,32811.5600
1626307595111000,0,0.01515000,32809.1200
1626307598714000,0,0.11114915,32810.7300
1626307615412000,1,0.04000000,32801.5500
1626307615412000,1,0.07290811,32801.1400
1626307623407000,1,0.00700000,32805.1000
1626307629333000,0,0.05832000,32808.1200
1626307647494000,1,0.00200000,32794.9300
1626307670592000,0,0.03797812,32768.8200
1626307676119000,0,0.00120002,32768.8200
1626307677836000,0,0.00700000,32768.8200
1626307685772000,0,0.00100000,32757.9800
1626307685836000,0,0.02200000,32757.9800
1626307686826000,0,0.01700000,32757.9800
1626307687830000,0,0.01700000,32757.9800
1626307687968000,0,0.15000000,32757.9800
1626307688000000,0,0.17000000,32757.9800
1626307688119000,0,0.20000000,32757.9800
1626307688138000,0,1.85410000,32757.9800
1626307700821000,1,0.00500000,32768.0100
1626307701628000,0,0.00100000,32766.3500
1626307710383000,1,0.01154653,32743.3200
1626307710604000,0,0.00460000,32750.4600
1626307711588000,0,0.01769000,32748.8300
1626307718525000,1,0.10600000,32725.5800
1626307723664000,1,0.00300000,32721.8700
1626307731473000,0,0.00149000,32743.1400
1626307758005000,0,0.00558000,32751.8800
1626307759287000,0,0.00164000,32751.8800
1626307764363000,0,0.00800000,32743.6600
1626307764476000,0,0.00876000,32743.6600
1626307779502000,0,0.00178537,32738.7000
1626307790731000,0,0.00453596,32738.7000
1626307793582000,0,0.00300000,32738.7000
1626307794294000,0,0.15672000,32738.7000
1626307794369000,0,0.25869000,32738.7000
1626307794554000,0,0.00000379,32738.7000
1626307796034000,1,0.00300000,32738.5500
1626307796108000,1,0.00400000,32738.3500
1626307812986000,0,0.00451000,32751.0800
1626307815817000,0,0.06000000,32739.5300
1626307815900000,0,0.01568000,32739.5300
1626307815945000,0,0.07000000,32739.5300
1626307816069000,0,0.07000000,32739.5300
1626307816158000,0,0.04018000,32739.5300
1626307816251000,0,0.07000000,32739.5300
1626307816282000,0,0.15000000,32739.5300
1626307816327000,0,0.01800000,32739.5300
1626307816356000,0,0.59834000,32739.5300
1626307816501000,0,0.01100000,32754.3900
1626307816584000,0,0.00600000,32757.6500
1626307819846000,0,0.00149000,32755.1600
1626307838295000,0,0.00200000,32752.2600
1626307839265000,0,0.02600000,32752.2600
1626307839476000,0,0.45000000,32752.2600
1626307839679000,0,0.00960000,32752.2600
1626307842643000,0,0.00619000,32773.8600
1626307848739000,0,0.00100000,32764.7800
1626307849326000,0,0.00200000,32764.7800
1626307849681000,0,0.00300000,32764.7800
1626307858046000,0,0.13000000,32762.8900
1626307858152000,0,0.12142815,32762.8900
1626307858162000,0,0.15211544,32762.8900
1626307858349000,0,0.00179000,32773.8900
1626307858349000,0,0.00021000,32778.4000
1626307862990000,1,0.03999994,32769.8600
1626307863924000,1,0.00151091,32773.0400
1626307864179000,0,0.37180000,32777.6400
1626307865901000,1,0.00197989,32779.2800
1626307872382000,0,0.00200000,32805.0600
1626307882538000,1,0.02300000,32793.9400
1626307902009000,0,0.19030000,32797.1100
1626307902009000,0,0.55358731,32797.4200
1626307927172000,0,0.02480000,32797.5900
1626307955986000,0,0.01897000,32795.5400
1626307980274000,0,0.01378000,32798.7600
1626307985627000,1,0.00100000,32793.7500
1626307985627000,1,0.15144839,32783.6000
1626307987594000,0,0.00131000,32789.6000
1626308057732000,1,0.00544748,32768.2500
1626308086910000,0,0.00200000,32773.8000
1626308087205000,0,0.00207000,32773.8000
1626308088676000,0,0.00413000,32774.2600
1626308127026000,0,0.00350000,32764.8000
1626308159601000,0,0.00295000,32726.3800
1626308176612000,0,0.00123000,32726.0500
1626308177739000,0,0.00558000,32725.9900
1626308202933000,0,0.11300000,32722.7800
1626308202933000,0,0.32100000,32725.9900
1626308202933000,0,0.04722569,32730.2400
1626308206119000,0,0.00295000,32728.5800
1626308209260000,0,0.01181000,32729.5900
1626308212217000,0,0.00331000,32732.1600
1626308224546000,0,0.01121000,32745.5400
1626308246612000,1,0.00063702,32705.0000
1626308249202000,1,0.00001300,32705.0000
1626308260932000,1,0.00001621,32695.2100
1626308260932000,1,0.14998379,32688.4700
1626308260997000,1,0.23268000,32688.4700
1626308261007000,1,0.00002136,32688.4700
1626308261409000,0,0.00199000,32698.8900
1626308261620000,1,0.00065001,32680.0000
1626308261620000,1,0.01692892,32670.9500
1626308263109000,0,0.00123000,32673.8400
1626308268621000,1,0.06859006,32672.1500
1626308275631000,0,0.05000000,32664.8400
1626308280828000,0,0.02221493,32700.3200
1626308293781000,0,0.00877000,32727.2500
1626308318663000,1,0.00600000,32723.4900
1626308364089000,0,0.04140000,32743.4300
1626308370699000,0,0.03335191,32763.9300
1626308387587000,0,0.03330000,32744.0500
1626308391050000,0,0.00000600,32744.0500
1626308391050000,0,0.00291400,32745.9800
1626308398695000,1,0.01113672,32739.4600
1626308400446000,1,0.04386000,32739.4600
1626308405248000,0,0.00950000,32747.6300
1626308413668000,0,0.00451000,32751.1300
1626308427757000,1,0.08460000,32748.4400
1626308427757000,1,0.19020000,32747.9400
1626308427757000,1,0.38120000,32747.4700
1626308427757000,1,0.15261028,32747.4200
1626308427757000,1,0.04000000,32743.4500
1626308427757000,1,0.75138972,32741.7200
1626308478750000,0,0.00147000,32767.4400
1626308481317000,0,0.00609264,32754.2700
1626308505709000,0,0.19050000,32771.3000
1626308505709000,0,0.30807321,32775.1200
1626308531040000,0,0.05430000,32778.2900
1626308550906000,0,0.00657000,32778.7400
1626308552355000,0,0.46095000,32778.7400
1626308554717000,0,0.00400000,32778.7400
1626308556214000,0,0.02648000,32778.7400
1626308562091000,0,0.00263000,32784.4300
1626308576387000,0,0.01495000,32788.8500
1626308578726000,0,0.47352000,32788.8500
1626308578797000,0,0.45000000,32788.8500
1626308579231000,0,0.25000000,32788.8500
1626308579245000,0,0.00200000,32788.8500
1626308579314000,0,0.11964797,32788.8500
1626308586089000,0,0.01500000,32795.2000
1626308587075000,0,0.02600000,32795.2000
1626308588087000,0,0.00400000,32795.2000
1626308589093000,0,0.00100000,32795.2000
1626308590011000,0,0.00875000,32795.2000
1626308598110000,0,0.00300000,32795.2000
1626308599132000,0,0.01400000,32795.2000
1626308599907000,0,0.00200000,32795.2000
1626308600113000,0,0.00200000,32795.2000
1626308601106000,0,0.00300000,32795.2000
1626308602113000,0,0.00600000,32795.2000
1626308632583000,0,0.00100000,32795.2000
1626308635444000,0,0.15242131,32795.2000
1626308635546000,0,0.00100000,32795.2000
1626308636586000,0,0.00200000,32795.2000
1626308637087000,0,0.15242151,32795.2000
1626308640588000,0,0.00200000,32795.2000
1626308641591000,0,0.00300000,32795.2000
1626308644593000,0,0.00100000,32795.2000
1626308650824000,0,0.02459200,32795.1900
1626308650824000,0,0.12782062,32795.2000
1626308651043000,0,0.05989005,32795.2000
1626308652546000,0,0.00168000,32795.2000
1626308654759000,0,0.03355000,32806.2500
1626308660545000,0,0.15238559,32800.6400
1626308664607000,0,0.01900000,32800.6400
1626308665588000,0,0.01600000,32800.6400
1626308666144000,1,0.15239029,32798.5000
1626308666245000,1,0.22858760,32796.3600
1626308666417000,1,0.02072000,32793.0000
1626308666454000,1,0.00000924,32793.0000
1626308666454000,1,0.05000000,32792.0700
1626308666597000,0,0.00200000,32800.6400
1626308672010000,0,0.00200000,32798.1700
1626308672566000,0,0.02000000,32798.1700
1626308673011000,0,0.00100000,32798.1700
1626308673258000,0,0.15240075,32798.1700
1626308673593000,0,0.05500000,32798.1700
1626308674582000,0,0.00500000,32798.1700
1626308675010000,0,0.00200000,32798.1700
1626308675599000,0,0.03300000,32798.1700
1626308676592000,0,0.00600000,32798.1700
1626308677588000,0,0.03200000,32798.1700
1626308678031000,0,0.00300000,32798.1700
1626308678042000,0,0.15239791,32798.1700
1626308678587000,0,0.01700000,32798.1700
1626308679578000,0,0.01900000,32798.1700
1626308680013000,0,0.00200000,32798.1700
1626308680542000,0,0.15239791,32798.1700
1626308680581000,0,0.00300000,32798.1700
1626308681586000,0,0.03600000,32798.1700
1626308681757000,0,0.15239791,32798.1700
1626308682573000,0,0.01900000,32798.1700
1626308683010000,0,0.00200000,32798.1700
1626308683051000,1,0.00140165,32793.0300
1626308683294000,0,0.15238179,32798.1700
1626308683583000,0,0.01800000,32798.1700
1626308684591000,0,0.02000000,32798.1700
1626308685013000,0,0.00200000,32798.1700
1626308685475000,0,0.11121289,32798.1700
1626308685503000,0,0.03381084,32798.1700
1626308685553000,0,0.01800000,32817.9900
1626308690022000,0,0.00200000,32803.3800
1626308690562000,0,0.01400000,32803.3800
1626308691595000,0,0.02900000,32803.3800
1626308692016000,0,0.00200000,32803.3800
1626308692617000,0,0.01900000,32803.3800
1626308693010000,0,0.00100000,32803.3800
1626308693564000,0,0.01900000,32803.3800
1626308695005000,0,0.00200000,32803.3800
1626308697599000,0,0.00875000,32817.6900
1626308705592000,0,0.00600000,32812.6900
1626308716798000,0,0.00292000,32812.1000
1626308732135000,0,0.00751000,32800.6400
1626308735004000,0,0.02150600,32800.6400
1626308744706000,0,0.00100000,32795.7100
1626308749048000,1,0.74036098,32780.6800
1626308756515000,0,0.01000000,32768.0900
1626308757332000,0,0.00560462,32768.0900
1626308757407000,0,0.00011438,32768.0900
1626308757407000,0,0.00236562,32783.6000
1626308766394000,1,0.01392600,32787.4000
1626308790382000,0,0.00300000,32808.9300
1626308791382000,0,0.00300000,32808.9300
1626308792042000,0,0.00173656,32808.9300
1626308792404000,0,0.00100000,32808.9300
1626308792853000,0,0.01468329,32808.9300
1626308793075000,0,0.03073160,32808.9300
1626308793395000,0,0.00100000,32808.9300
1626308794385000,0,0.00400000,32808.9300
1626308795397000,0,0.00300000,32808.9300
1626308796397000,0,0.00700000,32808.9300
1626308797385000,0,0.00200000,32808.9300
1626308798362000,0,0.00300000,32808.9300
1626308798994000,0,0.16384855,32808.9300
1626308799381000,0,0.00300000,32808.9300
1626308800388000,0,0.00300000,32808.9300
1626308801383000,0,0.00200000,32808.9300
1626308802356000,0,0.00300000,32808.9300
1626308803381000,0,0.00300000,32808.9300
1626308804395000,0,0.00200000,32808.9300
1626308805405000,0,0.00400000,32808.9300
1626308806411000,0,0.03480000,32808.9300
1626308806411000,0,0.09300000,32808.9300
1626308807384000,0,0.00400000,32809.8800
1626308807571000,0,0.14100000,32809.8800
1626308807571000,0,0.05299842,32814.0200
1626308808391000,0,0.00300000,32814.0200
1626308809387000,0,0.00400000,32814.0200
1626308809953000,0,0.01178000,32814.0200
1626308810088000,1,0.02455000,32808.9500
1626308810393000,0,0.00300000,32814.0200
1626308811361000,0,0.00200000,32814.0200
1626308812381000,0,0.00100000,32814.0200
1626308813393000,0,0.00500000,32814.0200
1626308813412000,1,0.00000020,32808.9500
1626308813412000,1,0.15235980,32804.9200
1626308813486000,1,0.00000858,32804.9200
1626308813490000,1,0.15000000,32802.4500
1626308821520000,1,0.00400000,32806.8300
1626308831129000,0,0.00150000,32802.2700
1626308871022000,0,0.00100000,32816.4800
1626308927856000,0,0.00163000,32821.9000
1626308952010000,0,0.00119000,32817.8100
1626308960633000,0,0.00204000,32815.3700
1626308977012000,0,0.10000000,32824.8400
1626308977012000,0,0.14092030,32825.3400
1626308984728000,0,0.01749000,32826.1400
1626309010626000,0,0.01446000,32826.2900
1626309015894000,1,0.03999392,32807.4900
1626309043331000,0,0.00874000,32823.2200
1626309043366000,0,0.00146000,32823.2200
1626309054971000,0,0.00306000,32827.2300
1626309059461000,0,0.12510066,32825.6500
1626309059461000,0,0.02345934,32829.1800
1626309084306000,0,0.00300000,32815.1700
1626309093357000,0,0.00729000,32815.1700
1626309097755000,1,0.10000000,32788.4300
1626309099125000,1,0.44730000,32785.3800
1626309099201000,1,0.00000223,32785.3800
1626309107609000,0,0.00100000,32777.6500
1626309109485000,1,0.38070000,32768.7600
1626309109485000,1,0.38753922,32768.7100
1626309139451000,0,0.00365000,32806.1400
1626309157470000,0,0.01207000,32823.5300
1626309166394000,0,0.00484000,32823.5300
1626309187070000,0,0.00736000,32817.2600
1626309209857000,0,0.01055000,32821.8100
1626309239411000,1,0.00100000,32807.6800
1626309245515000,0,0.00179000,32818.2600
1626309282644000,0,0.01394000,32815.3200
1626309288093000,0,0.00147000,32807.9400
1626309295475000,0,0.00303000,32805.6200
1626309300880000,1,0.00100000,32801.4200
1626309300880000,1,0.00100000,32801.4200
1626309300880000,1,0.14000000,32801.4200
1626309305303000,1,0.01829000,32824.5400
1626309330140000,0,0.00612000,32829.1000
1626309342411000,0,0.00452000,32822.3400
1626309345734000,0,0.16100000,32829.2500
1626309380238000,0,0.00100000,32812.7400
1626309380784000,0,0.00500000,32812.7400
1626309380846000,0,0.00800000,32812.7400
1626309381290000,0,0.00200000,32812.7400
1626309381798000,0,0.00100000,32812.7400
1626309381859000,0,0.00200000,32812.7400
1626309382912000,0,0.01458000,32812.7400
1626309384144000,1,0.00300000,32802.8200
1626309384144000,1,0.02100000,32802.8200
1626309384144000,1,0.01600000,32801.6200
1626309384144000,1,0.15236121,32801.6200
1626309384144000,1,0.03315878,32801.3900
1626309386789000,0,0.00300000,32812.7400
1626309387247000,0,0.00100000,32812.7400
1626309387795000,0,0.00100000,32812.7400
1626309388255000,0,0.00100000,32812.7400
1626309388460000,0,0.00947000,32812.7400
1626309395881000,1,0.00400000,32811.8500
1626309401962000,0,0.03825000,32812.6900
1626309412186000,1,0.04000000,32802.3000
1626309412186000,1,0.15236404,32802.2900
1626309412186000,1,0.31799873,32796.8000
1626309412186000,1,0.22856142,32796.2000
1626309412186000,1,0.01400000,32795.7800
1626309412186000,1,0.01781886,32795.7700
1626309430873000,0,0.12295000,32812.7400
1626309430873000,0,0.00620143,32812.7400
1626309430878000,0,0.07879857,32812.7400
1626309449986000,0,0.06118000,32812.4100
1626309450390000,0,0.00300000,32812.4100
1626309453420000,0,0.00400000,32812.4100
1626309454371000,0,0.00200000,32812.4100
1626309458393000,0,0.00500000,32811.7800
1626309458632000,0,0.01400000,32811.7800
1626309459388000,0,0.00200000,32811.7800
1626309460410000,0,0.00100000,32811.7800
1626309460675000,0,0.00400000,32811.7800
1626309462638000,0,0.00700000,32811.7800
1626309463659000,0,0.00200000,32811.7800
1626309464637000,0,0.00300000,32811.7800
1626309464743000,0,0.11076064,32811.7800
1626309464799000,0,0.19253756,32811.7800
1626309464825000,0,0.11002146,32811.7800
1626309464829000,0,0.08416642,32811.7800
1626309465644000,0,0.00200000,32811.7800
1626309467596000,0,0.00100000,32811.7800
1626309467661000,0,0.00500000,32811.7800
1626309467999000,0,0.15233530,32811.7800
1626309468722000,0,0.00300000,32811.7800
1626309469541000,0,0.15233476,32811.7800
1626309469697000,0,0.00300000,32811.7800
1626309470662000,0,0.00300000,32811.7800
1626309471648000,0,0.00200000,32811.7800
1626309472291000,0,0.15233185,32811.7800
1626309472634000,0,0.00400000,32811.7800
1626309473669000,0,0.00200000,32811.7800
1626309474633000,0,0.00100000,32811.7800
1626309475683000,0,0.00500000,32811.7800
1626309477713000,0,0.00500000,32811.7800
1626309478595000,0,0.00100000,32811.7800
1626309478658000,0,0.00200000,32811.7800
1626309479670000,0,0.00300000,32811.7800
1626309480673000,0,0.00200000,32811.7800
1626309481477000,0,0.99975435,32811.7800
1626309481479000,0,0.15192826,32811.7800
1626309481563000,0,0.18043519,32811.7800
1626309481599000,0,0.17548424,32811.7800
1626309481602000,0,0.10730997,32811.7800
1626309502921000,0,0.00278000,32823.0700
1626309509513000,0,0.01000000,32818.8700
1626309512310000,0,0.56614568,32818.8700
1626309514585000,0,0.00100000,32818.8700
1626309524140000,1,0.15230738,32814.6600
1626309525124000,1,0.10000000,32813.8000
1626309525650000,0,0.04588000,32822.5400
1626309534110000,1,0.00100000,32821.7100
1626309534110000,1,0.00808000,32811.1200
1626309544993000,0,0.41358140,32822.8500
1626309545022000,0,0.07314660,32822.8500
1626309545024000,0,0.19687200,32822.8500
1626309545219000,0,0.00100000,32831.4700
1626309550636000,0,0.00101999,32831.4700
1626309550643000,0,0.00000001,32831.4700
1626309550701000,0,0.16500000,32847.9400
1626309550826000,0,0.00100000,32858.4500
1626309551794000,0,0.01188870,32837.4600
1626309551854000,0,0.09893459,32837.4600
1626309551857000,0,0.13261684,32837.4600
1626309551888000,0,0.07029647,32837.4600
1626309551889000,0,0.20000000,32837.4600
1626309551901000,0,0.08899287,32837.4600
1626309551902000,0,0.12158672,32837.4600
1626309559809000,0,0.00600000,32859.2400
1626309570115000,0,0.00181000,32859.2400
1626309573024000,0,0.16819000,32859.2400
1626309575407000,0,0.00063702,32874.0000
1626309575407000,0,0.00001300,32874.0000
1626309591002000,0,0.01639000,32905.1400
1626309606605000,1,0.00600000,32889.3500
1626309615571000,0,0.00553000,32880.2700
1626309621697000,0,0.02110000,32873.3100
1626309629236000,0,0.00183000,32854.0600
1626309630216000,0,0.00917000,32879.9800
1626309632802000,0,0.00100000,32856.2400
1626309634121000,0,0.00320000,32856.2400
1626309635457000,0,0.00294000,32856.2400
1626309639383000,0,0.05821000,32885.3000
1626309644441000,0,0.00148000,32899.9200
1626309659164000,0,0.00415000,32906.0500
1626309664957000,0,0.00168000,32916.1500
1626309665377000,0,0.04072238,32920.1900
1626309667916000,0,0.00065004,32924.0000
1626309681402000,0,0.00072685,32950.7200
1626309681402000,0,0.00027315,32960.2100
1626309699538000,0,0.00065006,32974.0000
1626309707008000,0,0.03100000,32972.3800
1626309707113000,0,0.02300000,32972.3800
1626309707872000,0,0.00300000,32972.3800
1626309707993000,0,0.06300000,32972.3800
1626309708179000,0,0.00100000,32972.3800
1626309708997000,0,0.00984371,32972.3800
1626309708997000,0,0.01015629,32976.8600
1626309709164000,0,0.00300000,32972.9500
1626309709996000,0,0.01900000,32967.6900
1626309710896000,0,0.00300000,32967.6900
1626309710994000,0,0.00065001,32989.0000
1626309710994000,0,0.00434999,32993.1300
1626309711994000,0,0.03300000,32978.5200
1626309715997000,0,0.02200000,32967.0200
1626309717170000,0,0.01066000,32987.4200
1626309717909000,0,0.00200000,32972.5200
1626309726156000,0,0.00161000,32965.0200
1626309728986000,0,0.05000000,32964.9900
1626309728986000,0,1.00019669,32965.0200
1626309728990000,0,0.70210728,32956.8600
1626309729013000,0,0.12529000,32956.8600
1626309729267000,0,0.12420795,32956.8600
1626309732150000,0,0.00080369,32973.0200
1626309777582000,1,0.15163921,32962.5200
1626309778413000,0,0.00100000,32974.1900
1626309780743000,1,0.15163921,32962.5200
1626309792407000,1,0.15165683,32954.0900
1626309792418000,0,0.00100000,32962.1800
1626309794432000,0,0.00100000,32966.9400
1626309794704000,0,0.00100000,32966.9400
1626309796413000,0,0.00100000,32965.0400
1626309797715000,0,0.00200000,32972.0800
1626309807811000,1,0.00100000,32960.4300
1626309831029000,0,0.00610000,32959.1400
1626309846794000,1,0.00920494,32934.5600
1626309847409000,1,0.00920494,32934.5700
1626309852609000,1,0.01000000,32921.5400
1626309884887000,0,0.00354000,32944.4400
1626309885769000,0,0.00200000,32938.6200
1626309911439000,1,0.00139675,32935.1300
1626309915643000,0,0.04200000,32947.3900
1626309917219000,0,0.03600000,32955.6200
1626309917219000,0,0.00320000,32963.2000
1626309917222000,0,0.01000000,32963.2000
1626309918039000,0,0.00871000,32963.8500
1626309922096000,0,0.00554000,32963.8500
1626309924221000,0,0.03375000,32963.8500
1626309924221000,0,0.00025000,32972.0700
1626309931220000,0,0.04700000,32972.0800
1626309939012000,0,0.00152000,32980.3100
1626309940534000,0,0.00131000,32980.3100
1626309949793000,0,0.01015000,32980.3100
1626309970783000,0,0.00200000,32974.7200
1626309971183000,1,0.15162615,32964.9600
1626309982711000,0,0.00982000,32958.9000
1626309986893000,0,0.05806000,32958.9000
1626309988339000,0,0.00290000,32958.9000
1626310008979000,0,0.00200000,32960.0100
1626310009984000,1,0.15170045,32953.1600
1626310013825000,1,0.15172331,32948.4200
1626310014017000,1,0.15172331,32948.4200
1626310014137000,1,0.30336353,32945.3200
1626310017056000,0,0.00290000,32956.6700
1626310019471000,0,0.03944974,32954.8100
1626310022844000,1,0.15171603,32948.7200
1626310032498000,0,0.03800000,32957.6600
1626310033576000,0,0.01500000,32957.6600
1626310036550000,0,0.05900000,32954.4600
1626310037604000,0,0.01200000,32954.4600
1626310038590000,0,0.02200000,32954.4600
1626310039526000,0,0.00600000,32954.4600
1626310040572000,0,0.02091025,32954.4600
1626310040572000,0,0.00008975,32960.9800
1626310049581000,1,0.15172017,32950.9100
1626310049840000,1,0.15172017,32950.9100
1626310064808000,0,0.09654807,32966.5700
1626310064847000,0,0.01645193,32966.5700
1626310064847000,0,0.14341730,32967.2800
1626310065444000,0,0.03358270,32967.2800
1626310078557000,0,0.00151000,32978.9700
1626310082761000,0,0.00100000,32974.4000
1626310085574000,0,0.00566000,32974.4000
1626310088848000,1,0.00310000,32960.5000
1626310096382000,0,0.00400000,32977.3800
1626310097603000,0,0.01066000,32977.3800
1626310104381000,0,0.00300000,32973.7200
1626310104555000,1,0.14854656,32960.5000
1626310107367000,0,0.00300000,32967.9500
1626310118337000,0,0.00203000,32973.3300
1626310126252000,1,0.15163752,32969.1400
1626310126432000,1,0.15163752,32969.1400
1626310127668000,1,0.10827278,32969.1400
1626310136589000,0,0.00100000,32970.3400
1626310139589000,0,0.00071000,32970.3400
1626310139589000,0,0.00029000,32984.0800
1626310139666000,0,0.00100000,32984.0800
1626310150580000,0,0.00200000,32984.0800
1626310153580000,0,0.00100000,32984.0800
1626310154004000,0,0.01571000,32984.0800
1626310156574000,0,0.00200000,32990.2600
1626310160313000,0,0.00122685,32990.2600
1626310160313000,0,0.00023315,32992.3200
1626310165396000,0,0.01676000,32992.3200
1626310168338000,0,0.00000685,32992.3200
1626310173597000,0,0.06000000,33000.0000
1626310173597000,0,0.18000000,33000.0000
1626310177672000,0,0.01600000,33000.5600
1626310182500000,0,0.00203000,33008.8000
1626310192419000,0,0.00456000,33008.8000
1626310199824000,0,0.10000000,32997.9700
1626310199824000,0,0.04493000,32998.4700
1626310250204000,0,0.00300000,33008.8000
1626310254970000,0,0.00741000,33008.8000
1626310258414000,0,0.01700000,33017.0400
1626310264883000,0,0.00065008,33024.0000
1626310264951000,0,0.01600000,33025.2800
1626310264968000,0,0.16091926,33028.6000
1626310272212000,0,0.00300000,33033.5200
1626310278069000,1,0.00236206,33024.4500
1626310288788000,0,0.00240988,33033.5200
1626310291592000,0,0.00100000,33033.5200
1626310299007000,1,0.00151300,33029.1300
1626310305700000,0,0.01059012,33033.5200
1626310305700000,0,0.00065003,33039.0000
1626310305700000,0,0.01047985,33041.7600
1626310323574000,0,0.00182000,33041.7600
1626310332659000,0,0.00370015,33041.7600
1626310332659000,0,0.00815985,33045.1800
1626310341145000,0,0.00600000,33040.7500
1626310342136000,0,0.01300000,33040.2700
1626310344158000,0,0.01100000,33032.1400
1626310348526000,0,0.01551000,33027.7200
1626310359220000,1,0.01000000,32999.7700
1626310389008000,0,0.07247000,33006.2000
1626310410684000,1,0.08967820,32991.1600
1626310410692000,1,0.06182159,32991.1600
1626310410780000,1,0.13394837,32989.0200
1626310410806000,1,0.15149979,32991.1600
1626310410806000,1,0.07575325,32989.0200
1626310410815000,1,0.01755142,32989.0200
1626310415106000,0,0.01792677,32997.8200
1626310420024000,1,0.00088450,32971.7700
1626310443656000,0,0.12145000,32991.6500
1626310468575000,1,0.15152546,32983.9700
1626310471544000,1,0.02670000,32979.6300
1626310485693000,0,0.01160000,32974.4100
1626310494004000,0,0.00200000,32980.4900
1626310505978000,0,0.00100000,32975.8800
1626310515013000,0,0.01900000,32976.2700
1626310515976000,0,0.03100000,32976.8100
1626310517983000,0,0.00900000,32976.8500
1626310518989000,0,0.01796962,32976.8500
1626310518989000,0,0.00003038,32980.4300
1626310530126000,0,0.39009253,32983.0700
1626310530786000,0,0.00100000,32983.0700
1626310530985000,0,0.02400000,32983.0700
1626310531983000,0,0.00300000,32983.0700
1626310532082000,0,0.03117000,32983.0700
1626310532938000,0,0.00000883,32983.0700
1626310532989000,0,0.00270595,32993.2700
1626310532989000,0,0.00029405,33002.4000
1626310537848000,0,0.00239000,32993.4400
1626310537991000,0,0.02600000,32993.4400
1626310544785000,0,0.00200000,32993.4400
1626310551662000,0,0.00275000,32975.3800
1626310562751000,0,0.00200000,32960.7100
1626310562816000,0,0.00100000,32960.7100
1626310564762000,0,0.00100000,32958.5000
1626310564827000,0,0.00200000,32958.5000
1626310567814000,0,0.00500000,32953.8800
1626310568705000,0,0.00100000,32953.8800
1626310569729000,0,0.00100000,32953.8800
1626310569814000,0,0.00100000,32953.8800
1626310570809000,0,0.00200000,32953.8800
1626310572708000,0,0.00158000,32952.7600
1626310572808000,0,0.00200000,32952.7600
1626310572920000,1,0.00109779,32948.1600
1626310574830000,0,0.00300000,32954.9200
1626310575748000,0,0.00100000,32954.9200
1626310576712000,0,0.00200000,32954.9200
1626310576787000,1,0.04000000,32943.0300
1626310576787000,1,0.15059085,32943.0200
1626310576822000,0,0.00200000,32954.9200
1626310578698000,0,0.00100000,32947.3000
1626310578812000,0,0.00200000,32947.3000
1626310579727000,0,0.00200000,32947.3000
1626310580811000,0,0.00300000,32947.3000
1626310584826000,0,0.00200000,32947.1100
1626310585345000,0,0.00363000,32947.1100
1626310585825000,0,0.00400000,32947.1100
1626310586815000,0,0.00200000,32947.1100
1626310597890000,0,0.01290268,32947.1100
1626310607102000,1,0.15173760,32941.2400
1626310614068000,1,0.00076420,32941.9700
1626310615955000,1,0.15096642,32941.9700
1626310616003000,1,0.22761567,32936.5600
1626310621263000,0,0.00564000,32936.9400
1626310622002000,1,0.03910318,32928.6200
1626310623371000,0,0.03154417,32936.9400
1626310623371000,0,0.39167607,32941.9800
1626310623371000,0,0.12799513,32943.5900
1626310623371000,0,0.31700000,32946.6000
1626310623371000,0,0.92750421,32947.1400
1626310623371000,0,0.14525835,32949.5600
1626310627593000,0,0.45000000,32929.9900
1626310628044000,0,0.00524763,32929.9900
1626310630512000,0,0.00160000,32950.2800
1626310638615000,0,0.00800000,32947.2500
1626310639612000,0,0.00500000,32947.2500
1626310640154000,0,0.14414952,32947.2500
1626310640157000,0,0.08272466,32947.2500
1626310640157000,0,0.16435362,32947.2500
1626310640157000,0,0.09577281,32947.2500
1626310640606000,0,0.00200000,32954.9100
1626310642596000,0,0.01100000,32954.9100
1626310643616000,0,0.00600000,32954.9100
1626310646614000,0,0.01000000,32954.9100
1626310647611000,0,0.00466367,32954.9100
1626310647611000,0,0.00233633,32954.9200
1626310656624000,0,0.00400000,32953.2800
1626310675191000,0,0.00100000,32948.6200
1626310683610000,0,0.17335111,32946.4000
1626310683614000,0,0.01922298,32946.4000
1626310694760000,0,0.10934938,32954.9200
1626310694761000,0,0.15691258,32954.9200
1626310694767000,0,0.15905364,32954.9200
1626310694788000,0,0.06834807,32954.9200
1626310697197000,0,0.00100000,32965.6300
1626310700555000,0,0.00100000,32965.6300
1626310702743000,0,0.00145000,32965.6300
1626310711194000,0,0.00100000,32965.1300
1626310723730000,1,0.22753612,32950.4700
1626310729348000,0,0.00100000,32958.4400
1626310733633000,1,0.15171000,32949.2200
1626310733645000,1,0.00000752,32949.2200
1626310733762000,1,0.30340983,32941.7900
1626310744602000,0,0.00300000,32946.3600
1626310744889000,0,0.01466000,32946.3600
1626310747679000,0,0.00261000,32946.3600
1626310755594000,0,0.00100000,32945.0100
1626310756606000,0,0.00100000,32945.0100
1626310758588000,0,0.00200000,32945.0100
1626310759814000,0,0.01098700,32945.0100
1626310759839000,0,0.00969511,32945.0100
1626310761596000,0,0.00400000,32945.0100
1626310762602000,0,0.20031772,32945.0100
1626310779062000,1,0.15167483,32954.4700
1626310796806000,1,0.08118373,32949.3100
1626310796808000,1,0.07052289,32949.3100
1626310802267000,0,0.23847456,32947.2200
1626310802290000,0,0.06733349,32947.2200
1626310807780000,0,0.00173999,32958.4400
1626310807875000,0,0.00000001,32958.4400
1626310811410000,0,0.01000000,32982.1900
1626310813038000,1,0.00801000,32983.1400
1626310815546000,0,0.02178050,33003.6300
1626310817315000,0,0.07250000,33013.4500
1626310820645000,0,0.00390000,33019.6000
1626310823792000,0,0.00274228,33029.8400
1626310825795000,0,0.58000000,33050.0000
1626310825795000,0,0.03099000,33050.0000
1626310826717000,0,0.00000450,33050.0000
1626310826717000,0,0.08791550,33060.0000
1626310828012000,0,0.00001367,33060.0000
1626310836245000,0,0.00152000,33069.4500
1626310836361000,1,0.00128675,33060.0000
1626310863597000,0,0.00274000,33069.4800
1626310864508000,0,0.00000228,33069.4800
1626310864989000,0,0.00065010,33074.0000
1626310865917000,0,0.00065005,33089.0000
1626310865917000,0,0.00078910,33101.0000
1626310867891000,0,0.50074000,33105.0000
1626310868083000,0,0.19880835,33105.0000
1626310868084000,0,0.04274511,33105.0000
1626310868158000,0,0.25770654,33105.0000
1626310868174000,0,0.00274228,33109.1600
1626310868358000,0,0.00100000,33109.4300
1626310868358000,0,0.00052529,33109.4300
1626310869119000,0,0.00063712,33124.0000
1626310869119000,0,0.00001300,33124.0000
1626310869119000,0,0.17474308,33129.0600
1626310869216000,0,0.00063707,33139.0000
1626310869216000,0,0.00001300,33139.0000
1626310869216000,0,0.00354846,33148.8900
1626310869216000,0,0.14580147,33161.3200
1626310871129000,1,0.10000000,33143.8800
1626310873721000,0,0.00363000,33140.4900
1626310876938000,1,0.03300000,33141.0100
1626310877831000,1,0.51242840,33142.4400
1626310883804000,0,0.00100000,33162.2800
1626310888652000,1,0.00100000,33157.3500
1626310892207000,1,0.02787851,33127.9300
1626310892207000,1,0.10000000,33127.9300
1626310892207000,1,0.10000000,33123.3200
1626310892207000,1,0.04000000,33121.7400
1626310892207000,1,0.10000000,33121.7300
1626310892207000,1,0.10000000,33121.7200
1626310892207000,1,0.03470168,33120.1000
1626310896091000,1,0.00200000,33145.5900
1626310898288000,0,0.00192664,33151.6900
1626310901934000,1,0.15083000,33135.8100
1626310913954000,1,0.00000961,33135.8100
1626310924704000,0,0.00100000,33162.0100
1626310927350000,0,0.00665828,33162.2800
1626310927350000,0,0.00000001,33162.2800
1626310928539000,1,0.02128432,33165.0200
1626310928558000,1,1.17871568,33165.0200
1626310928558000,1,0.10000000,33162.8800
1626310928558000,1,1.20000000,33162.8700
1626310928566000,1,0.08771300,33151.8000
1626310928566000,1,0.01863999,33149.2900
1626310928566000,1,0.50000000,33149.2800
1626310928566000,1,0.10000000,33149.2700
1626310928566000,1,0.98921266,33148.7900
1626310928566000,1,0.10000000,33148.7900
1626310928566000,1,0.70443435,33148.7800
1626310928683000,1,0.27678957,33148.7800
1626310928683000,1,0.97464075,33148.7800
1626310928683000,1,0.90144712,33148.7800
1626310928683000,1,0.10000000,33148.7800
1626310928683000,1,0.07043536,33142.7700
1626310928683000,1,0.03300000,33142.7600
1626310928683000,1,0.01083621,33139.8700
1626310928683000,1,0.03234307,33138.1600
1626310928744000,1,3.12855482,33129.3000
1626310928824000,0,0.30254871,33141.0400
1626310929001000,1,0.54094518,33129.3000
1626310929001000,1,0.77790608,33127.9000
1626310929017000,1,0.14765651,33127.9000
1626310929130000,1,2.44540480,33127.9000
1626310929135000,1,0.14256563,33127.9000
1626310929217000,1,0.14174155,33127.9000
1626310929218000,1,1.91290000,33127.9000
1626310929246000,1,0.09476907,33127.9000
1626310929318000,1,0.21178825,33127.9000
1626310929332000,1,0.99889725,33127.9000
1626310929333000,1,0.99889725,33127.9000
1626310929336000,1,0.99889725,33127.9000
1626310929358000,1,0.25299219,33127.9000
1626310929415000,1,0.24063101,33127.9000
1626310929500000,1,0.01615315,33127.9000
1626310929529000,1,0.00000001,33127.9000
1626310929802000,0,0.00865000,33132.2000
1626310930974000,0,0.00300000,33109.3000
1626310931286000,0,0.00100000,33109.3000
1626310931691000,1,0.00361400,33102.5200
1626310933642000,1,0.55523000,33102.5200
1626310933775000,1,0.10436000,33105.8300
1626310935960000,0,0.10000000,33128.6600
1626310935960000,0,0.57329969,33129.1700
1626310935986000,0,0.03300000,33130.1300
1626310935986000,0,0.03728032,33130.2000
1626310941297000,0,0.00300000,33144.2000
1626310941911000,0,0.00200000,33150.4000
1626310950124000,1,0.04000000,33145.9700
1626310951910000,0,0.00500000,33145.8000
1626310952304000,0,0.00200000,33145.8000
1626310952931000,0,0.00400000,33147.8000
1626310953904000,0,0.00200000,33147.8000
1626310954892000,0,0.00200000,33147.8000
1626310955354000,0,0.00200000,33147.8000
1626310955988000,0,0.00300000,33147.8000
1626310956299000,0,0.00200000,33147.8000
1626310957916000,0,0.00100000,33148.3000
1626310961121000,1,0.13055000,33131.1300
1626310964733000,0,0.00462000,33156.7000
1626310967648000,0,0.01100000,33156.7000
1626310968682000,0,0.01800000,33156.7000
1626310974505000,1,0.04000000,33152.8200
1626310975914000,1,0.00203763,33147.9600
1626310975986000,1,0.03796237,33147.9600
1626310980474000,1,0.10000000,33141.1100
1626310980882000,0,0.00100000,33148.2000
1626310981077000,1,0.01695000,33136.6400
1626310981652000,0,0.00600000,33148.2000
1626310982716000,0,0.00800000,33156.5000
1626310986699000,0,0.01500000,33164.7000
1626310990703000,0,0.00065014,33174.0000
1626310990703000,0,0.00075954,33177.6300
1626310990703000,0,0.00759032,33179.0000
1626310991687000,0,0.02200000,33179.0000
1626310992730000,0,0.02300000,33179.0000
1626310993706000,0,0.01100000,33179.0000
1626310994700000,0,0.02300000,33179.0000
1626310995650000,0,0.01500000,33179.0000
1626310996645000,0,0.01800000,33179.0000
1626310998262000,0,0.03804494,33178.6500
1626310998451000,1,0.00887000,33170.8100
1626310999107000,1,0.00000370,33170.8100
1626310999107000,1,0.03878230,33162.2400
1626310999519000,0,0.01000000,33162.4000
1626310999584000,0,0.01095295,33162.4000
1626311005660000,0,0.00100000,33165.6800
1626311007393000,1,0.01532300,33158.8300
1626311007504000,1,0.02467000,33158.8300
1626311007647000,1,0.15068000,33154.5300
1626311008671000,0,0.00109427,33158.8300
1626311009465000,1,0.00150992,33160.8700
1626311010083000,1,0.00150993,33160.8700
1626311012039000,1,0.00053749,33160.8700
1626311012077000,1,0.00229698,33146.2100
1626311013104000,1,0.03631900,33146.2100
1626311014899000,0,0.00100000,33158.2000
1626311017144000,1,0.15071000,33156.0500
1626311017224000,1,0.00000437,33156.0500
1626311017224000,1,0.18618563,33153.1400
1626311020244000,1,0.15078000,33142.9200
1626311020908000,0,0.64579472,33161.0400
1626311035252000,0,0.02885000,33147.2000
1626311044612000,1,0.00000953,33142.9200
1626311044612000,1,0.00243933,33140.2300
1626311045663000,1,0.15000000,33137.5200
1626311045725000,1,0.24425000,33137.5200
1626311047188000,1,0.30945000,33136.3200
1626311053563000,1,0.01618521,33105.0000
1626311053567000,1,0.34781479,33105.0000
1626311053841000,0,0.00152000,33114.2000
1626311077614000,0,0.01700000,33106.9000
1626311078614000,0,0.01700000,33106.9000
1626311079610000,0,0.01600000,33106.9000
1626311080039000,1,0.02413670,33089.0300
1626311080565000,1,0.00151284,33089.0300
1626311080616000,0,0.01100000,33106.9000
1626311081606000,0,0.01500000,33106.9000
1626311082607000,0,0.00700000,33106.9000
1626311083615000,0,0.02800000,33111.9600
1626311090617000,0,0.04900000,33111.9600
1626311091619000,0,0.01700000,33111.9600
1626311092606000,0,0.01600000,33111.9600
1626311093607000,0,0.01200000,33111.9600
1626311094616000,0,0.00100000,33111.9600
1626311095621000,0,0.03900000,33111.9600
1626311095846000,1,0.15095538,33104.2000
1626311096611000,0,0.00700000,33111.9600
1626311097618000,0,0.02500000,33111.9600
1626311098613000,0,0.01400000,33111.9600
1626311099632000,0,0.02100000,33111.9600
1626311100610000,0,0.00100000,33111.9600
1626311101610000,0,0.03300000,33111.9600
1626311101676000,0,0.00100000,33111.9600
1626311102620000,0,0.01600000,33111.9600
1626311103608000,0,0.01700000,33111.9600
1626311104612000,0,0.01700000,33111.9600
1626311105619000,0,0.01496051,33111.9600
1626311105619000,0,0.00003949,33121.4900
1626311106362000,1,0.15096000,33103.3700
1626311106521000,1,0.22645000,33096.3100
1626311117823000,1,0.00000602,33096.3100
1626311117823000,1,0.06087011,33090.1300
1626311117823000,1,0.06392387,33086.8200
1626311120340000,1,0.28920000,33076.8900
1626311120346000,1,0.00000825,33076.8900
1626311124946000,0,0.02413700,33095.0400
1626311130620000,0,0.00104533,33081.7000
1626311135797000,0,0.00200000,33080.3000
1626311159773000,0,0.00215052,33109.1600
1626311159801000,1,0.00084948,33113.6600
1626311161804000,0,0.00200000,33108.8800
1626311162760000,0,0.00300000,33110.4000
1626311172351000,1,0.15108000,33082.8100
1626311172374000,1,0.00000062,33082.8100
1626311203408000,0,0.00100000,33094.8800
1626311204385000,0,0.00100000,33094.8800
1626311209743000,0,0.00600000,33089.2500
1626311211658000,0,0.01700000,33094.8800
1626311232091000,1,0.10000000,33072.7000
1626311232091000,1,0.15111658,33072.5500
1626311232091000,1,0.06130791,33072.4000
1626311232091000,1,0.02037942,33072.3900
1626311239154000,1,0.00514354,33072.7100
1626311243876000,1,0.16141000,33072.3900
1626311243898000,1,0.00000482,33072.3900
1626311246140000,0,0.00409000,33074.7500
1626311259302000,0,0.00300000,33071.2100
1626311268828000,0,0.08627061,33071.2100
1626311269110000,0,0.07528381,33071.2100
1626311269113000,0,0.08627061,33071.2100
1626311269118000,0,0.09551359,33071.2100
1626311280482000,0,0.99789725,33071.2100
1626311280486000,0,0.71236413,33071.2100
1626311296827000,0,0.02870951,33094.6000
1626311302705000,1,0.02553000,33090.6100
1626311302705000,1,0.01447000,33090.6000
1626311307800000,1,0.03275141,33069.2100
1626311315817000,1,0.05962000,33071.5800
1626311351277000,0,0.00334520,33081.6000
1626311361755000,0,0.00154000,33081.6000
1626311393527000,1,0.00100000,33106.6400
1626311417250000,0,0.01604000,33120.2900
1626311423712000,0,0.05777000,33117.1300
1626311451899000,0,0.00289000,33096.1200
1626311467607000,0,0.00589000,33094.3900
1626311479005000,0,0.01513000,33121.9100
1626311484796000,1,0.04000000,33112.1400
1626311491008000,0,0.00227000,33121.4800
1626311491089000,1,0.08590000,33099.2300
1626311492503000,1,0.00151213,33089.9800
1626311493082000,1,0.00151213,33089.9800
1626311493693000,1,0.00151213,33097.8600
1626311498588000,1,0.00151213,33090.1400
1626311499053000,1,0.00151213,33090.1400
1626311499696000,1,0.00151213,33090.1400
1626311500267000,1,0.00151213,33090.1400
1626311500736000,1,0.00151213,33090.1400
1626311501067000,1,0.00130992,33090.1400
1626311501984000,1,0.00075269,33090.1400
1626311504480000,0,0.00722000,33107.8900
1626311512336000,0,0.00751000,33107.6800
1626311512578000,0,0.01932000,33107.6800
1626311535232000,0,0.01466860,33111.8000
1626311544547000,0,0.01878000,33120.3800
1626311553046000,1,0.04000000,33127.8300
1626311583205000,1,0.01000000,33103.2500
1626311596153000,0,0.16270000,33132.6800
1626311643057000,0,0.01567128,33142.7900
1626311643273000,0,0.06450000,33142.7900
1626311644332000,0,0.00700000,33142.7900
1626311654330000,0,0.00300000,33148.8900
1626311674259000,1,0.01000000,33142.7900
1626311683477000,1,0.15086000,33127.5100
1626311686877000,1,0.00300000,33127.0300
1626311702507000,0,0.00010034,33148.8900
1626311702507000,0,0.00989966,33152.4800
1626311720640000,1,0.00100000,33125.7100
1626311723532000,1,0.00060885,33125.7100
1626311728042000,0,0.02848700,33115.0700
1626311734052000,0,0.00455000,33112.7500
1626311752805000,0,0.00289000,33091.3500
1626311753003000,1,0.00100000,33088.1700
1626311769274000,0,0.00400000,33092.5100
1626311769870000,0,0.00434000,33100.2900
1626311780821000,0,0.00961200,33101.1800
1626311780954000,0,0.02972100,33100.8500
1626311804445000,0,0.01459000,33094.0700
1626311807943000,1,0.00151293,33068.4200
1626311808544000,0,0.00151293,33068.4200
1626311808656000,1,0.22774623,33064.2100
1626311809010000,1,0.01553000,33064.2100
1626311809395000,1,0.22774623,33064.2100
1626311819950000,0,0.00300000,33093.0400
1626311820778000,1,0.01500000,33100.3000
1626311821838000,1,0.00053001,33100.3000
1626311823612000,0,0.02300000,33099.6700
1626311827616000,0,0.00300000,33097.7500
1626311829692000,1,0.02200000,33096.3900
1626311830680000,1,0.00200000,33097.5400
1626311837516000,0,0.17262064,33098.4500
1626311840626000,1,0.09941134,33077.9100
1626311840717000,1,0.16546242,33072.3800
1626311841878000,1,0.00191866,33064.6500
1626311855202000,1,0.17328285,33063.4000
1626311855205000,1,0.10696104,33063.4000
1626311855577000,1,0.13876219,33063.4000
1626311864337000,1,0.00300000,33073.6500
1626311874661000,1,0.01000000,33060.7000
1626311896650000,0,0.00150694,33093.3500
1626311904717000,1,0.00100000,33073.5900
1626311904717000,1,0.00900000,33070.0800
1626311924910000,0,0.06400000,33073.5900
1626311926881000,0,0.06000000,33073.5900
1626311927274000,0,0.00148000,33073.5900
1626311927895000,0,0.00900000,33073.5900
1626311928172000,0,0.15748069,33073.5900
1626311943871000,1,0.03293594,33073.1600
1626311949818000,1,0.00904000,33072.9100
1626311953073000,0,0.00174000,33089.2800
1626311953486000,0,0.00120069,33109.1600
1626311953486000,0,0.00259931,33111.6100
1626311955518000,1,0.01107716,33068.7100
1626311955518000,1,0.04000000,33061.0100
1626311955518000,1,0.05989579,33060.7500
1626311955518000,1,0.03300000,33056.8400
1626311955518000,1,0.37788896,33050.2100
1626311955518000,1,0.06142574,33041.5200
1626311955518000,1,0.41715147,33037.7400
1626311955520000,1,0.03605453,33037.7400
1626311955520000,1,0.96438459,33035.2100
1626311955522000,1,1.00043912,33035.2100
1626311955522000,1,0.03517629,33035.2100
1626311955566000,1,0.05000000,33066.8000
1626311955566000,1,0.02769039,33060.7600
1626311955566000,1,0.07201068,33053.9800
1626311955828000,1,0.01107716,33066.8100
1626311956204000,1,0.11027196,33052.3500
1626311956482000,1,0.12500000,33052.3600
1626311956482000,1,0.15435809,33051.8600
1626311956484000,1,0.23540279,33051.8600
1626311956491000,1,0.26637684,33051.8600
1626311989248000,0,0.10000000,33064.1500
1626311989248000,0,1.20000000,33064.6600
1626311989248000,0,0.14745272,33065.8900
1626311989248000,0,0.55659009,33066.3400
1626312000874000,0,0.00189850,33078.6800
1626312028813000,0,0.00347000,33064.1200
1626312033001000,0,0.00187355,33061.8200
1626312049115000,0,0.00289000,33058.1900
1626312141065000,0,0.18880000,33054.7100
1626312141065000,0,0.15129239,33057.7300
1626312141065000,0,0.10390097,33058.1600
1626312169594000,0,0.00456000,33047.6400
1626312193325000,0,0.00731000,33020.2000
1626312193702000,0,0.01216000,33020.2000
1626312198942000,0,0.00152000,33008.9800
1626312200008000,1,0.00065014,33005.0000
1626312200008000,1,0.00293309,32990.2600
1626312200008000,1,0.00000001,32990.2600
1626312209665000,0,0.00715000,32995.6400
1626312209794000,0,0.00152000,32995.6400
1626312214744000,1,0.01605000,32977.9800
1626312221500000,0,0.00400000,32972.5400
1626312251437000,0,0.47822000,32981.1200
1626312251534000,0,0.90000000,32981.1200
1626312251603000,0,0.25000000,32981.1200
1626312251673000,0,0.23446000,32981.1200
1626312251790000,0,0.02400000,32981.1200
1626312251812000,0,0.24376000,32981.1200
1626312251816000,0,0.11721097,32981.1200
1626312251888000,0,0.09324903,32981.1200
1626312257090000,0,0.03223000,32989.8300
1626312266654000,0,0.00859382,32998.1000
1626312282950000,0,0.07212000,32993.6000
1626312283389000,0,0.00313000,32993.6000
1626312292793000,1,0.00065012,32955.0000
1626312292793000,1,0.00293310,32950.7200
1626312303028000,0,0.00300000,32956.7900
1626312359394000,0,0.01043019,32966.9700
1626312362584000,1,0.00100000,32952.0200
1626312362584000,1,0.00200000,32951.8200
1626312363248000,1,0.20369000,32941.4400
1626312363308000,1,0.08331000,32941.4400
1626312370280000,1,0.10000000,32927.3400
1626312370363000,1,0.01270000,32926.8400
1626312375525000,1,0.00080496,32921.0400
1626312375619000,1,0.00293310,32911.2200
1626312376378000,1,0.00065000,32905.0000
1626312376406000,1,0.00000010,32905.0000
1626312376811000,1,0.99796738,32883.1100
1626312391236000,1,0.09640000,32916.4800
1626312400251000,1,0.00090000,32904.0700
1626312447106000,0,0.18940000,32885.6800
1626312447106000,0,0.38000000,32889.7200
1626312447106000,0,0.98498944,32889.8400
1626312447106000,0,0.38731572,32889.9200
1626312484250000,1,0.05480000,32862.1000
1626312514061000,0,0.00718413,32893.3200
1626312525296000,0,0.00305000,32890.5200
1626312526764000,0,0.18695000,32890.5200
1626312539304000,0,0.00291000,32902.1200
1626312547760000,0,0.01000000,32906.0500
1626312548348000,0,0.04200000,32906.0500
1626312556789000,0,0.00165000,32906.0500
1626312556789000,0,0.00035000,32911.5200
1626312559610000,0,0.00291000,32909.1600
1626312584481000,0,0.00611000,32914.8200
1626312601018000,0,0.00915000,32919.2300
1626312616771000,1,1.00589000,32900.2200
1626312620200000,1,0.00000333,32900.2200
1626312627847000,1,0.40715000,32876.0300
1626312632313000,1,0.00000675,32876.0300
1626312646856000,0,0.19000000,32861.0800
1626312647159000,0,0.19000000,32855.0100
1626312647481000,0,0.18960000,32855.0100
1626312647973000,0,0.12836483,32855.0100
1626312673722000,0,0.02910000,32882.4200
1626312700977000,0,0.25600000,32882.4200
1626312724487000,0,0.00294000,32899.0600
1626312725038000,0,0.00892000,32898.0500
1626312730410000,1,0.40938000,32877.4000
1626312735285000,0,0.00412000,32883.1200
1626312751458000,0,0.10000000,32883.1100
1626312751458000,0,0.18980000,32883.6200
1626312751458000,0,0.15212973,32884.9300
1626312751458000,0,0.01389650,32885.8500
1626312762162000,1,0.00000129,32877.4000
1626312774683000,0,0.03054000,32881.4200
1626312778830000,0,0.00145000,32884.7100
1626312806738000,0,0.00198000,32899.1200
1626312816097000,1,0.00200000,32895.2200
1626312816097000,1,0.00300000,32893.8900
1626312816097000,1,0.00100000,32893.7400
1626312816097000,1,0.00100000,32893.6600
1626312816097000,1,0.00400000,32893.6200
1626312816097000,1,0.40037280,32893.6200
1626312816340000,1,0.04719000,32893.6200
1626312817028000,0,0.01497000,32899.1200
1626312821130000,1,0.00000583,32893.6200
1626312865396000,0,0.00109000,32872.8900
1626312867707000,1,0.00065008,32855.0000
1626312909343000,0,0.01799000,32859.7800
1626312911361000,1,0.04554700,32840.5100
1626312949885000,0,0.01660000,32851.9800
1626312952570000,1,0.00800000,32846.2400
1626312964743000,0,0.00291000,32854.7600
1626312999131000,1,0.02000000,32835.5300
1626313028254000,0,0.03300000,32842.0500
1626313053541000,1,0.04306597,32836.6200
1626313071885000,0,0.00556000,32842.4800
1626313079116000,0,0.08785589,32845.6500
1626313081238000,0,0.28469293,32842.3100
1626313081265000,0,0.20664807,32842.3100
1626313081667000,0,0.00358322,32842.3100
1626313081672000,0,0.99957489,32842.3100
1626313082596000,0,0.21001718,32842.3100
1626313082606000,0,0.26519450,32842.3100
1626313082608000,0,0.11758921,32842.3100
1626313093861000,0,0.17517533,32849.2400
1626313093875000,0,0.78642467,32849.2400
1626313103207000,0,0.31818879,32855.8600
1626313103220000,0,0.47531121,32855.8600
1626313124946000,0,0.00305000,32874.0800
1626313133950000,0,0.04630202,32872.1800
1626313140495000,0,0.01222000,32872.1000
1626313158068000,0,0.00873000,32872.1800
1626313160342000,0,0.05000000,32872.1700
1626313160342000,0,0.13456798,32872.1800
1626313160342000,0,0.00152000,32872.1800
1626313160342000,0,0.20000000,32872.7700
1626313160342000,0,0.38030000,32872.7800
1626313160342000,0,0.21902709,32875.8900
1626313180018000,0,0.00112000,32879.9200
1626313187712000,1,0.10000000,32872.9600
1626313228010000,0,0.42310000,32866.7500
1626313228010000,0,0.18970000,32868.1800
1626313228010000,0,0.15408619,32879.4200
1626313228010000,0,0.09195500,32880.6600
1626313228010000,0,0.04000000,32882.9100
1626313228010000,0,0.08660296,32883.0800
1626313276833000,0,0.00183000,32867.7000
1626313279539000,0,0.00446000,32864.6400
1626313289650000,0,0.00175000,32872.1200
1626313298325000,0,0.00305000,32869.0800
1626313302116000,0,0.01466000,32868.4400
1626313355344000,0,0.10000000,32849.8600
1626313355344000,0,0.07498270,32850.3600
1626313364195000,0,0.00443000,32849.8600
1626313390103000,0,0.00294000,32844.6200
1626313402457000,0,0.00103603,32840.5300
1626313421905000,0,0.08739000,32844.5000
1626313427038000,0,0.00594000,32840.4100
1626313431353000,0,0.00291000,32840.4100
1626313440534000,1,0.00065007,32830.0000
1626313470705000,0,0.07232100,32848.6300
1626313470732000,0,0.00000001,32848.6300
1626313521098000,0,0.01000000,32851.3700
1626313572140000,0,0.00116000,32860.5200
1626313594344000,0,0.01601000,32864.8700
1626313647739000,0,0.00277000,32847.4700
1626313658057000,0,0.02600000,32857.2900
1626313658057000,0,1.20000000,32857.3000
1626313658057000,0,0.03945583,32857.3300
1626313664492000,0,0.00235000,32855.1500
1626313670198000,0,0.00294000,32853.0800
1626313682915000,0,0.00149000,32852.4200
1626313686088000,0,0.00162000,32852.4200
1626313731679000,0,0.00874000,32852.0100
1626313736065000,0,0.01470000,32856.3200
1626313743279000,0,0.15225256,32857.0100
1626313746855000,0,0.03321716,32860.2400
1626313746856000,0,0.13578284,32860.2400
1626313746874000,0,0.26400000,32862.2300
1626313750116000,1,0.10000000,32856.9800
1626313750116000,1,0.38889377,32856.4800
1626313760633000,0,0.00873000,32860.6800
1626313817409000,0,0.04475000,32860.4500
1626313865136000,0,0.00148000,32860.6800
1626313865136000,0,0.00152000,32863.1800
1626313893301000,0,0.00146000,32852.3700
1626313913654000,0,0.00583000,32845.2800
1626313926689000,0,0.01802221,32847.7800
1626313953825000,0,0.19293218,32845.6300
1626313953858000,0,0.15009677,32845.6300
1626313953903000,0,0.28203143,32845.6300
1626313954788000,0,0.01500000,32845.6300
1626313955199000,0,0.24773000,32845.6300
1626313959725000,0,0.00000962,32845.6300
1626313959725000,0,0.07065872,32850.0600
1626313959800000,0,0.01700000,32850.0600
1626313961793000,0,0.03500000,32850.0600
1626313962422000,0,0.01764000,32850.0600
1626313964800000,0,0.00600000,32850.0100
1626313969273000,0,0.02507000,32850.0100
1626313987788000,0,0.03600000,32848.0200
1626313993818000,0,0.97960000,32848.0200
1626313993854000,0,0.25333488,32850.0600
1626313993866000,0,0.16205450,32850.0600
1626313993901000,0,0.21471190,32850.0600
1626313995482000,1,0.15217426,32845.8900
1626314005885000,0,0.01747000,32851.2000
1626314007648000,0,0.01456000,32843.9800
1626314031894000,1,0.15221902,32837.8000
1626314031965000,1,0.30440408,32832.4300
1626314044774000,0,0.01923000,32838.3800
1626314049335000,0,0.17475364,32838.3800
1626314049401000,0,0.16709716,32838.3800
1626314049812000,0,0.18631920,32838.3800
1626314060404000,0,0.03100000,32844.2600
1626314064390000,0,0.08400000,32844.1400
1626314064936000,0,0.16344994,32844.1400
1626314064937000,0,0.12080103,32844.1400
1626314064946000,0,0.07254262,32844.1400
1626314065108000,0,0.08353000,32844.1400
1626314065381000,0,0.00000866,32844.1400
1626314065381000,0,0.00099134,32851.2100
1626314065448000,0,0.04900866,32851.2100
1626314065448000,0,0.01299134,32857.4800
1626314080361000,0,0.01100000,32856.2900
1626314096339000,0,0.05241000,32847.2100
1626314100870000,1,0.15222608,32835.1100
1626314100870000,1,0.22831312,32834.7900
1626314100870000,1,0.95341112,32829.8400
1626314100870000,1,0.05000000,32828.8400
1626314100870000,1,0.30441342,32828.8300
1626314100870000,1,0.04000000,32828.2500
1626314100870000,1,0.20000000,32825.6000
1626314100870000,1,0.04249548,32825.5900
1626314111632000,0,0.04078000,32842.2600
1626314118081000,0,0.00185000,32845.2800
1626314123585000,0,0.00300000,32840.1800
1626314144327000,1,0.05000000,32842.0000
1626314145559000,0,0.03697000,32839.9800
1626314147324000,0,0.00262000,32845.2800
1626314161704000,0,0.00882000,32847.0700
1626314179494000,1,0.22835693,32828.3200
1626314184162000,0,0.00321000,32834.4900
1626314195071000,0,0.00153000,32825.3300
1626314197250000,0,0.00291000,32821.0800
1626314199989000,0,0.00200000,32808.8100
1626314209998000,0,0.01615000,32805.0100
1626314216668000,0,0.00146000,32808.5700
1626314222212000,0,0.09300000,32814.7700
1626314259836000,1,0.00100000,32821.1400
1626314259836000,1,0.00100000,32821.1400
1626314262009000,0,0.19010000,32823.0800
1626314262009000,0,0.23445026,32827.8300
1626314266330000,0,0.00800000,32814.0700
1626314266397000,0,0.00400000,32814.0700
1626314287171000,0,0.00229000,32828.4900
1626314292286000,0,0.15328708,32828.4900
1626314302946000,1,0.00065006,32805.0000
1626314302946000,1,0.01534994,32786.1800
1626314315783000,0,0.71470000,32798.8400
1626314326747000,1,0.00065005,32780.0000
1626314326747000,1,0.04274998,32773.4900
1626314326747000,1,0.19040000,32769.0300
1626314326747000,1,0.19800000,32760.7800
1626314326747000,1,0.03200000,32760.7800
1626314326747000,1,0.38060000,32760.7700
1626314334843000,0,0.00875000,32790.1700
1626314337599000,0,0.00163000,32790.8700
1626314382055000,0,0.00737000,32774.5700
1626314386747000,0,0.01192100,32775.5200
1626314386749000,0,0.02659200,32775.5200
1626314391115000,0,0.00612000,32788.6200
1626314403095000,0,0.01800000,32790.5400
1626314403162000,0,0.01071579,32790.5400
1626314416033000,0,0.00539000,32807.7700
1626314416773000,0,0.18501000,32807.7700
1626314435832000,1,0.85000000,32777.8900
1626314436694000,1,0.07565246,32777.8900
1626314462349000,0,0.00200000,32768.9900
1626314462791000,0,0.00400000,32774.9700
1626314477698000,1,0.00152500,32776.3900
1626314478467000,0,0.00281000,32771.4800
1626314486345000,0,0.04379000,32771.3700
1626314508538000,0,0.00204000,32771.4800
1626314513634000,1,0.15255622,32761.6900
1626314513738000,1,0.19030000,32762.4300
1626314513738000,1,0.03853918,32758.4900
1626314513752000,1,0.22883918,32758.4900
1626314529672000,0,0.00306000,32763.8900
1626314531233000,0,0.00432763,32763.8900
1626314537172000,1,0.00065004,32755.0000
1626314540721000,1,0.00125210,32735.4300
1626314540721000,1,0.00307553,32734.4400
1626314546741000,0,0.00161000,32761.1100
1626314554927000,0,0.00613000,32763.8900
1626314559842000,1,0.01000000,32743.4500
1626314562378000,0,0.05148000,32763.8900
1626314562404000,0,0.00000237,32763.8900
1626314565158000,0,0.09896000,32771.4800
1626314565158000,0,0.13217406,32779.6400
1626314567416000,0,0.05430000,32776.2200
1626314578698000,0,0.01535000,32784.5700
1626314587981000,0,0.00459000,32798.7700
1626314595872000,0,0.00288167,32800.3700
1626314596781000,0,0.19050000,32801.3700
1626314661622000,0,0.00417000,32816.0300
1626314665945000,0,0.00427373,32819.0800
1626314677090000,0,0.00200000,32817.6800
1626314680073000,0,0.01500000,32817.3800
1626314686263000,0,0.00005000,32817.6800
1626314686263000,0,0.00412000,32820.3800
1626314693836000,1,0.00427373,32817.4100
1626314715964000,0,0.05880000,32856.4800
1626314741051000,1,0.15217000,32844.2700
1626314741057000,1,0.00000801,32844.2700
1626314747888000,0,0.00408000,32853.9600
1626314751959000,1,0.15214828,32845.5600
1626314752929000,0,0.37589069,32852.7600
1626314752933000,0,0.11564636,32852.7600
1626314752941000,0,0.08985901,32852.7600
1626314752942000,0,0.10076408,32852.7600
1626314752943000,0,0.10148740,32852.7600
1626314801204000,0,0.00291000,32874.7400
1626314823926000,0,0.00277000,32880.5200
1626314827163000,0,0.00611000,32887.6400
1626314834294000,0,0.02909000,32881.9400
1626314866732000,0,0.14882015,32877.6700
1626314868499000,1,0.15206653,32868.3800
1626314912370000,0,0.00809000,32856.3700
1626314912617000,0,0.37240503,32856.3700
1626314912702000,0,0.11811257,32856.3700
1626314912750000,0,0.31901862,32856.3700
1626314912755000,0,0.08467378,32856.3700
1626314912788000,0,1.37220000,32858.8600
1626314916089000,0,0.01378000,32860.4900
1626314935325000,0,0.11178162,32860.4900
1626314935339000,0,0.53009556,32860.4900
1626314935351000,0,0.14790948,32860.4900
1626314935354000,0,0.34933334,32860.4900
1626314940224000,1,0.15209394,32861.6800
1626314940406000,1,0.15209394,32861.6800
1626314942355000,1,0.11878661,32861.6800
1626314947316000,0,1.02360000,32870.3800
1626314947663000,0,0.00235000,32887.0200
1626314951239000,0,1.20000000,32888.9500
1626314951239000,0,0.37960000,32890.5900
1626314951239000,0,0.38376243,32890.6400
1626314963444000,0,0.95000000,32879.1800
1626314963473000,0,0.16938379,32879.1800
1626314963473000,0,0.12891621,32879.1800
1626314980977000,0,0.23506115,32892.4800
1626314982816000,0,0.01700000,32892.4800
1626314983612000,0,0.03263000,32892.4800
1626314983804000,0,0.01500000,32892.4800
1626314984811000,0,0.00200000,32892.4800
1626314985801000,0,0.00780885,32892.4800
1626314985801000,0,0.00019115,32905.9900
1626315004831000,0,0.01100000,32882.4900
1626315005808000,0,0.00600000,32882.4900
1626315006013000,0,0.00600000,32882.4900
1626315009799000,0,0.07000000,32884.4400
1626315010014000,0,0.00500000,32884.4400
1626315010802000,0,0.03100000,32884.4400
1626315011841000,0,0.01600000,32884.4400
1626315012831000,1,0.00979700,32871.2900
1626315013044000,0,0.00200000,32884.4400
1626315013700000,1,0.01592900,32871.2900
1626315014385000,1,0.00151344,32871.2900
1626315016016000,0,0.00200000,32884.4400
1626315017012000,0,0.00100000,32884.4400
1626315018819000,1,0.12478351,32871.2900
1626315027260000,1,0.15202295,32871.2900
1626315027273000,1,0.22803442,32866.4300
1626315029286000,1,0.15211152,32857.1900
1626315037711000,0,0.00145000,32887.7000
1626315053342000,0,0.00366000,32896.4200
1626315113242000,0,0.03061000,32882.7400
1626315113855000,0,0.01000000,32882.7400
1626315117626000,0,0.00160000,32878.8300
1626315128111000,0,0.00258000,32882.5700
1626315135319000,0,0.00135000,32882.5700
1626315138938000,0,0.00318000,32882.5700
1626315143348000,0,0.00873000,32882.5700
1626315148590000,0,0.00100000,32882.5700
1626315154594000,0,0.00100000,32882.5700
1626315158360000,0,0.01397000,32882.5700
1626315169012000,0,0.03119000,32882.5700
1626315169012000,0,0.19939000,32882.7400
1626315169012000,0,0.46064196,32894.1800
1626315183010000,0,0.00523000,32899.5300
1626315187730000,0,0.00163000,32900.9800
1626315197453000,0,0.00890000,32892.9100
1626315212427000,0,0.01469000,32885.1900
1626315244817000,0,0.00416000,32905.9800
1626315265924000,0,0.00405764,32904.4500
1626315280799000,1,0.15193436,32900.7000
1626315284785000,1,0.15195345,32896.5600
1626315284911000,1,0.15195345,32896.5600
1626315284911000,1,0.07596917,32894.0000
1626315284952000,1,0.15195345,32894.0000
1626315285088000,1,0.25158094,32888.5100
1626315285150000,1,0.05231837,32888.5100
1626315305304000,0,0.00277000,32884.6900
1626315320002000,1,0.00347242,32862.3000
1626315335230000,0,0.00218000,32866.1400
1626315375833000,0,0.00147000,32860.3700
1626315381875000,0,0.00160000,32868.4600
1626315414622000,0,0.01517684,32865.8500
1626315429021000,1,0.03848088,32853.9800
1626315445819000,1,0.02433684,32841.5800
1626315446455000,1,0.00151891,32841.5800
1626315455098000,0,0.00233000,32854.1900
1626315459692000,1,0.12632983,32841.5800
1626315465569000,0,0.00735000,32852.1500
1626315471570000,0,0.17259650,32852.1500
1626315471570000,0,0.30386357,32855.3500
1626315471570000,0,0.23834486,32864.6900
1626315471570000,0,0.01471842,32864.7000
1626315478296000,0,0.07427000,32850.0700
1626315528243000,0,0.00119000,32828.0700
1626315539153000,0,0.00510000,32833.3500
1626315545288000,0,0.00306000,32842.8200
1626315583083000,1,0.00181000,32846.6300
1626315586750000,0,0.65669538,32868.1900
1626315603368000,0,0.00116000,32852.4100
1626315611376000,0,0.01328000,32846.0000
1626315643512000,0,0.00459000,32831.6800
1626315717405000,0,0.00294000,32820.6300
1626315735549000,0,0.08743000,32827.6400
1626315744277000,0,0.00100000,32827.6400
1626315744789000,0,0.00057000,32827.6400
1626315747553000,1,0.00043000,32829.6000
1626315747553000,1,0.00100000,32827.0400
1626315747553000,1,0.15230626,32816.9700
1626315747553000,1,0.11116577,32815.0700
1626315771747000,0,0.06600000,32831.7600
1626315772729000,0,0.00800000,32831.7600
1626315773743000,0,0.00100000,32831.1000
1626315776424000,0,0.10000000,32827.7300
1626315776424000,0,0.08115012,32828.2300
1626315817446000,0,2.23170000,32812.6800
1626315846202000,0,0.07755327,32816.8000
1626315846202000,0,0.09761765,32816.8000
1626315846212000,0,0.15125636,32816.8000
1626315846572000,0,0.08250348,32816.8000
1626315846578000,0,1.17876924,32816.8000
1626315857355000,0,0.00291000,32821.1000
1626315878925000,0,0.00306000,32831.1100
1626315893611000,0,0.00139384,32823.3900
1626315910785000,0,0.00583000,32829.5700
1626315941204000,0,0.05000000,32822.2000
1626315942937000,0,0.00321000,32822.2000
1626315943828000,1,0.00300000,32817.8300
1626315952177000,1,0.00248242,32801.7900
1626315964341000,0,0.00845000,32818.7700
1626315998485000,1,0.10000000,32790.8400
1626315998485000,1,0.15243271,32790.5600
1626315998485000,1,1.20000000,32789.8100
1626315998485000,1,0.14354537,32789.7100
1626315998485000,1,0.22864505,32788.3000
1626315998485000,1,0.13873930,32784.4900
1626316048493000,1,0.00189795,32777.6100
1626316048493000,1,0.15249301,32777.5900
1626316070706000,0,0.00146000,32780.0300
1626316079314000,0,0.10000000,32786.3400
1626316079314000,0,0.01098728,32789.6500
1626316088037000,0,0.01459000,32788.0700
1626316107647000,0,0.00737000,32781.0000
1626316160516000,1,0.00366988,32779.6900
1626316161910000,0,0.00292000,32803.9900
1626316200329000,0,0.00147000,32788.0900
1626316218175000,0,0.00080000,32770.0700
1626316223306000,0,0.00895000,32757.0600
1626316235830000,1,0.10000000,32753.4300
1626316245216000,1,0.10000000,32736.9300
1626316245216000,1,0.11015120,32736.4300
1626316245217000,1,0.16986323,32736.4300
1626316245221000,1,0.50198557,32736.4300
1626316245226000,1,0.15266334,32736.3800
1626316245226000,1,0.06679080,32733.7500
1626316246785000,1,0.00065003,32730.0000
1626316260899000,1,0.10000000,32731.2400
1626316260899000,1,0.37180000,32730.7400
1626316260899000,1,0.51823060,32730.7400
1626316272505000,0,0.00877000,32744.4800
1626316273900000,1,0.02799252,32725.5400
1626316298400000,0,0.11723113,32739.3100
1626316298444000,0,0.12476887,32739.3100
1626316305493000,0,0.00920000,32746.4100
1626316333709000,0,0.00876000,32748.1300
1626316339377000,0,0.00080000,32734.3900
1626316339377000,0,0.01454000,32748.1300
1626316340065000,0,0.00383000,32745.0500
1626316373399000,0,0.06170000,32748.1300
1626316376541000,0,0.03504000,32767.9900
1626316384151000,1,0.15053304,32756.1600
1626316417210000,1,0.01496671,32750.2100
1626316424987000,0,0.00525000,32779.6000
1626316430496000,0,0.03561000,32781.3100
1626316452025000,0,0.02262000,32775.2000
1626316475903000,0,0.00184000,32783.2900
1626316496461000,0,0.00459000,32800.0700
1626316501188000,0,0.00144000,32794.4800
1626316501188000,0,0.00031000,32805.2100
1626316510297000,0,0.00175000,32804.1000
1626316536186000,0,0.00428000,32777.4300
1626316589970000,0,0.01399000,32773.9400
1626316597064000,0,0.01752000,32774.4400
1626316628168000,1,0.47250000,32762.7700
1626316628168000,1,0.23580000,32762.7300
1626316628168000,1,0.01070000,32762.7300
1626316628168000,1,0.24868844,32755.7000
1626316628168000,1,0.02234217,32754.9200
1626316632622000,0,0.00245000,32778.6400
1626316639628000,0,0.00300000,32778.0500
1626316647610000,1,0.22060000,32759.3300
1626316647610000,1,0.44210000,32750.7700
1626316647610000,1,1.20000000,32750.7200
1626316647610000,1,0.05000000,32749.9500
1626316647610000,1,0.15259539,32749.9400
1626316647610000,1,0.90087369,32749.1100
1626316647610000,1,0.89975024,32749.1000
1626316647610000,1,0.00200000,32749.1000
1626316647610000,1,0.07964284,32748.5500
1626316687749000,1,0.16033506,32741.9400
1626316688955000,0,0.00286000,32753.9500
1626316693915000,0,0.00438000,32759.3000
1626316700855000,0,0.09800000,32752.7200
1626316700919000,0,0.03495027,32752.7200
1626316701082000,0,0.00196000,32752.7200
1626316701112000,0,0.03000000,32752.7200
1626316701184000,0,0.07000000,32752.7200
1626316701335000,0,0.04704000,32752.7200
1626316701839000,0,0.08000000,32752.7200
1626316701871000,0,0.00624973,32752.7200
1626316705156000,0,0.02758000,32777.4900
1626316706426000,0,0.00584000,32775.8400
1626316707949000,0,0.03000000,32764.2300
1626316708252000,0,0.01000000,32764.2300
1626316708543000,0,1.08000000,32764.2300
1626316708563000,0,0.00010000,32764.2300
1626316736329000,0,0.00300000,32763.5900
1626316736394000,0,0.00920000,32763.5900
1626316741743000,0,0.01000000,32762.0200
1626316741837000,0,0.04903622,32762.0200
1626316759922000,0,0.00475398,32762.8200
1626316760181000,0,0.11538618,32762.8200
1626316760221000,0,0.00200000,32762.8200
1626316760552000,0,0.11366498,32762.8200
1626316760574000,0,0.36350161,32762.8200
1626316760682000,0,0.00100000,32778.7400
1626316788033000,0,0.00512000,32768.8000
1626316798918000,0,0.10000000,32755.7500
1626316798921000,0,0.00950000,32755.7500
1626316819918000,1,0.00813000,32728.6200
1626316824793000,0,0.00148000,32745.8900
1626316834541000,0,0.04598000,32751.2000
1626316849593000,0,0.13000000,32740.8400
1626316849603000,0,0.07000000,32740.8400
1626316849632000,0,0.04630500,32740.8400
1626316849839000,0,0.02000000,32740.8400
1626316849867000,0,0.05000000,32740.8400
1626316849906000,0,0.13426000,32740.8400
1626316849964000,0,0.09866973,32740.8400
1626316850296000,0,0.02000000,32740.8400
1626316850342000,0,0.11666527,32740.8400
1626316869692000,1,0.15265508,32743.2000
1626316869704000,1,0.17391731,32749.0400
1626316869706000,1,0.06448269,32749.0400
1626316869758000,1,0.28971365,32749.4900
1626316869758000,1,0.10860260,32749.4900
1626316869760000,1,0.07818375,32749.4900
1626316869790000,1,0.22894964,32742.6500
1626316869858000,1,0.30530262,32733.1100
1626316877290000,1,0.03000000,32723.3300
1626316879289000,0,0.00460000,32724.4300
1626316892709000,0,0.00282000,32726.5600
1626316905387000,1,0.00065002,32705.0000
1626316905387000,1,0.16688462,32705.0000
1626316905400000,1,0.20530805,32705.0000
1626316905401000,1,0.11796973,32705.0000
1626316905401000,1,0.01057760,32705.0000
1626316905401000,1,0.19880835,32705.0000
1626316905401000,1,0.00612992,32705.0000
1626316905403000,1,0.03661519,32705.0000
1626316905403000,1,0.09478673,32705.0000
1626316905422000,1,0.13190491,32705.0000
1626316905443000,1,0.03101490,32705.0000
1626316905958000,1,0.03000000,32706.8400
1626316912890000,0,0.00301000,32716.6600
1626316930287000,0,0.00184000,32722.1300
1626316935698000,0,0.35466000,32722.1300
1626316936076000,1,0.39270000,32716.6800
1626316936076000,1,0.53382969,32716.6400
1626316945131000,0,0.00292000,32746.1200
1626316945486000,0,0.00361000,32746.1200
1626316956965000,0,0.00920000,32742.6300
1626316990437000,0,0.00319000,32750.6900
1626316990595000,0,0.15138441,32750.6900
1626317024736000,0,0.00282000,32753.3200
1626317045982000,0,0.00584000,32753.2300
1626317051152000,0,0.12706370,32762.2300
1626317051152000,0,1.20000000,32765.5500
1626317051152000,0,0.29575864,32767.1800
1626317051152000,0,0.33801576,32767.8600
1626317054135000,0,0.00295000,32751.3900
1626317056755000,0,0.56445000,32751.3900
1626317062483000,0,0.10000000,32761.5500
1626317062483000,0,0.03141000,32762.0500
1626317074282000,0,0.00306000,32763.9200
1626317118128000,0,0.02044000,32759.4300
1626317121778000,0,0.01839000,32759.4300
1626317122513000,1,0.00080000,32751.8900
1626317122513000,1,0.00057663,32736.8400
1626317155956000,0,0.00460000,32760.0600
1626317166491000,0,0.00133609,32767.0600
1626317211212000,0,0.00163000,32774.6000
1626317218257000,0,0.00442000,32774.5600
1626317226576000,0,0.00306000,32771.7400
1626317231663000,0,0.00295000,32770.8100
1626317240417000,1,0.00186361,32759.6800
1626317249140000,1,0.00080000,32768.5100
1626317269650000,0,0.11388777,32783.4500
1626317269674000,0,0.09205255,32783.4500
1626317270654000,0,0.06905968,32783.4500
1626317270654000,0,0.00847134,32783.4500
1626317272432000,0,0.08752866,32783.4500
1626317276917000,0,0.01167000,32789.1700
1626317291780000,0,0.14878156,32781.4500
1626317315856000,0,0.00150000,32764.4500
1626317336129000,0,0.02650000,32764.7400
1626317352872000,0,0.01752000,32762.7600
1626317371367000,0,0.01474000,32759.7600
1626317436768000,0,0.00181000,32746.0600
1626317436768000,0,0.00019000,32754.1600
1626317442923000,0,0.00442000,32758.6900
1626317444314000,0,0.00175000,32759.0900
1626317464679000,0,0.03045261,32755.8100
1626317474836000,1,0.08900000,32747.3400
1626317474836000,1,0.19030000,32746.8400
1626317474836000,1,0.38120000,32745.6300
1626317474922000,0,0.54417786,32745.6300
1626317474922000,0,0.14530142,32745.6300
1626317474932000,0,0.80052735,32745.6300
1626317474934000,0,0.26243131,32745.6300
1626317474934000,0,1.75175026,32745.6300
1626317474946000,0,0.49061449,32745.6300
1626317474949000,0,0.11129882,32745.6300
1626317475007000,0,0.16632295,32745.6300
1626317475020000,0,0.18883283,32745.6300
1626317475060000,0,0.40655000,32745.6300
1626317475087000,0,0.37000000,32745.6300
1626317475135000,0,0.37000000,32745.6300
1626317475138000,0,0.40000000,32745.6300
1626317475206000,0,0.20000000,32745.6300
1626317475436000,0,0.60000000,32745.6300
1626317475468000,0,0.60000000,32745.6300
1626317475569000,0,0.40000000,32745.6300
1626317475680000,0,0.60000000,32745.6300
1626317475705000,0,0.01539768,32745.6300
1626317475710000,0,0.07827304,32745.6300
1626317475714000,0,0.08984863,32745.6300
1626317475749000,0,0.08599010,32745.6300
1626317475752000,0,0.20000000,32745.6300
1626317475766000,0,0.16812167,32745.6300
1626317475786000,0,0.11957321,32745.6300
1626317475824000,0,0.15486249,32745.6300
1626317475979000,0,0.00150000,32763.8700
1626317495528000,0,0.00460000,32771.3700
1626317515368000,0,0.00147000,32775.5600
1626317546382000,0,0.00900000,32764.6100
1626317547389000,0,0.01700000,32764.5600
1626317548389000,0,0.03100000,32764.5600
1626317553391000,0,0.03400000,32758.0200
1626317554398000,0,0.02000000,32758.0200
1626317563411000,1,0.19070000,32749.3400
1626317563411000,1,0.15262665,32744.0500
1626317563411000,1,0.38110000,32738.5400
1626317563411000,1,0.99353250,32738.4900
1626317563411000,1,0.30520794,32738.4800
1626317563411000,1,0.94051368,32736.3000
1626317563411000,1,0.09864500,32736.0500
1626317563411000,1,0.97586570,32734.7200
1626317563963000,0,0.01410000,32758.0200
1626317577660000,1,0.15262392,32744.1700
1626317577763000,0,0.15262392,32744.1700
1626317577786000,0,1.14000000,32744.1700
1626317577816000,0,1.14000000,32744.1700
1626317577884000,0,0.00359124,32744.1700
1626317578110000,0,0.64000000,32744.1700
1626317578132000,0,0.64000000,32744.1700
1626317578175000,0,0.05292000,32744.1700
1626317578882000,0,0.00718313,32744.1700
1626317578952000,0,0.55000000,32744.1700
1626317578978000,0,0.55000000,32744.1700
1626317579172000,0,0.13230000,32744.1700
1626317579385000,0,0.15261238,32744.1700
1626317579437000,0,0.14000000,32744.1700
1626317579528000,0,0.14000000,32744.1700
1626317579827000,0,0.02450000,32744.1700
1626317580193000,0,0.00392000,32744.1700
1626317580657000,0,0.01936774,32744.1700
1626317580934000,0,0.08626870,32744.1700
1626317581128000,0,0.00063014,32744.1700
1626317581801000,0,0.03038000,32744.1700
1626317582419000,0,0.00152292,32744.1700
1626317582805000,0,0.01289876,32744.1700
1626317583490000,0,0.31920186,32744.1700
1626317584205000,0,0.04922736,32744.1700
1626317584439000,0,0.00117000,32744.1700
1626317585078000,0,0.52118098,32744.1700
1626317585106000,0,0.05984715,32744.1700
1626317585527000,0,0.06272000,32744.1700
1626317586026000,0,0.00294000,32744.1700
1626317586222000,0,0.06566000,32744.1700
1626317586679000,0,0.00062426,32744.1700
1626317586929000,0,0.08330000,32744.1700
1626317587812000,0,0.15263343,32744.1700
1626317587825000,0,0.15000000,32744.1700
1626317587893000,0,0.40000000,32744.1700
1626317587955000,0,0.15000000,32744.1700
1626317588021000,0,0.70000000,32744.1700
1626317588095000,0,0.35000000,32744.1700
1626317588178000,0,0.08722000,32744.1700
1626317588239000,0,0.15000000,32744.1700
1626317588452000,0,0.00967817,32744.1700
1626317589320000,0,0.04214000,32744.1700
1626317589392000,0,0.00303283,32744.1700
1626317589550000,0,0.04400000,32744.1700
1626317589554000,0,0.22892785,32744.1700
1626317589697000,0,0.15261600,32744.1700
1626317589801000,0,0.02900000,32744.1700
1626317590357000,0,0.11760000,32744.1700
1626317590817000,0,0.01235192,32744.1700
1626317590917000,0,0.15261600,32744.1700
1626317590919000,0,0.22892785,32744.1700
1626317590951000,0,0.03748377,32744.1700
1626317591106000,0,0.00115773,32744.1700
1626317591437000,0,0.00131124,32744.1700
1626317592195000,0,0.52272082,32744.1700
1626317592440000,0,2.33240000,32744.1700
1626317592552000,0,0.15261600,32744.1700
1626317592552000,0,0.22892785,32744.1700
1626317592971000,0,0.00373379,32744.1700
1626317593284000,0,0.50000000,32744.1700
1626317593358000,0,0.25000000,32744.1700
1626317593371000,0,0.84025146,32744.1700
1626317594093000,0,0.05880086,32753.1200
1626317594787000,0,0.00098000,32753.1200
1626317595851000,0,0.05782000,32753.1200
1626317596859000,1,0.15261030,32746.0500
1626317596896000,0,0.00098000,32753.1200
1626317598688000,1,0.19070000,32747.6400
1626317621062000,0,0.01100000,32758.6000
1626317625121000,0,0.02700000,32758.2100
1626317628050000,0,0.01900000,32759.1300
1626317630136000,0,0.01700000,32753.8700
1626317645329000,0,0.03000000,32760.0500
1626317645343000,0,0.28000000,32760.0500
1626317656085000,0,0.02000000,32767.4400
1626317656129000,0,0.05000000,32767.4400
1626317656138000,0,1.16830000,32767.4400
1626317665899000,1,0.14653509,32766.2300
1626317665976000,0,0.00100000,32774.2100
1626317666250000,1,0.38870000,32766.2800
1626317669129000,0,0.02000000,32774.2100
1626317669129000,0,0.00131000,32776.5700
1626317688858000,1,0.10486000,32771.9200
1626317688887000,1,0.04764681,32771.9200
1626317688887000,1,0.22875150,32771.4800
1626317702589000,0,0.00163000,32781.8500
1626317707154000,1,0.00152684,32768.5300
1626317707232000,1,0.38897316,32768.5300
1626317708177000,1,0.15766985,32768.9300
1626317708205000,1,0.14486741,32768.9300
1626317708369000,1,0.08816274,32768.9300
1626317710754000,1,0.01566200,32768.9300
1626317712549000,1,0.00152695,32769.8300
1626317712813000,1,0.01586600,32769.8300
1626317713384000,1,0.00152695,32769.8300
1626317714071000,1,0.00152742,32769.8300
1626317714906000,0,0.00876000,32777.5300
1626317716273000,1,0.13491098,32769.8300
1626317716407000,1,0.09653072,32769.8300
1626317716730000,1,0.13491000,32769.8300
1626317716823000,1,0.15252000,32767.7000
1626317716827000,1,0.00000631,32767.7000
1626317716900000,1,0.15252631,32768.8300
1626317716901000,1,0.15252631,32768.8300
1626317736699000,1,0.20381000,32765.7300
1626317741351000,1,0.00947100,32757.8300
1626317746766000,1,0.00308394,32753.3300
1626317769772000,1,0.00308394,32756.6700
1626317782091000,0,0.00657000,32765.4100
1626317788649000,0,0.00117000,32771.5900
1626317800900000,0,0.00438000,32764.3200
1626317803996000,0,0.00175000,32768.8800
1626317812788000,0,0.09300000,32769.3700
1626317812788000,0,0.19000000,32769.3800
1626317830337000,0,0.00631000,32769.8000
1626317843963000,0,0.00886000,32761.2200
1626317882455000,0,0.00111000,32765.0600
1626317889471000,0,0.00175000,32766.7400
1626317894129000,0,0.00100000,32766.7400
1626317895190000,0,0.00100000,32766.7400
1626317896076000,1,0.02131248,32754.8800
1626317896860000,0,0.00100000,32766.7400
1626317897146000,0,0.00292000,32766.7400
1626317900170000,0,0.00200000,32766.7400
1626317904315000,0,0.00285000,32777.1900
1626317928482000,0,0.00146000,32774.2700
1626317929818000,0,0.11000000,32763.0600
1626317929824000,0,0.00397719,32763.0600
1626317935852000,1,0.45000000,32756.7300
1626317935901000,1,0.15259811,32756.1300
1626317936113000,1,0.15259811,32758.8300
1626317936793000,1,0.44620000,32757.8300
1626317938760000,1,0.44020000,32757.8300
1626317967139000,0,0.00200000,32777.1900
1626317968118000,0,0.01300000,32777.1900
1626317973783000,0,0.00015000,32777.1900
1626317973783000,0,0.00146000,32785.3800
1626318011951000,0,0.01000000,32759.6000
1626318012632000,1,0.19381482,32750.0000
1626318012717000,1,0.03400000,32750.0000
1626318012722000,1,0.21272014,32750.0000
1626318041458000,0,0.00149000,32738.9700
1626318046735000,1,0.32040000,32724.0400
1626318080491000,0,0.01096000,32731.1700
1626318160682000,0,0.00098000,32710.9400
1626318160704000,0,0.00292000,32710.9400
1626318160998000,0,0.24000000,32710.9400
1626318161328000,0,0.00691878,32710.9400
1626318161666000,0,0.15000000,32710.9400
1626318162093000,0,0.17000000,32710.9400
1626318162222000,0,0.00399000,32710.9400
1626318162338000,0,0.17000000,32710.9400
1626318162677000,1,0.15572122,32706.9500
1626318162687000,1,0.16427878,32706.9500
1626318162723000,0,0.05000000,32710.9400
1626318163750000,1,0.19060000,32706.7400
1626318163891000,0,0.00249000,32710.9400
1626318164365000,1,0.10525072,32701.8600
1626318168251000,1,0.19060000,32700.4400
1626318180392000,0,0.01692000,32708.0500
1626318181234000,1,0.19050000,32697.2400
1626318191023000,0,0.01000000,32710.9400
1626318191812000,0,2.01000000,32710.9400
1626318194373000,0,0.00100000,32710.9400
1626318196377000,0,0.00156614,32710.9400
1626318196490000,0,0.00003196,32710.9400
1626318198547000,0,0.01600000,32718.0100
1626318198547000,0,0.24119030,32720.3000
1626318214982000,0,0.10000000,32723.0500
1626318214982000,0,0.19080000,32723.3600
1626318214982000,0,0.95675531,32724.8900
1626318214982000,0,0.38160000,32724.9000
1626318214982000,0,0.76938372,32724.9500
1626318216802000,1,0.00340000,32707.5900
1626318216827000,1,0.01571300,32706.8400
1626318226011000,0,0.02798000,32722.0600
1626318279455000,1,0.38160000,32687.6400
1626318279455000,1,0.19060000,32686.7500
1626318279455000,1,1.20000000,32683.5100
1626318279455000,1,0.00400000,32681.4700
1626318279455000,1,0.15293971,32681.4600
1626318279455000,1,0.00065001,32680.0000
1626318279455000,1,0.03104838,32678.9900
1626318290322000,0,0.00731000,32706.1100
1626318291672000,0,0.14563797,32706.1100
1626318293505000,0,0.01700000,32714.2500
1626318301380000,0,0.00295000,32722.4200
1626318322890000,0,0.00600000,32719.1300
1626318330126000,1,0.00489895,32702.6400
1626318347540000,0,0.02797000,32719.0300
1626318354856000,0,0.00439000,32715.3200
1626318363395000,0,0.00204000,32722.4200
1626318363395000,0,0.00381000,32724.1500
1626318379416000,0,0.01000000,32724.1500
1626318379466000,0,0.00019000,32724.1500
1626318389287000,0,0.01000000,32732.3300
1626318389293000,0,0.00200000,32732.3300
1626318393235000,0,0.00584000,32740.5100
1626318413211000,0,0.01520000,32735.6000
1626318441406000,0,0.00114000,32735.3000
1626318444393000,0,0.00298540,32735.3000
1626318466532000,0,0.00438000,32735.3000
1626318475647000,0,0.09349460,32735.3000
1626318476097000,0,0.00716000,32740.5100
1626318476097000,0,0.16000000,32740.5100
1626318492697000,0,0.01000000,32748.6900
1626318492861000,0,0.00100000,32748.6900
1626318502173000,1,0.11566086,32752.9300
1626318523393000,0,0.01000000,32756.8700
1626318523461000,0,0.00300000,32756.8700
1626318572331000,0,0.00169000,32747.0200
1626318598923000,0,0.00431000,32747.0200
1626318598923000,0,0.01818000,32751.2700
1626318635159000,0,0.00070000,32729.4300
1626318635256000,0,0.00100000,32729.4300
1626318666781000,1,0.10000000,32697.5000
1626318666781000,1,0.23850000,32695.5500
1626318666781000,1,0.23585628,32695.3000
1626318667949000,0,0.00694000,32712.3600
1626318672256000,0,0.00313000,32726.5900
1626318672846000,0,0.02166548,32722.5500
1626318683387000,0,0.00439000,32725.3600
1626318683959000,0,0.00591000,32726.5300
1626318698273000,0,0.00292000,32726.8000
1626318707749000,0,0.00590000,32727.9200
1626318714819000,0,0.00196000,32727.3100
1626318752942000,0,0.00510000,32727.9200
1626318757289000,0,0.00800000,32736.1000
1626318757289000,0,0.01855000,32740.2100
1626318804989000,0,0.11863458,32727.6800
1626318804989000,0,0.26955393,32730.6100
1626318804989000,0,0.22529694,32734.4000
1626318823742000,1,0.00198564,32706.7400
1626318832372000,0,0.00153000,32726.4900
1626318866006000,0,0.14078009,32694.6100
1626318866006000,0,0.14145401,32694.6100
1626318874984000,0,0.14367344,32696.7300
1626318874984000,0,0.26697974,32697.8300
1626318924867000,0,0.00154000,32697.8300
1626318924920000,0,0.17080000,32701.3000
1626318924958000,0,0.21100000,32701.3000
1626318967408000,1,0.00080000,32701.9700
1626318975055000,0,0.00126000,32716.0600
1626318977929000,0,0.00731000,32718.0000
1626318980761000,0,0.00800000,32721.4900
1626318980761000,0,0.00734000,32721.7600
1626318990589000,1,0.15190202,32723.0400
1626318990658000,0,0.00100000,32729.6700
1626319011866000,0,0.07400026,32717.0600
1626319038882000,0,0.12599974,32717.0600
1626319038882000,0,0.05300000,32717.0600
1626319048448000,0,0.00602000,32729.6800
1626319083912000,0,0.00398000,32729.6800
1626319093182000,0,0.00900000,32737.8600
1626319093182000,0,0.00575000,32739.8600
1626319109320000,0,0.04917014,32743.0600
1626319119421000,0,0.00900000,32746.0400
1626319120047000,0,0.00558000,32751.9100
1626319127766000,0,0.01000000,32754.2200
1626319159543000,0,0.00526000,32759.8600
1626319168948000,1,0.15265154,32745.8100
1626319169614000,1,0.15684635,32741.0900
1626319169622000,1,0.10695124,32741.0900
1626319169638000,1,0.11790241,32741.0900
1626319195169000,0,0.01396000,32753.4500
1626319228168000,0,0.00267000,32738.0700
1626319261229000,0,0.00460000,32730.3100
1626319273239000,0,0.00989580,32710.9000
1626319285797000,0,0.00977818,32712.8100
1626319286334000,1,0.15287977,32697.2600
1626319286338000,1,0.22934558,32689.5200
1626319286349000,1,0.30579095,32682.6000
1626319286349000,1,0.06151902,32682.5700
1626319286349000,1,0.06450000,32681.6800
1626319286349000,1,2.06819003,32675.9000
1626319286400000,1,0.14711723,32694.3000
1626319286400000,1,0.31488277,32694.3000
1626319286400000,1,0.23090000,32691.8500
1626319286555000,1,0.10000000,32697.4100
1626319286567000,1,0.56933091,32697.4100
1626319286594000,1,0.51507227,32697.4100
1626319286596000,1,0.01559682,32697.4100
1626319286627000,1,0.01100571,32674.5100
1626319286627000,1,0.38222232,32673.6000
1626319286627000,1,0.06168346,32673.2600
1626319295814000,1,0.08020000,32675.6500
1626319295814000,1,0.09722452,32675.1500
1626319310871000,0,0.01038921,32677.1500
1626319317268000,0,0.02551217,32681.2500
1626319329951000,0,0.00600000,32681.9700
1626319330140000,0,0.00887000,32690.6500
1626319376387000,1,0.00153218,32655.3500
1626319376958000,1,0.00153218,32655.3500
1626319377228000,1,0.18813564,32655.3500
1626319378118000,0,0.00150154,32655.3500
1626319381425000,1,0.38260000,32651.7000
1626319382191000,1,0.00064038,32650.0000
1626319383279000,0,0.00035962,32650.0000
1626319383279000,0,0.00483868,32655.2500
1626319384081000,1,0.00153296,32643.0500
1626319385055000,1,0.00099566,32645.0500
1626319412334000,0,0.00003064,32655.3500
1626319412334000,0,0.15879150,32661.7500
1626319416248000,0,0.10000000,32662.0000
1626319416248000,0,0.87910249,32663.0400
1626319422031000,0,0.01431000,32663.0500
1626319423641000,0,0.19100000,32674.2500
1626319423641000,0,0.20000000,32679.6800
1626319423641000,0,0.09833209,32679.6900
1626319430260000,0,0.00853000,32671.3500
1626319430268000,0,0.00531000,32671.3500
1626319438941000,0,0.02457000,32688.8300
1626319443747000,0,0.38190000,32690.9000
1626319443747000,0,0.10722502,32693.3500
1626319496858000,0,0.00282000,32707.7500
1626319506145000,0,0.00731000,32712.3600
1626319516357000,0,0.00162000,32712.3600
1626319529333000,0,0.00174000,32712.3600
1626319567129000,0,0.00292000,32721.1600
1626319601750000,0,0.21600000,32733.4100
1626319624972000,0,0.00207000,32733.8100
1626319637213000,0,0.02914000,32733.8100
1626319639594000,0,0.05700000,32733.8600
1626319639594000,0,0.00940000,32735.0600
1626319644893000,0,0.00153000,32735.0600
1626319651520000,0,0.19070000,32741.0600
1626319669323000,0,0.01195000,32744.6700
1626319673184000,0,0.00153000,32743.6700
1626319680476000,0,0.00292000,32744.7200
1626319687718000,0,0.00278000,32744.7200
1626319696962000,1,0.00070000,32732.1500
1626319717041000,0,0.11527333,32731.3600
1626319737062000,0,0.00149000,32734.8600
1626319746805000,0,0.00146000,32736.1400
1626319779858000,0,0.00169000,32754.9300
1626319789984000,0,0.00766000,32767.7400
1626319792273000,0,0.00800000,32760.0500
1626319792954000,0,0.00900000,32768.2400
1626319797261000,0,0.00900000,32776.4300
1626319797876000,0,0.00080000,32784.6200
1626319802053000,1,0.14326000,32775.1500
1626319865226000,0,0.00149437,32723.6000
1626319865340000,0,0.00003050,32723.6000
1626319946111000,0,0.01256000,32764.3700
1626319955519000,0,0.00837000,32766.6700
1626319969286000,0,0.00150000,32767.1500
1626319996841000,1,0.00025456,32734.2400
1626320020389000,0,0.10000000,32746.0400
1626320020389000,0,0.09103000,32747.1700
1626320069629000,0,0.09850000,32765.7600
1626320069629000,0,0.05040000,32766.2600
1626320086099000,0,0.08760000,32763.3200
1626320097371000,0,0.00140000,32764.9600
1626320100551000,0,0.00204000,32764.8800
1626320142791000,0,0.00183000,32754.6900
1626320142791000,0,0.00017000,32765.0000
1626320148648000,0,0.00619000,32764.9200
1626320151433000,1,0.07000000,32748.2400
1626320163305000,0,0.00266000,32768.2300
1626320184645000,0,0.01805000,32750.8800
1626320203487000,0,0.00351000,32743.1400
1626320204210000,0,0.05259000,32743.1400
1626320242908000,0,0.00146000,32740.5400
1626320271730000,0,0.19070000,32734.9600
1626320305395000,0,0.00292000,32729.7600
1626320341225000,1,0.14976425,32706.1500
1626320346518000,0,0.00910726,32714.1600
1626320365388000,0,0.04604000,32714.1600
1626320368595000,0,0.04387000,32707.7500
1626320377380000,1,0.15285471,32702.9300
1626320382451000,0,0.00221000,32712.4600
1626320389539000,0,0.00876000,32712.4600
1626320393659000,0,0.00307000,32719.2200
1626320409810000,0,0.00400000,32700.9500
1626320410816000,0,0.00100000,32700.9500
1626320422883000,0,0.00410000,32700.9500
1626320453187000,0,0.01170000,32717.0600
1626320459121000,0,0.00238000,32727.7600
1626320471600000,0,0.00458000,32717.6600
1626320523585000,0,0.05848000,32720.3200
1626320527592000,0,0.03400000,32702.9500
1626320528562000,0,0.01200000,32702.9500
1626320529586000,0,0.02100000,32702.9500
1626320529933000,0,0.09399769,32702.9500
1626320530584000,0,0.01700000,32702.9500
1626320530941000,0,0.13025004,32704.1500
1626320535591000,0,0.08500000,32705.7500
1626320536580000,0,0.00600000,32705.7500
1626320537597000,0,0.01700000,32705.7500
1626320538914000,1,0.02000000,32705.0300
1626320538927000,1,0.00700000,32705.0300
1626320582988000,0,0.10700000,32720.3200
1626320582988000,0,0.39378000,32720.4600
1626320588563000,0,0.01022000,32720.4600
1626320588563000,0,0.05115000,32724.9600
1626320627181000,0,0.00600000,32730.6300
1626320627181000,0,0.34158235,32740.7800
1626320644150000,0,0.11983000,32732.8000
1626320662862000,0,0.00219000,32734.3600
1626320663705000,0,0.01242000,32734.3000
1626320682895000,0,0.00080000,32733.0300
1626320683462000,0,0.00421000,32734.7400
1626320691580000,0,0.00278000,32729.2900
1626320716815000,0,0.02685997,32718.1000
1626320726065000,1,0.10000000,32693.2500
1626320726065000,1,0.15286431,32692.7500
1626320726065000,1,1.45000000,32691.2200
1626320726065000,1,0.04000000,32690.3000
1626320726065000,1,0.15588023,32688.9300
1626320726065000,1,0.05881506,32687.8600
1626320745520000,0,0.01462000,32716.9300
1626320749260000,0,0.01517020,32715.7900
1626320751986000,0,0.00602000,32715.2900
1626320801240000,0,0.35524300,32712.0000
1626320801931000,0,0.00206000,32719.5700
1626320827670000,0,0.00119000,32725.0100
1626320833147000,1,0.03370036,32710.1100
1626320834974000,1,0.00152967,32710.1100
1626320837275000,0,0.00152967,32710.1100
1626320837689000,1,0.00152967,32711.8400
1626320845919000,0,0.00155000,32722.9100
1626320893792000,0,0.01315000,32733.6600
1626320926379000,0,0.00613000,32746.6600
1626320928669000,0,0.31033546,32738.7500
1626320929164000,0,0.04228380,32738.7500
1626320929562000,0,0.14003895,32738.7500
1626320929626000,0,0.02000000,32738.7500
1626320929638000,0,0.08435417,32738.7500
1626320929699000,0,0.00100000,32738.7500
1626320930002000,0,0.01000000,32738.7500
1626320930555000,0,0.01000000,32738.7500
1626320930731000,0,0.00200000,32738.7500
1626320931346000,0,0.07000000,32738.7500
1626320931697000,0,0.08435417,32738.7500
1626320931697000,0,0.22329044,32738.7500
1626320931698000,0,0.00234301,32738.7500
1626320950450000,0,0.08380000,32763.4500
1626320950450000,0,1.20000000,32763.7600
1626320950450000,0,0.38100000,32763.7800
1626320950450000,0,0.28451834,32763.8300
1626321013310000,0,0.05100000,32744.0600
1626321014267000,0,0.01600000,32744.0600
1626321017640000,1,0.01000000,32743.9000
1626321017693000,1,0.00300000,32743.9000
1626321027309000,0,0.18500000,32744.8600
1626321028889000,0,0.00085218,32744.8600
1626321028891000,1,0.00500000,32744.8300
1626321029329000,0,0.00454782,32744.8600
1626321029966000,1,0.00045218,32746.6200
1626321045785000,0,0.00100000,32732.7600
1626321048781000,0,0.00200000,32732.7600
1626321057038000,0,0.00117000,32732.7600
1626321057932000,0,0.01169000,32732.7600
1626321071727000,0,0.00292000,32733.0700
1626321088891000,0,0.00117000,32734.6600
1626321100090000,0,0.00207000,32734.6600
1626321117458000,1,0.01445195,32719.7900
1626321123160000,0,0.00119000,32725.2600
1626321170616000,0,0.00146000,32713.3600
1626321195041000,0,0.02340000,32713.3600
1626321223295000,0,0.01580538,32716.0600
1626321229748000,1,0.00352625,32705.5700
1626321233151000,0,0.12755114,32716.6600
1626321269946000,1,0.00098000,32724.6000
1626321270175000,1,0.00002000,32724.6000
1626321278687000,1,0.00440921,32719.5400
1626321283647000,0,0.07400000,32725.2600
1626321299998000,0,0.02408000,32734.3600
1626321306186000,1,0.15275645,32725.2200
1626321306186000,1,0.22911203,32725.1800
1626321309381000,1,0.15277359,32720.6900
1626321340980000,0,0.00452000,32723.6900
1626321341652000,0,0.00439000,32723.6900
1626321417516000,0,0.00156000,32712.3700
1626321417836000,0,0.00234000,32712.3700
1626321418991000,1,0.16995845,32688.3500
1626321419213000,1,0.05104155,32688.3500
1626321419376000,0,0.00631234,32690.7500
1626321419415000,0,0.00630918,32690.7500
1626321425149000,0,0.00158000,32691.1500
1626321468652000,0,0.01463000,32691.1500
1626321481534000,0,0.00200000,32691.1500
1626321487731000,0,0.01463000,32691.1500
1626321488403000,0,0.01463000,32691.1500
1626321490511000,0,0.00200000,32691.1500
1626321492559000,0,0.00700000,32691.1500
1626321494399000,0,0.00449000,32691.1500
1626321494563000,0,0.00600000,32691.1500
1626321495537000,0,0.00100000,32691.1500
1626321527810000,0,0.02728854,32688.0500
1626321528324000,0,0.01472915,32688.0500
1626321528630000,1,0.03722513,32677.2500
1626321536112000,0,0.04128510,32691.1500
1626321602161000,0,0.00259955,32647.8900
1626321603273000,1,0.01800221,32625.8400
1626321610750000,1,0.04000000,32644.8800
1626321610750000,1,0.06000000,32644.8700
1626321610773000,1,0.04000000,32644.8700
1626321610773000,1,0.15309325,32643.3500
1626321610783000,1,0.03000000,32639.2200
1626321610783000,1,0.19963711,32639.2100
1626321610825000,1,0.09353607,32641.9600
1626321610836000,1,0.10736393,32641.9600
1626321610836000,1,0.02873711,32641.8000
1626321610939000,1,0.08200000,32639.7100
1626321617368000,1,0.09999999,32637.6100
1626321617376000,1,0.10000000,32636.4800
1626321617489000,1,0.21200000,32633.5600
1626321621182000,1,0.04000000,32643.9400
1626321621246000,1,0.20860000,32644.4500
1626321621275000,1,0.41690000,32643.9000
1626321621339000,1,0.04000000,32638.6900
1626321622917000,0,0.00148000,32651.3400
1626321631746000,1,0.04000000,32646.0500
1626321638237000,0,0.00154000,32691.1500
1626321669599000,0,0.00300000,32675.4400
1626321674285000,1,0.20394122,32645.9300
1626321677106000,0,0.00148000,32642.3300
1626321695300000,1,0.00064037,32620.0000
1626321695300000,1,0.00238022,32606.0900
1626321695318000,1,0.00000001,32606.0900
1626321695399000,1,0.00079752,32601.0000
1626321695484000,1,0.01024014,32596.9700
1626321695595000,1,0.71946458,32593.6800
1626321696310000,1,0.18804219,32593.6800
1626321696332000,1,0.27766347,32590.9500
1626321696332000,1,0.00064036,32590.0000
1626321719463000,0,0.33000000,32619.5000
1626321719463000,0,0.06061205,32622.1400
1626321729383000,1,0.01024013,32557.9000
1626321729386000,1,0.00000001,32557.9000
1626321729875000,1,0.01237500,32547.1200
1626321729948000,1,0.01237499,32547.1300
1626321730159000,1,0.03077623,32530.0100
1626321730159000,1,0.00065034,32530.0000
1626321730159000,1,0.10117414,32524.3700
1626321730159000,1,0.07999563,32520.6800
1626321730159000,1,0.01024014,32518.8800
1626321730159000,1,0.00716271,32510.0000
1626321730159000,1,0.06230944,32503.6900
1626321730159000,1,0.99964057,32502.5500
1626321730159000,1,0.70805080,32502.5500
1626321731400000,1,0.98762500,32512.5500
1626321731679000,0,0.09850000,32530.1400
1626321731679000,0,0.00468266,32531.1500
1626321731829000,1,0.03190039,32513.4900
1626321732347000,1,2.08300000,32502.5400
1626321733540000,1,0.31000000,32514.2600
1626321733941000,0,0.12244998,32517.5200
1626321736546000,1,0.00079998,32501.0000
1626321736546000,1,0.00065033,32500.0000
1626321736546000,1,0.65000000,32500.0000
1626321736546000,1,0.13462307,32500.0000
1626321736546000,1,0.00429569,32500.0000
1626321736546000,1,0.06461797,32500.0000
1626321736546000,1,0.12500000,32500.0000
1626321736546000,1,0.01001296,32479.9100
1626321737048000,1,0.00022718,32479.9100
1626321737048000,1,0.49977282,32478.9800
1626321737075000,1,0.36231868,32478.9800
1626321737075000,1,0.00065032,32470.0000
1626321737075000,1,0.10903676,32463.9500
1626321737119000,1,0.19561178,32463.9500
1626321737119000,1,0.02961470,32456.9900
1626321737420000,0,1.00033765,32470.1200
1626321737420000,0,0.03400000,32470.1200
1626321737437000,0,0.17566235,32470.1200
1626321737437000,0,0.50000000,32470.1300
1626321737785000,0,0.00261048,32511.2300
1626321737910000,1,0.09947405,32477.2400
1626321753600000,1,0.00158478,32521.5000
1626321754874000,0,0.00941000,32547.7300
1626321756973000,0,0.00148000,32547.7300
1626321757926000,1,0.10000000,32518.4900
1626321762975000,1,0.10000000,32506.6800
1626321763812000,1,0.03395000,32499.3600
1626321764161000,0,0.00137000,32521.5300
1626321765307000,0,0.00245998,32513.6000
1626321771186000,0,0.00189000,32505.8100
1626321777099000,1,1.20000000,32483.8100
1626321777099000,1,0.38420000,32482.1900
1626321777099000,1,0.36511834,32482.1400
1626321807101000,1,0.38450000,32493.1200
1626321809692000,1,0.02000000,32478.7800
1626321810095000,0,0.00601000,32490.3300
1626321826759000,1,0.19230000,32469.1900
1626321826759000,1,0.38440000,32468.5400
1626321826759000,1,0.05806868,32468.4900
1626321834422000,1,1.00000000,32467.5000
1626321835907000,0,0.00300000,32475.5000
1626321837884000,1,0.01925693,32460.3900
1626321839183000,1,0.00154070,32452.7900
1626321839183000,1,0.03300000,32447.2500
1626321839183000,1,0.00065031,32440.0000
1626321839183000,1,0.23834486,32437.1200
1626321839183000,1,0.01909556,32435.7300
1626321839183000,1,0.63702601,32433.7100
1626321839360000,1,0.08751900,32431.8400
1626321839360000,1,0.03300000,32431.8100
1626321839360000,1,0.79540272,32425.3200
1626321844380000,1,0.01010989,32453.0500
1626321851758000,0,0.00198792,32488.5800
1626321852584000,0,0.00530769,32481.2400
1626321862074000,1,0.38440000,32453.5600
1626321862074000,1,0.03386072,32453.5100
1626321862074000,1,0.08173928,32446.5200
1626321863906000,0,0.00295000,32468.9100
1626321890829000,0,0.00303000,32463.3700
1626321905091000,0,0.00587000,32482.9000
1626321916128000,0,0.00100000,32491.7600
1626321916565000,0,0.02000000,32491.7600
1626321930710000,1,0.00454140,32488.0800
1626321948205000,1,0.32056000,32495.2000
1626321957742000,0,0.10000000,32504.3400
1626322004540000,1,0.07477198,32507.6900
1626322004542000,1,0.07317234,32507.6900
1626322004628000,1,0.15375797,32504.1200
1626322010797000,0,0.00738000,32516.4200
1626322013094000,1,0.10850000,32505.0400
1626322020026000,0,0.01553000,32514.0500
1626322046811000,0,0.03300000,32516.9600
1626322046811000,0,0.00458000,32517.4200
1626322080250000,1,0.04024000,32522.9500
1626322080253000,1,0.00000696,32522.9500
1626322080283000,1,0.15373580,32511.0600
1626322102191000,0,0.00553500,32520.4000
1626322107176000,0,0.02168000,32520.4000
1626322113639000,1,0.03805012,32509.5900
1626322143086000,1,0.64900000,32507.2900
1626322143086000,1,0.34276711,32507.2400
1626322143086000,1,0.15373092,32505.5200
1626322143086000,1,0.31470000,32504.7800
1626322143086000,1,0.00842051,32503.5900
1626322160863000,0,0.00588000,32518.3300
1626322161329000,0,0.04065000,32518.3300
1626322162183000,0,0.00000219,32518.3300
1626322162183000,0,0.02732781,32532.3900
1626322170883000,1,0.01000000,32505.6300
1626322182638000,0,0.01188000,32531.0200
1626322209683000,1,0.00520000,32496.1500
1626322222188000,0,0.02408900,32509.1400
1626322228220000,0,0.00235000,32529.8200
1626322243456000,0,0.00463000,32534.3900
1626322282187000,0,0.02215200,32535.6700
1626322303982000,0,0.00277000,32535.6700
1626322324987000,0,0.00256000,32534.4600
1626322327497000,0,0.00294000,32526.3500
1626322335421000,1,0.22782141,32509.3600
1626322335562000,1,0.75000000,32509.3600
1626322335627000,1,0.45000000,32509.3600
1626322335688000,1,0.40000000,32509.3600
1626322335782000,1,0.35000000,32509.3600
