timestamp ms,type,amount,price
1624147242902000,0,0.00163729,35516.9700
1624147251181000,0,0.00135000,35517.4700
1624147272650000,1,0.21116822,35493.6000
1624147272806000,1,0.12131621,35486.7800
1624147272815000,1,0.15257513,35486.7800
1624147272847000,1,0.00767389,35486.7800
1624147285286000,1,0.99948987,35436.9200
1624147285626000,1,0.99942386,35436.9200
1624147285869000,1,0.99963297,35436.9200
1624147285870000,1,0.99953830,35436.9200
1624147285871000,1,0.84422195,35436.9200
1624147319285000,1,0.23653832,35419.4300
1624147319289000,1,0.04552811,35419.4300
1624147319289000,1,0.10888079,35418.2800
1624147319289000,1,0.10162408,35418.2800
1624147319294000,1,0.07157083,35418.2800
1624147319314000,1,0.00339344,35415.1900
1624147319441000,1,0.18208607,35419.4300
1624147319461000,1,0.09998036,35419.4300
1624147319461000,1,0.00564749,35410.4600
1624147319461000,1,0.01411871,35410.4600
1624147319461000,1,0.00943948,35409.1300
1624147319489000,1,0.03670741,35405.5000
1624147324912000,1,0.02823260,35391.7600
1624147329474000,0,0.00422000,35400.2200
1624147337792000,0,0.09483837,35400.2300
1624147337811000,0,0.08617034,35400.2300
1624147338736000,0,0.01433000,35415.4800
1624147339265000,0,0.10000000,35400.1000
1624147340931000,0,0.12739956,35400.1000
1624147341010000,0,0.25360044,35400.1000
1624147361806000,1,0.00134303,35403.5400
1624147366404000,0,0.02973000,35433.1600
1624147381076000,0,0.30700000,35433.2100
1624147388142000,0,0.04046000,35494.9100
1624147395034000,1,0.00080036,35500.7800
1624147395169000,0,0.00302191,35523.7100
1624147395169000,0,0.02999999,35524.6300
1624147395182000,0,0.00000001,35524.6300
1624147395351000,0,0.03332605,35525.7400
1624147395351000,0,0.08331513,35525.7400
1624147397579000,0,1.00859530,35538.1100
1624147399687000,0,0.00492187,35537.1000
1624147399704000,0,0.05000000,35546.6800
1624147399943000,0,0.01700000,35558.3300
1624147400040000,0,0.01629510,35558.3300
1624147400040000,0,0.08323776,35561.9600
1624147403870000,1,0.31053204,35565.3300
1624147403936000,1,0.59636388,35565.3300
1624147403938000,1,0.05310408,35565.3300
1624147415714000,1,0.01207000,35594.5300
1624147427588000,0,0.46907418,35599.9900
1624147432433000,0,0.00553000,35624.3500
1624147444431000,1,0.59766870,35615.4400
1624147446393000,1,0.00070035,35615.4400
1624147447923000,0,0.00058859,35639.3700
1624147455335000,0,0.00040539,35646.3400
1624147455335000,0,0.00019038,35646.3400
1624147457678000,0,0.00059461,35660.0000
1624147458007000,1,0.96000000,35646.8700
1624147463360000,0,0.00418000,35652.2100
1624147493059000,1,0.17165256,35613.7200
1624147493095000,1,0.10980038,35613.7200
1624147493123000,1,0.12969032,35613.7200
1624147494735000,1,0.04592496,35604.8000
1624147497809000,1,0.00000001,35604.8000
1624147500705000,0,0.00168000,35602.6200
1624147507846000,0,0.01612000,35621.4700
1624147517092000,1,0.10000000,35601.0100
1624147517297000,0,0.02600000,35600.7400
1624147529961000,1,0.75100000,35588.1800
1624147537092000,1,0.02200000,35546.4800
1624147547551000,1,0.45577592,35530.0700
1624147547551000,1,0.35140000,35528.0300
1624147547551000,1,0.00492187,35521.9000
1624147547551000,1,0.01518381,35520.3600
1624147547551000,1,0.00607352,35520.3600
1624147547551000,1,0.09800000,35520.3500
1624147547551000,1,0.18469068,35520.3400
1624147555512000,0,0.00058263,35544.9200
1624147559148000,0,0.00611000,35544.8300
1624147574708000,1,0.04200000,35510.4900
1624147575734000,1,0.17600000,35487.6000
1624147581705000,1,0.05000000,35470.1000
1624147581705000,1,0.45000000,35470.0900
1624147585114000,0,0.20028793,35494.6300
1624147587205000,1,0.00612871,35483.7700
1624147595479000,1,0.21141000,35446.2900
1624147595536000,1,0.00000773,35446.2900
1624147595574000,1,0.00059461,35440.0000
1624147595601000,1,0.00566198,35435.9200
1624147595601000,1,0.35231803,35435.8900
1624147595736000,1,0.01415615,35431.6700
1624147595840000,1,0.09929945,35446.2900
1624147595864000,1,0.00566198,35430.5400
1624147595864000,1,0.03000000,35430.5300
1624147595991000,1,0.00566246,35430.5400
1624147595991000,1,0.03680598,35424.7300
1624147596518000,0,0.02980549,35409.9400
1624147597102000,1,0.00566246,35409.1400
1624147597102000,1,0.00629299,35409.1300
1624147597102000,1,0.00566246,35409.1300
1624147597102000,1,0.00038209,35409.1300
1624147597459000,0,0.01000000,35409.9400
1624147597897000,0,0.02272128,35409.9400
1624147598099000,0,0.29647323,35409.9400
1624147598213000,0,0.10000000,35430.5300
1624147598213000,0,0.23041570,35430.5400
1624147598460000,0,0.86958430,35430.5400
1624147604252000,0,0.61030000,35437.9900
1624147604340000,0,0.25000000,35437.9900
1624147617115000,0,0.00266859,35419.3800
1624147617437000,0,0.32433141,35419.3800
1624147617886000,1,0.10000000,35415.0900
1624147637066000,1,0.10000000,35418.6200
1624147637066000,1,0.18700000,35418.1200
1624147637537000,0,0.00272000,35448.7300
1624147642071000,1,0.01731000,35424.8900
1624147652481000,0,0.00190695,35405.5400
1624147653667000,0,0.00139000,35402.4900
1624147655189000,1,0.00059460,35380.0000
1624147655189000,1,0.00569540,35366.6900
1624147657076000,1,0.00059759,35366.6900
1624147657076000,1,0.00040241,35340.8600
1624147658715000,1,0.00458427,35340.3300
1624147658753000,1,0.00458366,35333.4000
1624147658777000,1,0.02993056,35329.6200
1624147658799000,1,0.00629299,35324.3000
1624147658799000,1,0.03906107,35323.9300
1624147658799000,1,0.05000000,35320.0100
1624147658799000,1,0.00059459,35320.0000
1624147658799000,1,0.03663030,35320.0000
1624147659274000,1,0.50000000,35333.4900
1624147659506000,1,0.05396970,35320.0000
1624147659506000,1,0.01200000,35311.3100
1624147659506000,1,0.01145449,35301.0100
1624147659506000,1,0.00458180,35301.0100
1624147659506000,1,0.00073652,35301.0000
1624147659506000,1,0.04983644,35300.0300
1624147660249000,1,0.00456485,35300.0400
1624147660249000,1,0.01141212,35300.0400
1624147660358000,1,0.00350165,35300.9600
1624147660370000,1,0.02649835,35300.9600
1624147660370000,1,0.02000000,35300.0000
1624147660370000,1,0.00100000,35300.0000
1624147660370000,1,0.23245891,35300.0000
1624147660511000,1,0.00738281,35300.0000
1624147660563000,1,0.73169962,35300.0000
1624147660571000,1,0.02695752,35300.0000
1624147660571000,1,0.20000000,35300.0000
1624147660588000,0,0.00456485,35300.0100
1624147660589000,0,0.00035702,35300.0100
1624147660719000,1,0.01105510,35300.0100
1624147660723000,1,0.14307300,35291.0800
1624147660780000,1,0.00458180,35286.8900
1624147660780000,1,0.00120720,35286.8800
1624147660780000,1,0.10155537,35286.6700
1624147660781000,1,0.26600133,35286.6700
1624147660862000,0,0.00150000,35297.8500
1624147660862000,0,0.00286925,35297.8500
1624147661000000,1,0.01200000,35273.4200
1624147661122000,0,0.05000000,35300.0300
1624147661438000,1,0.08073653,35294.3500
1624147661443000,0,0.08861883,35287.4700
1624147661587000,0,0.00278903,35293.8500
1624147662004000,1,0.03000000,35270.1700
1624147662537000,0,0.00504467,35282.0900
1624147663196000,1,0.25347869,35265.4300
1624147663196000,1,0.01943510,35265.4200
1624147663196000,1,0.00060458,35260.0000
1624147663196000,1,0.02843964,35255.5500
1624147663196000,1,0.00492187,35254.0800
1624147663196000,1,0.02000000,35250.0000
1624147663196000,1,0.04982609,35250.0000
1624147663196000,1,0.04000000,35237.2500
1624147663196000,1,0.08329403,35222.7100
1624147664067000,0,0.19999999,35284.4200
1624147664074000,0,0.00000001,35284.4200
1624147664746000,0,0.04004432,35295.9100
1624147664861000,0,0.31432757,35300.0300
1624147664928000,0,0.02597366,35300.0300
1624147664981000,0,0.05741877,35300.0300
1624147665549000,1,0.00492187,35291.5900
1624147665549000,1,0.00507813,35278.1000
1624147666690000,1,0.04000000,35274.3400
1624147666690000,1,0.00382138,35273.7500
1624147668464000,1,0.00382138,35265.1000
1624147668464000,1,0.00955622,35265.1000
1624147668667000,0,0.12294000,35264.2500
1624147670464000,1,0.00492187,35275.0000
1624147670464000,1,0.01481939,35271.9400
1624147671044000,0,0.00200000,35295.9200
1624147671084000,0,0.00000222,35295.9200
1624147673031000,1,0.17680000,35292.6800
1624147673031000,1,0.00402259,35266.9700
1624147673031000,1,0.00402259,35266.9700
1624147673031000,1,0.20414074,35260.9100
1624147673031000,1,0.10000000,35260.8900
1624147673031000,1,0.01101408,35260.8800
1624147678496000,0,0.09909000,35315.3200
1624147680470000,0,0.00000934,35315.3200
1624147680470000,0,0.39999066,35324.1300
1624147682365000,0,0.00067390,35331.8200
1624147682400000,1,0.00391000,35310.8400
1624147692542000,0,0.16000000,35318.7900
1624147692798000,0,0.00690660,35318.7900
1624147701183000,0,0.00507400,35368.3400
1624147706120000,1,0.09108288,35319.7800
1624147706120000,1,0.07891712,35311.8400
1624147707846000,0,0.32200000,35325.7300
1624147726184000,0,0.00541000,35366.0700
1624147748669000,0,0.09400000,35321.0900
1624147757695000,0,0.00923930,35368.3000
1624147767067000,1,0.09454511,35362.3500
1624147767067000,1,0.00045489,35357.6200
1624147771421000,1,0.00490753,35353.7200
1624147771421000,1,0.01264560,35352.7400
1624147793384000,1,0.21203000,35345.7700
1624147793565000,1,0.28269958,35338.2700
1624147797062000,0,0.10000000,35348.9900
1624147797157000,0,0.17650000,35351.3400
1624147797157000,0,0.05000000,35358.2900
1624147799635000,1,0.28270000,35344.4600
1624147799684000,1,0.00000180,35344.4600
1624147807499000,0,0.08400000,35365.7100
1624147829610000,0,0.01385000,35395.9500
1624147832897000,0,0.00124000,35395.9500
1624147838859000,0,0.07948475,35397.8100
1624147838897000,0,0.69472943,35408.4400
1624147838897000,0,0.20000000,35408.5100
1624147838897000,0,0.47952441,35408.5300
1624147838947000,0,0.35300000,35409.3000
1624147851756000,0,0.00130000,35415.5800
1624147857222000,0,0.08600000,35389.4600
1624147858593000,1,0.01000000,35383.9800
1624147866216000,0,0.00811000,35389.3400
1624147868328000,0,0.09000000,35374.5300
1624147875132000,0,0.00156000,35397.8700
1624147877065000,1,0.08796162,35382.0300
1624147877677000,0,0.05503000,35376.6400
1624147877734000,0,0.00000838,35376.6400
1624147878435000,0,0.01722000,35393.0500
1624147880233000,0,0.00000325,35393.0500
1624147887142000,0,0.01800000,35421.1900
1624147894888000,0,0.00492187,35456.5900
1624147894888000,0,0.04906813,35463.9200
1624147897370000,0,0.10000000,35479.5000
1624147897370000,0,0.00060458,35480.0000
1624147897370000,0,0.35200000,35483.0800
1624147897370000,0,0.49542792,35483.1300
1624147897370000,0,0.40234608,35486.2600
1624147904841000,1,0.03575000,35430.2700
1624147907079000,1,0.28900000,35427.7500
1624147908525000,1,0.02368000,35422.2900
1624147910512000,1,0.02797794,35424.8800
1624147910629000,1,0.02797794,35424.8800
1624147913142000,1,0.01894000,35422.2900
1624147913331000,0,0.00650506,35443.5600
1624147913764000,1,0.01212000,35422.2900
1624147914338000,1,0.02797794,35426.9200
1624147918138000,0,0.01472000,35437.8600
1624147919766000,0,0.01404000,35433.9500
1624147925305000,1,0.05693000,35377.3700
1624147925307000,1,0.32517000,35377.3700
1624147937089000,1,0.00250000,35366.6900
1624147937089000,1,0.00050000,35359.4100
1624147937582000,1,0.69610498,35353.9700
1624147937582000,1,0.39525790,35353.9700
1624147937953000,1,0.09592056,35353.9700
1624147937953000,1,0.00492187,35352.4300
1624147937953000,1,0.08125757,35345.8900
1624147939067000,1,0.20000000,35343.9900
1624147941620000,0,0.17660000,35378.3500
1624147941620000,0,0.35320000,35380.0800
1624147979230000,1,0.00150000,35355.9100
1624147979299000,1,0.21198465,35352.6000
1624147979321000,1,0.08115311,35348.4000
1624147984337000,0,0.05800000,35356.5500
1624147988384000,1,0.17640000,35336.9000
1624147988384000,1,0.20570000,35336.6100
1624147989074000,0,0.00209017,35362.3200
1624148006101000,1,0.07300000,35365.9900
1624148007331000,0,0.26900000,35351.0200
1624148008081000,1,0.17640000,35353.5600
1624148008081000,1,0.20570000,35349.7700
1624148024548000,0,0.00122000,35343.3700
1624148026100000,1,0.07651572,35337.6700
1624148026110000,0,0.10048428,35332.1600
1624148029945000,1,0.17630000,35337.6600
1624148029945000,1,0.10000000,35337.6600
1624148029945000,1,0.10580000,35333.8600
1624148033724000,1,0.21210859,35338.4700
1624148033726000,1,0.14089141,35338.4700
1624148033726000,1,0.07121718,35333.8100
1624148040064000,0,0.00257000,35353.9400
1624148041377000,1,0.28291978,35313.4200
1624148041377000,1,0.09282869,35312.1000
1624148041377000,1,0.00635153,35311.6300
1624148048078000,0,0.00141000,35343.0800
1624148049651000,0,0.00155000,35367.3400
1624148065954000,1,0.00581657,35350.1900
1624148076610000,0,0.02321000,35369.9500
1624148081013000,0,0.12041588,35368.6500
1624148085155000,0,0.02892993,35431.3200
1624148085460000,0,0.19304000,35444.1700
1624148108158000,0,0.03379710,35443.4600
1624148116305000,1,0.28208362,35412.0200
1624148116305000,1,0.20180379,35411.9300
1624148116310000,1,0.15075726,35411.9300
1624148116357000,0,0.01600000,35419.0200
1624148116366000,1,0.99922067,35419.9200
1624148116376000,1,0.00799999,35419.9200
1624148116395000,1,0.27677934,35419.9200
1624148118152000,1,0.01761000,35408.3900
1624148120890000,1,0.00501299,35379.6300
1624148120890000,1,0.01253249,35379.6300
1624148121124000,1,0.00501000,35382.4700
1624148121223000,1,0.14056160,35382.4700
1624148125641000,0,0.00777600,35400.9500
1624148127106000,1,0.00465437,35361.1400
1624148127106000,1,0.01099563,35361.1400
1624148136293000,0,0.18300000,35357.0500
1624148144725000,0,0.01406000,35392.9700
1624148157863000,1,0.00434000,35330.4400
1624148157980000,1,0.00000409,35330.4400
1624148158866000,1,0.00249999,35324.3000
1624148161530000,1,0.00000001,35324.3000
1624148161592000,1,0.01599999,35321.0300
1624148161593000,1,0.01599999,35321.0300
1624148161594000,1,0.01599999,35321.0300
1624148161602000,1,0.14240003,35321.0300
1624148166365000,0,0.05349000,35342.0500
1624148186119000,1,0.02230000,35326.7500
1624148186119000,1,0.03770000,35326.7400
1624148191311000,0,0.17125000,35336.3400
1624148207066000,1,0.00250000,35281.9700
1624148207066000,1,0.17650000,35273.7500
1624148212304000,1,0.00060458,35260.0000
1624148219364000,1,0.10000000,35222.0000
1624148219567000,1,0.09090000,35220.0000
1624148219567000,1,0.00118499,35219.0600
1624148220044000,1,0.00000001,35219.0600
1624148241695000,0,0.50000000,35273.9400
1624148241768000,0,0.15100000,35273.9400
1624148243573000,0,0.00211892,35292.7400
1624148245036000,0,0.02826000,35293.7100
1624148253630000,1,0.00442246,35283.0000
1624148253630000,1,0.01395754,35279.5900
1624148258189000,1,0.10000000,35271.7500
1624148258189000,1,0.24050000,35271.2500
1624148258189000,1,0.24361000,35267.3600
1624148259629000,1,0.47780000,35272.3700
1624148259629000,1,0.02429000,35272.3100
1624148263714000,1,0.23170000,35270.3600
1624148263714000,1,0.31027000,35267.3300
1624148263714000,1,0.15815559,35267.3300
1624148263714000,1,0.21251009,35266.7000
1624148263714000,1,0.24286432,35264.9800
1624148267056000,1,0.22990000,35269.7700
1624148267056000,1,0.00010000,35266.7500
1624148268968000,1,0.22450000,35268.6700
1624148268968000,1,0.27766000,35266.7500
1624148268974000,1,0.18234000,35266.7500
1624148268974000,1,0.19976000,35266.7000
1624148278084000,1,0.01882000,35284.6900
1624148279459000,0,0.00423000,35291.8600
1624148280560000,1,0.22090000,35267.5800
1624148280560000,1,0.39245000,35264.3200
1624148283086000,1,0.01204000,35266.5900
1624148283873000,0,0.02554000,35279.8500
1624148288802000,1,0.21770000,35263.3900
1624148288802000,1,0.21257532,35260.8100
1624148288802000,1,0.07194468,35260.1800
1624148293469000,1,0.10000000,35282.3800
1624148293469000,1,0.21720000,35281.8800
1624148293469000,1,0.06490000,35279.9100
1624148293678000,0,0.04100000,35295.0100
1624148294471000,0,0.17300000,35298.3600
1624148296345000,1,0.05000000,35287.6600
1624148296345000,1,0.10000000,35287.6500
1624148296345000,1,0.00800000,35287.1500
1624148296345000,1,0.21239095,35287.1400
1624148296345000,1,0.00800000,35287.1400
1624148296345000,1,0.00800000,35286.2500
1624148296345000,1,0.01600000,35286.2500
1624148296345000,1,0.21076905,35286.2400
1624148297080000,1,0.00492187,35293.6000
1624148297080000,1,0.00007813,35291.3300
1624148309008000,0,0.00141000,35315.2200
1624148317938000,0,0.00205000,35328.1200
1624148333853000,0,0.10000000,35291.8800
1624148333853000,0,0.00492187,35292.8900
1624148333853000,0,0.03058813,35297.4300
1624148339786000,0,0.00312000,35286.6400
1624148361478000,0,0.00150000,35286.3100
1624148361478000,0,0.00637000,35288.2100
1624148366094000,1,0.15800000,35278.8200
1624148367079000,1,0.00408728,35267.6100
1624148367079000,1,0.17291272,35267.4000
1624148376146000,1,0.09500000,35279.4300
1624148377079000,1,0.00190977,35279.4300
1624148377079000,1,0.00570000,35275.9300
1624148377161000,0,0.00039023,35275.3700
1624148378187000,1,0.07718000,35289.0800
1624148387708000,0,0.10000000,35307.6800
1624148387708000,0,0.26771058,35308.1000
1624148400670000,1,0.00000310,35289.0800
1624148405598000,1,0.20238000,35264.2400
1624148426112000,1,0.08800000,35259.8900
1624148427078000,1,0.07888319,35265.3000
1624148427078000,1,0.11311681,35258.6800
1624148437442000,0,0.00141000,35254.7700
1624148441200000,0,0.00137000,35254.7700
1624148443061000,0,0.13991000,35254.7700
1624148443134000,0,0.09631000,35254.7700
1624148447112000,1,0.06300000,35254.3500
1624148447545000,0,0.16500000,35254.9000
1624148456100000,1,0.20645824,35253.3000
1624148456100000,1,0.05354176,35251.0500
1624148456868000,1,0.08004000,35261.7600
1624148457090000,1,0.00000459,35261.7600
1624148458487000,0,0.02984000,35256.5400
1624148459026000,0,0.00787000,35256.5400
1624148467507000,0,0.00189000,35256.5400
1624148478862000,0,0.00298000,35256.5400
1624148483423000,0,0.03741541,35256.5400
1624148489611000,0,0.00909000,35256.4900
1624148490655000,0,0.00000594,35256.4900
1624148496040000,1,0.09384000,35275.0300
1624148496131000,1,0.00000726,35275.0300
1624148496131000,1,0.20237439,35264.4600
1624148496412000,0,0.03000000,35263.0500
1624148496979000,0,0.00306130,35263.0500
1624148498370000,0,0.00255000,35263.0500
1624148498419000,0,0.00000705,35263.0500
1624148500712000,0,0.00099000,35286.3000
1624148504529000,0,0.09474757,35292.1800
1624148505279000,1,0.03949000,35292.1800
1624148516281000,0,0.01777000,35326.4800
1624148531290000,1,0.07408000,35308.2200
1624148542461000,0,0.00836000,35347.7200
1624148549888000,1,0.21222241,35317.0900
1624148559375000,0,0.00150000,35319.9200
1624148559832000,0,0.00124885,35312.1000
1624148581356000,1,0.00150000,35302.5600
1624148589817000,0,0.00271000,35307.4400
1624148598395000,1,0.07568000,35280.1000
1624148611015000,1,0.00000022,35280.1000
1624148611015000,1,0.01233698,35271.0800
1624148618657000,1,0.18736367,35269.5000
1624148618657000,1,0.02512707,35269.5000
1624148618673000,1,0.24991189,35268.1000
1624148618673000,1,0.03343440,35268.1000
1624148618768000,1,0.05659845,35269.5100
1624148621293000,0,0.03255000,35277.1200
1624148633652000,1,0.08179000,35269.8700
1624148636183000,1,0.08624000,35269.9600
1624148648394000,0,0.21264271,35280.5700
1624148653493000,1,0.09072061,35275.6500
1624148682887000,1,0.03081000,35271.6200
1624148682912000,1,0.00000530,35271.6200
1624148708300000,1,0.00208000,35239.6800
1624148708738000,1,0.00000333,35239.6800
1624148715176000,0,0.00667070,35252.5700
1624148715785000,0,0.10598802,35252.5700
1624148715791000,0,0.08917291,35252.5700
1624148715796000,0,0.63705658,35252.5700
1624148715804000,0,0.12111179,35252.5700
1624148726218000,1,0.20000000,35222.6600
1624148726890000,1,1.15200000,35214.6000
1624148726994000,1,0.00500000,35211.4700
1624148727079000,1,0.21000000,35211.4700
1624148727956000,0,0.05000000,35231.6700
1624148729751000,0,0.00265000,35229.2800
1624148730583000,1,0.02354201,35211.4700
1624148743317000,1,0.00079646,35228.5500
1624148769656000,0,0.00150000,35237.7200
1624148769656000,0,0.05000000,35237.7200
1624148769713000,0,0.17901427,35239.8700
1624148769714000,0,0.03389741,35239.8700
1624148785027000,0,0.14722686,35242.4900
1624148785035000,0,0.30614670,35242.4900
1624148785093000,0,0.11105076,35245.7800
1624148785138000,0,0.24324924,35245.7800
1624148785574000,1,0.10000000,35232.4800
1624148785574000,1,0.35410000,35232.0300
1624148785574000,1,0.07760304,35231.9800
1624148785574000,1,0.13490703,35229.4200
1624148797055000,0,0.00109000,35231.8900
1624148813573000,1,0.09020767,35218.0300
1624148813573000,1,0.35420000,35216.5300
1624148813573000,1,0.02143423,35216.4800
1624148813573000,1,0.47312559,35212.2300
1624148813573000,1,0.19478763,35209.3900
1624148813573000,1,0.00492187,35207.3500
1624148813573000,1,0.28381327,35207.0500
1624148813573000,1,0.00756731,35204.5000
1624148813573000,1,0.01650598,35203.1300
1624148813573000,1,0.45861434,35201.6500
1624148813573000,1,0.28383831,35201.6400
1624148813573000,1,0.00073862,35201.0000
1624148813573000,1,0.04000000,35200.0900
1624148813573000,1,0.20000000,35200.0200
1624148813573000,1,0.49613996,35200.0100
1624148813573000,1,0.00060457,35200.0000
1624148813573000,1,0.00100000,35200.0000
1624148813573000,1,0.10000000,35200.0000
1624148813573000,1,0.20000000,35200.0000
1624148813573000,1,0.39209124,35197.9300
1624148816868000,1,0.00700000,35207.0600
1624148821387000,1,0.04800000,35187.0300
1624148821393000,1,0.00928814,35187.0300
1624148825241000,0,0.01500599,35209.2600
1624148830111000,0,0.00114000,35228.3500
1624148837189000,0,0.06000000,35212.3900
1624148837277000,0,0.07500000,35212.3900
1624148851585000,0,0.17700000,35220.5300
1624148890107000,0,0.01070442,35191.7800
1624148896368000,1,0.00936000,35161.5800
1624148896674000,1,0.00000870,35161.5800
1624148896674000,1,0.00450748,35155.2700
1624148896674000,1,0.00453027,35155.2700
1624148896674000,1,0.00407462,35155.2600
1624148896682000,1,0.00000871,35155.2600
1624148896760000,1,0.05717337,35155.0000
1624148897344000,0,0.00408000,35155.2600
1624148897344000,0,0.09592000,35162.0100
1624148897954000,0,0.00574713,35161.5100
1624148901843000,1,0.36860128,35140.0100
1624148901843000,1,0.00060456,35140.0000
1624148902072000,0,0.02024000,35156.0900
1624148903337000,1,0.00378000,35131.9700
1624148903425000,1,0.00000420,35131.9700
1624148903508000,1,0.00946000,35123.5700
1624148905601000,0,0.01092712,35151.7100
1624148906201000,0,0.13400000,35151.7100
1624148915196000,0,0.00816000,35181.1300
1624148915273000,0,0.00816000,35181.1300
1624148915515000,0,0.00816000,35181.1300
1624148927125000,0,0.00142000,35186.0000
1624148940631000,0,0.03363000,35195.5100
1624148941524000,0,0.00000437,35195.5100
1624148941524000,0,0.03363563,35202.8200
1624148943350000,0,0.00000582,35202.8200
1624148949713000,0,0.00597000,35216.7600
1624148968801000,0,0.00226000,35226.6600
1624148985040000,0,0.09940000,35241.3800
1624148985040000,0,0.01515659,35241.8800
1624148997062000,1,0.10600000,35223.0900
1624149015332000,0,0.00668820,35215.1700
1624149024150000,0,0.00686000,35213.8500
1624149025759000,1,0.00150000,35192.1000
1624149026772000,0,0.08152000,35202.9500
1624149027101000,1,0.00287988,35172.6000
1624149027101000,1,0.00712012,35172.5900
1624149034060000,0,0.00109000,35219.6200
1624149035079000,0,0.10000000,35233.6900
1624149055024000,1,0.17710000,35232.4800
1624149059336000,1,0.17720000,35230.9800
1624149059905000,1,0.17700000,35230.8400
1624149090343000,0,0.00141000,35253.3700
1624149107143000,1,0.17071445,35232.8900
1624149107143000,1,0.17728555,35231.3600
1624149110415000,0,0.00565944,35254.3300
1624149116334000,0,0.01221402,35271.7500
1624149120106000,0,0.00285000,35286.6300
1624149137106000,1,0.14100000,35250.1300
1624149140177000,0,0.00189000,35267.7300
1624149146108000,1,0.17690000,35244.4300
1624149146108000,1,0.09510000,35241.3900
1624149171661000,1,0.21265000,35248.6000
1624149177076000,1,0.00000403,35248.6000
1624149177076000,1,0.21271277,35240.1000
1624149177076000,1,0.17680000,35239.7900
1624149177076000,1,0.08848320,35238.6900
1624149180255000,1,0.17720000,35240.1000
1624149180263000,1,0.03551277,35240.1000
1624149180263000,1,0.26594307,35238.6900
1624149180263000,1,0.42531564,35230.6400
1624149180314000,1,0.00346312,35229.5500
1624149180314000,1,0.07773407,35229.5400
1624149180315000,1,0.02226593,35229.5400
1624149180315000,1,0.00346312,35227.0700
1624149201548000,0,0.11348849,35268.6300
1624149201552000,0,0.05851151,35268.6300
1624149201558000,0,0.49200000,35269.3400
1624149207102000,1,0.09900000,35269.6800
1624149221083000,1,0.08695643,35273.2200
1624149221083000,1,0.47016400,35270.1800
1624149221083000,1,0.28324089,35270.0600
1624149221083000,1,0.15963868,35269.4200
1624149223848000,0,0.01220000,35299.5600
1624149251058000,1,0.08869299,35312.1500
1624149251058000,1,0.05628248,35311.1600
1624149251058000,1,0.21224567,35308.8400
1624149251058000,1,0.00326649,35306.0500
1624149251058000,1,0.05000000,35306.0400
1624149251058000,1,0.28299539,35306.0300
1624149251058000,1,0.00816600,35301.8100
1624149251058000,1,0.04000000,35301.8000
1624149251058000,1,0.05725577,35301.2400
1624149251058000,1,0.20052521,35300.5500
1624149267875000,1,0.21215000,35329.2700
1624149267907000,1,0.00000455,35329.2700
1624149269658000,0,0.03490000,35342.0600
1624149270022000,1,0.21221000,35318.5700
1624149270022000,1,0.00000179,35318.5700
1624149272669000,1,0.20925000,35298.5400
1624149277109000,1,0.21200000,35288.8500
1624149300546000,1,0.21237575,35282.7700
1624149300547000,1,0.28317005,35281.6100
1624149347823000,1,0.21243112,35285.1700
1624149361369000,0,0.00428000,35298.8000
1624149384773000,1,0.01221402,35328.8500
1624149392150000,1,0.21214000,35328.8600
1624149394653000,0,0.00193000,35339.8500
1624149396810000,0,0.01624000,35339.8300
1624149405243000,0,0.00109000,35345.7100
1624149405945000,0,0.03000000,35345.7100
1624149413615000,0,0.00279000,35341.2500
1624149428129000,0,0.01270962,35346.2600
1624149451057000,0,0.00060456,35360.0000
1624149469303000,0,0.01207933,35367.8500
1624149501353000,0,0.00906000,35357.4100
1624149502184000,1,0.16220043,35349.5400
1624149510076000,0,0.00207000,35381.2600
1624149525513000,0,0.00406000,35374.6700
1624149528099000,0,0.00287000,35374.6700
1624149531775000,1,0.11374859,35363.1300
1624149531788000,1,0.09823550,35363.1300
1624149531900000,1,0.28264245,35359.2900
1624149537286000,0,0.01352000,35371.6800
1624149540082000,1,0.05641000,35354.3800
1624149588838000,0,0.01380000,35338.0300
1624149596178000,1,0.17660000,35322.9500
1624149596748000,0,0.00040000,35319.9500
1624149637084000,1,0.17680000,35312.5600
1624149637084000,1,0.00020000,35308.3700
1624149649555000,1,0.21230698,35302.9500
1624149650235000,1,0.00207484,35296.8600
1624149650266000,1,0.01348808,35291.1400
1624149651495000,0,0.00109000,35293.1200
1624149673996000,0,0.02790000,35297.4500
1624149675541000,0,0.00415000,35300.6300
1624149687060000,1,0.17670000,35314.4600
1624149693529000,1,0.17660000,35312.5600
1624149696106000,1,0.17670000,35305.0200
1624149705652000,0,0.00030000,35301.7600
1624149707814000,0,0.00030000,35314.2700
1624149731119000,0,0.26500000,35310.9800
1624149733696000,0,0.48680295,35322.6800
1624149733696000,0,0.47906751,35328.0100
1624149733696000,0,0.51766768,35328.0200
1624149733696000,0,0.67869837,35328.0300
1624149733696000,0,0.35320000,35331.0900
1624149733696000,0,0.06112688,35332.0600
1624149734974000,0,0.00230000,35328.0100
1624149737586000,0,0.21200000,35314.8900
1624149747175000,0,0.21200000,35313.0500
1624149749529000,0,0.35000000,35315.0800
1624149756191000,0,0.31843387,35315.5500
1624149756252000,0,0.13646538,35315.5500
1624149756460000,0,0.02010075,35315.5500
1624149757245000,0,0.11773081,35315.2600
1624149757266000,0,0.09126919,35315.2600
1624149766169000,0,0.17600000,35328.3600
1624149768250000,0,0.00812000,35346.9500
1624149794625000,0,0.00176000,35358.8400
1624149800966000,1,0.00169550,35335.0800
1624149800966000,1,0.00423876,35335.0800
1624149800990000,1,0.28283299,35334.5600
1624149802145000,1,0.28289000,35325.8300
1624149808715000,0,0.00287000,35320.7400
1624149809541000,0,0.17313000,35320.7400
1624149816640000,1,0.01188428,35317.4300
1624149827075000,1,0.09300000,35317.4300
1624149827583000,1,0.10734794,35317.4300
1624149841339000,1,0.21223222,35317.4300
1624149841908000,1,0.28300589,35315.5800
1624149842152000,1,0.05619791,35310.9200
1624149842152000,1,0.00166683,35308.5100
1624149842152000,1,0.00416778,35308.5100
1624149842152000,1,0.04595128,35308.4500
1624149842169000,1,0.23935409,35308.4500
1624149842169000,1,0.06841523,35308.4500
1624149844348000,1,0.21131281,35300.0000
1624149855869000,1,0.11649568,35300.0000
1624149855901000,1,0.17219151,35300.0000
1624149855976000,1,0.21235000,35298.7600
1624149873392000,1,0.09679850,35298.5800
1624149873392000,1,0.00163053,35292.3700
1624149873392000,1,0.28315098,35292.3600
1624149873392000,1,0.05639893,35291.4400
1624149873392000,1,0.19163315,35290.1800
1624149873400000,0,0.05000000,35288.9800
1624149873461000,0,0.32038791,35288.9800
1624149890131000,0,0.21200000,35309.8800
1624149890225000,0,0.21200000,35312.7300
1624149900616000,1,0.11819116,35311.7400
1624149900766000,1,0.09854129,35311.7400
1624149900770000,1,0.11819116,35311.7400
1624149900777000,1,0.60000000,35311.7400
1624149900794000,1,0.07360725,35311.7400
1624149900851000,1,0.01564070,35311.7400
1624149915102000,0,0.03182550,35290.7600
1624149917582000,1,0.00217166,35269.1100
1624149917582000,1,0.21250077,35269.1000
1624149945237000,0,0.00231000,35257.4000
1624149965468000,0,0.00814000,35269.4500
1624149975171000,0,0.00138000,35262.0500
1624149987787000,1,0.13494293,35243.0200
1624149987822000,1,0.07784804,35243.0200
1624149987858000,1,0.07074274,35243.0200
1624149989963000,0,0.08571998,35241.7300
1624149989963000,0,0.13428002,35245.6700
1624149996566000,0,0.10000000,35238.6200
1624149996566000,0,0.12000000,35244.8200
1624150016794000,0,0.00400000,35225.4700
1624150017793000,0,0.00795000,35242.2900
1624150020181000,0,0.00543000,35248.2700
1624150045836000,0,0.13045654,35250.0300
1624150045841000,0,0.10051197,35250.0300
1624150046125000,1,0.09668551,35247.9700
1624150046125000,1,0.12931449,35242.6300
1624150046204000,0,0.13465622,35250.0300
1624150046210000,0,0.08737527,35250.0300
1624150061988000,0,0.03797000,35274.1500
1624150065849000,0,0.07910225,35274.2100
1624150066456000,0,0.28900000,35274.2100
1624150076200000,0,0.01013000,35299.3800
1624150086083000,1,0.07790710,35292.0300
1624150086083000,1,0.00009290,35285.6300
1624150087279000,0,0.18400000,35297.1700
1624150106093000,1,0.09100000,35300.2000
1624150107060000,1,0.00032173,35300.2000
1624150107060000,1,0.18208338,35295.5700
1624150107150000,0,0.05159489,35295.5600
1624150116138000,1,0.10000000,35318.2400
1624150116138000,1,0.14800000,35317.7400
1624150127930000,0,0.00271000,35349.7800
1624150143907000,0,0.00428000,35359.0300
1624150177200000,0,0.08400000,35350.2400
1624150216104000,0,0.07290000,35364.9800
1624150236174000,1,0.10000000,35375.6500
1624150266097000,1,0.21182873,35382.6400
1624150266097000,1,0.02917127,35376.8900
1624150276082000,0,0.01124000,35382.6400
1624150281197000,0,0.00205000,35388.9500
1624150281848000,1,0.28255383,35365.5000
1624150306111000,1,0.28268064,35349.1700
1624150306111000,1,0.00031936,35347.0300
1624150340511000,0,0.01083000,35384.3200
1624150366119000,0,0.00000422,35384.3200
1624150367068000,1,0.00386081,35387.8600
1624150367153000,0,0.00013919,35384.6400
1624150378142000,0,0.05198000,35405.1800
1624150387078000,1,0.21179768,35395.4000
1624150387078000,1,0.00020232,35386.7000
1624150389019000,0,0.02305487,35408.3600
1624150407109000,1,0.08000000,35391.1700
1624150414676000,1,0.21181027,35394.6600
1624150414896000,1,0.18789425,35390.5600
1624150414926000,1,0.02394033,35390.5600
1624150416130000,1,0.28200000,35386.7000
1624150421898000,0,0.00270000,35400.3800
1624150424383000,1,0.00022355,35386.7000
1624150424383000,1,0.08933114,35386.7000
1624150424383000,1,0.19309473,35386.7000
1624150424425000,1,0.28247585,35383.0700
1624150426251000,0,0.21800000,35369.8200
1624150447069000,1,0.10000000,35380.6500
1624150457064000,1,0.21186882,35380.8200
1624150457160000,0,0.00013118,35380.1100
1624150457936000,0,0.13200000,35387.4400
1624150467965000,0,0.28748071,35395.0500
1624150470101000,1,0.07140255,35386.6200
1624150470110000,1,0.21102097,35386.6200
1624150470190000,1,0.28247784,35380.1900
1624150476111000,1,0.11900000,35375.5300
1624150477206000,1,0.09290104,35375.5300
1624150477206000,1,0.26609896,35373.6600
1624150477507000,0,0.00541000,35390.6500
1624150482957000,0,0.02451929,35395.0500
1624150497088000,1,0.28246352,35380.5200
1624150497088000,1,0.05753648,35376.0500
1624150501511000,1,0.21190547,35375.9800
1624150501538000,1,0.08698675,35373.6600
1624150503246000,0,0.00243000,35375.3600
1624150503792000,1,0.81500000,35359.9400
1624150510667000,0,0.04496740,35363.3800
1624150526120000,1,0.21200000,35347.0700
1624150553883000,0,0.00265000,35341.6400
1624150559381000,0,0.00552000,35343.0800
1624150575597000,0,0.00271000,35338.9900
1624150579139000,0,0.00150000,35340.8700
1624150579139000,0,0.00272000,35340.8800
1624150586110000,1,0.04000000,35323.1500
1624150587702000,0,0.20000000,35344.7700
1624150594832000,0,0.00109000,35356.2800
1624150596113000,1,0.05900000,35325.3600
1624150606167000,1,0.14900000,35322.7400
1624150612722000,0,0.00650000,35340.1400
1624150630734000,0,0.38400000,35313.8700
1624150646105000,1,0.17300000,35324.4100
1624150647128000,1,0.28286448,35332.0000
1624150647128000,1,0.00013552,35324.4100
1624150651448000,0,0.49829817,35351.2500
1624150651448000,0,0.45327026,35351.2700
1624150651448000,0,0.08380399,35354.7700
1624150651448000,0,0.48349945,35355.7200
1624150651448000,0,0.30772645,35355.7300
1624150651448000,0,0.85822298,35355.8900
1624150657190000,0,0.21200000,35335.8900
1624150677558000,0,0.02199999,35354.6400
1624150686112000,1,0.07400000,35340.2900
1624150696206000,0,0.15300000,35340.2700
1624150715613000,0,0.00091666,35366.6900
1624150717257000,0,0.07800000,35363.4200
1624150751569000,0,0.00324000,35382.1000
1624150756118000,1,0.28269043,35352.6400
1624150756118000,1,0.13730957,35350.7800
1624150757062000,1,0.42100000,35350.7800
1624150776129000,1,0.28254132,35369.4100
1624150776129000,1,0.28445868,35369.0200
1624150777103000,1,0.28300000,35361.0500
1624150779687000,0,0.00366000,35390.2800
1624150797074000,1,0.21191876,35373.1700
1624150797074000,1,0.00008124,35368.4100
1624150806129000,1,0.21192896,35372.2700
1624150806129000,1,0.00007104,35367.7600
1624150807080000,1,0.21192896,35372.2700
1624150807381000,1,0.07057652,35367.7600
1624150836098000,1,0.09300000,35339.6600
1624150846090000,1,0.00150000,35336.7100
1624150846090000,1,0.05000000,35333.6100
1624150846090000,1,0.04850000,35333.6000
1624150857068000,1,0.00100000,35340.8700
1624150873869000,0,0.10000000,35353.6700
1624150873869000,0,0.03690000,35354.1700
1624150897083000,1,0.08651532,35359.0000
1624150897083000,1,0.00048468,35351.9300
1624150906469000,0,0.00068750,35366.6900
1624150917870000,0,0.00090000,35384.5200
1624150922974000,0,0.00902573,35388.2300
1624150924988000,0,0.00068750,35409.1300
1624150924988000,0,0.00060456,35420.0000
1624150925196000,0,0.00000001,35420.0000
1624150928006000,0,0.00068750,35451.6300
1624150929458000,0,0.00060458,35480.0000
1624150929458000,0,0.00074542,35484.3100
1624150932092000,0,0.00068750,35494.1700
1624150948051000,0,0.08208124,35460.9400
1624150949494000,0,0.00153743,35471.7700
1624150963664000,0,0.56346257,35471.7700
1624150963677000,0,0.00492187,35479.8600
1624150963693000,0,0.99981352,35475.9100
1624150963697000,0,0.71978648,35475.9100
1624150963697000,0,0.21148277,35483.7700
1624150963712000,0,0.85970000,35478.5700
1624150963712000,0,0.03335121,35487.4400
1624150963715000,0,0.20414074,35490.1900
1624150963715000,0,0.08337144,35490.2000
1624150964031000,0,0.21148277,35483.7700
1624150964031000,0,0.28197597,35484.2400
1624150964031000,0,0.04738489,35492.6900
1624150964042000,0,0.14744008,35492.6900
1624150964293000,0,0.00492187,35496.2600
1624150964321000,0,0.03334989,35497.0000
1624150964321000,0,0.08337144,35497.0000
1624150969127000,1,0.14558869,35500.7200
1624150969317000,1,0.06559254,35500.7200
1624150976509000,0,0.17313966,35516.6200
1624150978766000,0,0.27800000,35535.8500
1624150979327000,1,0.00492187,35538.3000
1624150979378000,1,0.22660340,35538.3000
1624150985962000,1,0.00140700,35519.0900
1624150987086000,1,0.13800000,35519.0900
1624150988416000,0,0.00059459,35540.0000
1624150988440000,0,1.00043939,35543.4100
1624150988445000,0,0.36046061,35543.4100
1624150993965000,0,0.00134000,35565.3800
1624150997744000,1,0.21086000,35553.6600
1624151000248000,1,0.00000764,35553.6600
1624151000248000,1,0.28111289,35544.0700
1624151000914000,1,0.28111289,35544.0700
1624151005999000,1,0.20918014,35544.0700
1624151006069000,1,0.07193275,35544.0700
1624151006069000,1,0.16608546,35543.5000
1624151006074000,1,0.10901641,35543.5000
1624151006238000,1,0.00607848,35543.5000
1624151007131000,1,0.28111289,35544.0700
1624151007131000,1,0.00006711,35543.5000
1624151007144000,1,0.28111324,35543.5000
1624151013331000,1,0.21101369,35528.9400
1624151016021000,1,0.13149533,35551.8600
1624151016322000,1,0.07938000,35551.8600
1624151019698000,1,0.00000353,35551.8600
1624151019698000,1,0.28119703,35543.0600
1624151019855000,1,0.00000354,35543.0600
1624151019855000,1,0.28121302,35542.2400
1624151020188000,1,0.00000353,35542.2400
1624151022795000,1,0.21096511,35536.3500
1624151023289000,1,0.18938753,35536.3500
1624151023333000,1,0.02157758,35536.3500
1624151038256000,0,0.00059460,35600.0000
1624151038256000,0,0.21153233,35601.0800
1624151038316000,0,0.05000000,35607.1100
1624151038316000,0,0.10000000,35611.8900
1624151038316000,0,0.01682064,35611.9000
1624151038324000,1,0.08617183,35597.8200
1624151038327000,0,0.19110466,35611.9000
1624151038327000,0,0.08974529,35611.9000
1624151038329000,0,0.10688273,35611.9000
1624151038414000,0,0.15731820,35611.9000
1624151038415000,0,0.23861686,35611.9000
1624151038416000,0,0.24917513,35611.9000
1624151038416000,0,0.22172364,35611.9000
1624151038416000,0,0.11825261,35611.9000
1624151038416000,0,0.19033866,35611.9000
1624151038417000,0,1.46152731,35611.9000
1624151038427000,0,0.17632309,35611.9000
1624151038427000,0,0.25234262,35611.9000
1624151038640000,0,0.05641718,35630.9800
1624151038640000,0,0.05680262,35632.1000
1624151038686000,1,0.05616682,35630.7100
1624151038721000,0,0.05000000,35635.0000
1624151038721000,0,0.05000000,35638.3400
1624151038721000,0,0.07513712,35638.3600
1624151038722000,0,0.12781283,35638.3600
1624151038724000,0,0.19515091,35638.3600
1624151038725000,0,0.19589914,35638.3600
1624151041236000,1,0.16006592,35639.6300
1624151041647000,1,0.25048532,35639.6300
1624151046130000,1,0.01049902,35602.1700
1624151046229000,0,0.20950098,35595.9100
1624151047668000,1,0.05000000,35581.4200
1624151048876000,0,0.00150000,35625.5600
1624151048876000,0,0.96830000,35627.2200
1624151049101000,0,0.00150000,35627.2100
1624151075263000,0,0.10000000,35618.4400
1624151075263000,0,0.30462899,35618.8900
1624151077090000,1,0.09960000,35583.8400
1624151077090000,1,0.00140000,35580.8100
1624151078311000,0,0.10000000,35609.3500
1624151078311000,0,0.18860000,35610.3600
1624151094923000,0,0.00084132,35609.5800
1624151095501000,0,0.02207624,35609.5700
1624151102563000,0,0.00215050,35593.7700
1624151105678000,0,0.00267553,35579.9000
1624151107889000,0,0.01600820,35585.6600
1624151112672000,0,0.06000000,35581.5600
1624151117062000,1,0.10000000,35578.5700
1624151128478000,0,0.00171302,35592.6800
1624151135526000,0,0.01817000,35591.4100
1624151136366000,1,0.28095939,35572.4900
1624151137097000,1,0.11000000,35564.9200
1624151137171000,0,0.04000000,35589.8700
1624151137171000,0,0.00150000,35589.8800
1624151137171000,0,0.10000000,35589.8800
1624151137171000,0,0.00150000,35590.4000
1624151137188000,0,0.01088964,35589.8600
1624151137206000,0,0.03911036,35589.8600
1624151137356000,0,0.21083103,35591.4800
1624151137469000,0,0.08268436,35595.0500
1624151147200000,0,0.03800000,35594.2700
1624151173250000,0,0.00269000,35616.7700
1624151177268000,0,0.00100000,35586.5500
1624151179794000,0,0.00163000,35609.0100
1624151187283000,0,0.00109000,35589.3700
1624151194727000,0,0.02800000,35614.6300
1624151194727000,0,0.10000000,35614.6400
1624151194727000,0,0.21065208,35618.7900
1624151194870000,0,0.21065208,35618.7900
1624151194870000,0,0.35114467,35624.2000
1624151197112000,1,0.10500000,35618.7100
1624151211598000,0,0.08922000,35644.9600
1624151225080000,1,0.19685001,35635.9600
1624151227405000,0,0.08842000,35629.9200
1624151230125000,0,0.00167710,35637.8400
1624151232503000,0,0.09333039,35629.6900
1624151232589000,1,1.20666961,35629.7500
1624151233595000,1,0.28061722,35619.6500
1624151233610000,1,0.20000000,35615.1300
1624151233689000,1,0.00492187,35614.7200
1624151233757000,1,0.19217721,35611.5100
1624151235915000,0,0.06262676,35608.4700
1624151246090000,1,0.28100000,35601.6400
1624151261397000,0,0.00403000,35621.4200
1624151264817000,1,0.30906195,35601.6400
1624151264820000,1,0.15313901,35601.6400
1624151264828000,1,0.18482294,35601.6400
1624151264830000,1,0.40468588,35601.6400
1624151264830000,1,0.19221587,35601.6400
1624151264832000,1,0.22495593,35601.6400
1624151264832000,1,0.15947580,35601.6400
1624151264833000,1,0.16921388,35601.6400
1624151264833000,1,0.18942874,35601.6400
1624151277149000,0,0.15500000,35590.3900
1624151317180000,1,0.07800000,35569.6900
1624151342064000,0,0.08276104,35615.1000
1624151342064000,0,0.00492187,35615.4400
1624151342207000,1,0.06659000,35618.6600
1624151342316000,1,0.00000448,35618.6600
1624151347067000,1,0.00200000,35583.6200
1624151352525000,0,0.00425000,35610.5800
1624151366107000,1,0.09585122,35582.1400
1624151373485000,0,0.00014878,35576.4600
1624151383371000,0,0.02689000,35585.5100
1624151387081000,1,0.00492187,35579.4400
1624151387081000,1,0.21074559,35577.0700
1624151387081000,1,0.00033254,35572.8300
1624151387553000,1,0.21074000,35577.0700
1624151417228000,0,0.00419000,35584.1900
1624151426101000,1,0.09474130,35579.0500
1624151426101000,1,0.17041174,35571.5100
1624151426101000,1,0.12784696,35567.4600
1624151428157000,0,0.10000000,35594.5900
1624151428157000,0,0.02000000,35594.5900
1624151436216000,0,0.00700000,35574.6400
1624151437098000,1,0.10000000,35575.1600
1624151437098000,1,0.21075466,35571.1300
1624151437098000,1,0.00024534,35568.9100
1624151448588000,0,0.00274000,35597.1200
1624151451720000,1,0.15389245,35571.9800
1624151482320000,0,0.00564000,35544.6800
1624151486111000,1,0.07800000,35548.0100
1624151487166000,0,0.00150000,35532.1200
1624151487175000,0,0.18250000,35532.1200
1624151494992000,0,0.00250000,35542.5500
1624151496110000,1,0.09809653,35525.6800
1624151496110000,1,0.00792136,35520.4500
1624151496110000,1,0.11198211,35520.4400
1624151503105000,0,0.00150000,35552.1400
1624151503105000,0,0.00133000,35552.1500
1624151514385000,0,0.21103929,35552.9700
1624151517326000,1,0.01110044,35554.0600
1624151520649000,0,0.17700000,35559.5300
1624151523584000,0,0.01118725,35576.2000
1624151526184000,0,0.08800000,35557.1100
1624151528863000,0,0.02200000,35558.8000
1624151532352000,0,0.00269000,35584.6100
1624151537196000,0,0.08391592,35581.8200
1624151537228000,0,0.00408408,35581.8200
1624151546091000,1,0.21900000,35567.0800
1624151550326000,0,0.00150000,35606.2000
1624151550326000,0,0.00492187,35606.2100
1624151550326000,0,0.00177813,35606.4100
1624151556134000,1,0.00900000,35582.2900
1624151561256000,0,0.26400000,35596.9600
1624151565396000,0,0.10000000,35606.4900
1624151565396000,0,0.10000000,35608.0000
1624151565396000,0,0.45118320,35608.0100
1624151565396000,0,0.05495566,35608.4600
1624151565396000,0,0.76870000,35608.4700
1624151565396000,0,0.41300000,35608.5300
1624151565396000,0,0.45447257,35608.9800
1624151565396000,0,0.38410000,35608.9900
1624151565396000,0,0.00150000,35612.6900
1624151565396000,0,0.35130803,35615.1700
1624151565396000,0,0.24868776,35616.5700
1624151567065000,1,0.07704805,35577.8900
1624151567583000,0,0.00495195,35577.1600
1624151567583000,0,0.00500000,35580.9300
1624151585322000,0,0.00138000,35609.3900
1624151585768000,0,0.00537000,35608.3400
1624151596092000,1,0.00150000,35578.1500
1624151596092000,1,0.48536501,35578.1400
1624151596092000,1,0.07413499,35578.1300
1624151621802000,1,0.00492187,35566.4700
1624151621802000,1,0.12479724,35564.5700
1624151621802000,1,0.15619844,35564.5700
1624151621853000,1,0.24851800,35560.5100
1624151621853000,1,0.10271292,35560.5100
1624151621855000,1,0.12794115,35560.1000
1624151621857000,1,0.25482493,35560.1000
1624151637067000,1,0.08300000,35559.8800
1624151648079000,0,0.00780000,35576.3700
1624151676158000,1,0.08200000,35559.5400
1624151677143000,1,0.15400000,35552.4700
1624151682479000,0,0.21091643,35566.1000
1624151684148000,0,0.00269000,35570.1400
1624151686185000,0,0.09200000,35555.0400
1624151707303000,0,0.10000000,35550.9500
1624151707303000,0,0.03456000,35551.4500
1624151717097000,1,0.07954033,35550.8600
1624151717097000,1,0.21369239,35541.3900
1624151717097000,1,0.21076728,35540.1900
1624151736114000,1,0.00150000,35549.2500
1624151736114000,1,0.01950000,35549.2400
1624151746099000,1,0.10000000,35547.2000
1624151747073000,1,1.13200000,35546.7000
1624151754849000,0,0.00823000,35570.4300
1624151756189000,0,0.28700000,35547.8400
1624151757346000,0,0.15400000,35552.4400
1624151764156000,1,0.21088969,35549.7200
1624151766094000,1,0.07885176,35544.8400
1624151766094000,1,0.16114824,35542.4300
1624151779528000,0,0.15542297,35564.1700
1624151792993000,0,0.00150000,35590.3600
1624151792993000,0,0.00127000,35590.3600
1624151796229000,0,0.10000000,35563.9700
1624151797095000,1,0.10000000,35566.5700
1624151797095000,1,0.08800000,35566.0700
1624151806157000,0,0.07500000,35564.0100
1624151818309000,0,0.00217000,35569.8900
1624151839686000,0,0.08583674,35606.8400
1624151839686000,0,0.10000000,35620.8700
1624151839686000,0,0.37002617,35620.8800
1624151847071000,1,0.16500000,35587.3800
1624151855895000,0,0.05954338,35620.8800
1624151859157000,0,0.01008000,35609.5500
1624151876113000,1,0.00150000,35599.7400
1624151876113000,1,0.07050000,35599.7300
1624151877166000,0,0.20192118,35601.5100
1624151877217000,0,0.00907882,35601.5100
1624151881699000,0,0.01000000,35622.1000
1624151881699000,0,0.17078870,35632.6700
1624151881699000,0,0.09600000,35638.9000
1624151881699000,0,0.18640690,35638.9100
1624151924796000,0,0.10000000,35634.8800
1624151933087000,0,0.00063035,35627.1800
1624151938599000,0,0.00166400,35640.9700
1624151941727000,1,0.21044902,35620.8200
1624151942003000,0,0.00620889,35628.3900
1624151951122000,0,0.00153000,35620.5100
1624151965451000,0,0.00537000,35603.9900
1624151982425000,0,0.00390000,35607.0500
1624151994273000,0,0.02669612,35625.4100
1624152006068000,0,0.00424000,35631.4600
1624152007104000,1,0.08100000,35627.2600
1624152009842000,0,0.02022600,35635.1800
1624152011599000,0,0.00148000,35635.1800
1624152019562000,1,0.21048176,35615.9300
1624152026077000,1,0.07990016,35631.9200
1624152026077000,1,0.00009984,35620.7100
1624152037283000,0,0.20000000,35630.6400
1624152037417000,0,0.01000000,35630.6400
1624152043638000,0,0.00150000,35656.7100
1624152043638000,0,0.00126000,35656.7200
1624152043643000,1,0.17242755,35628.6000
1624152057095000,1,0.00150000,35618.2700
1624152057095000,1,0.16150000,35618.2600
1624152090078000,0,0.00140000,35615.9400
1624152094985000,0,0.17554545,35627.0200
1624152133572000,1,0.25105623,35636.9200
1624152134217000,1,0.17174578,35632.6900
1624152165100000,0,0.04189000,35633.2100
1624152168692000,0,0.00149862,35639.4400
1624152172442000,0,0.01030000,35631.7200
1624152178894000,1,0.21052929,35611.3500
1624152179286000,1,0.14699710,35608.6300
1624152209082000,0,0.00215000,35618.9800
1624152227236000,0,0.07600000,35601.5300
1624152236153000,1,0.09493306,35599.4400
1624152236153000,1,0.49898933,35598.9000
1624152236153000,1,0.11807761,35598.8900
1624152239174000,0,0.00298000,35622.1000
1624152245219000,0,0.00159000,35622.1000
1624152247740000,0,0.10915909,35605.8800
1624152247919000,0,0.10184091,35605.8800
1624152256085000,1,0.21058518,35605.1000
1624152256199000,0,0.00041482,35599.9800
1624152256491000,0,0.15356491,35609.8300
1624152256560000,0,0.05743509,35609.8300
1624152266104000,1,0.19400000,35606.1000
1624152267083000,1,0.08672569,35606.1000
1624152267083000,1,0.09593049,35605.1700
1624152267083000,1,0.00034382,35601.6400
1624152272669000,0,0.00043000,35622.1000
1624152272669000,0,0.00150000,35630.4000
1624152272669000,0,0.04000000,35630.4600
1624152272669000,0,0.16926314,35630.5600
1624152272681000,0,0.21056023,35634.3200
1624152272778000,0,0.21056023,35632.2200
1624152274238000,0,0.00971322,35651.2800
1624152276989000,1,0.00150000,35648.7200
1624152276989000,1,0.21031822,35648.7100
1624152277275000,1,0.20881822,35648.7100
1624152290076000,0,0.00059461,35660.0000
1624152290076000,0,0.00638539,35667.8500
1624152290295000,0,0.00492187,35674.6300
1624152290295000,0,0.42437665,35676.3100
1624152290544000,0,0.21030651,35691.7300
1624152290544000,0,0.03313895,35694.4900
1624152290544000,0,0.03450585,35697.1100
1624152290546000,0,0.24590282,35697.1100
1624152290546000,0,0.00372118,35698.0000
1624152290562000,0,0.20854950,35698.0000
1624152290563000,0,0.15061908,35698.0000
1624152290564000,0,0.44764517,35698.0000
1624152290565000,0,0.08207243,35698.0000
1624152290565000,0,0.10739264,35698.0000
1624152290640000,0,0.00073107,35701.0000
1624152290640000,0,0.08284738,35707.0400
1624152290640000,0,0.00625000,35707.6400
1624152290794000,0,0.21540318,35711.3000
1624152290824000,0,0.03313895,35711.2800
1624152290824000,0,0.08284738,35711.2800
1624152290824000,0,0.00195000,35717.7000
1624152295941000,0,0.00562757,35717.7400
1624152296218000,0,0.00059462,35720.0000
1624152296218000,0,0.01028221,35737.4400
1624152296437000,1,0.02843964,35707.5900
1624152296573000,0,0.10192857,35737.4800
1624152296574000,0,0.11047225,35737.4800
1624152296587000,0,0.17254714,35737.4800
1624152296590000,0,0.12309766,35737.4800
1624152296611000,0,0.12453864,35737.4800
1624152299483000,0,0.00593750,35750.4900
1624152301250000,1,0.15333000,35729.5300
1624152318953000,0,0.05227139,35731.2400
1624152324275000,1,0.10000000,35708.5700
1624152351408000,1,0.20997997,35699.1800
1624152351502000,1,0.27996472,35695.3700
1624152406190000,0,0.07400000,35701.5300
1624152418155000,0,0.00804000,35710.9200
1624152421417000,0,0.00857000,35716.0800
1624152476221000,0,0.10000000,35692.1100
1624152476221000,0,0.47412899,35692.6100
1624152476221000,0,0.21021485,35692.6200
1624152476221000,0,0.63285809,35692.9500
1624152476221000,0,0.10000000,35692.9600
1624152476221000,0,0.04000000,35694.0300
1624152476221000,0,0.28029874,35694.3200
1624152476221000,0,1.18690000,35694.6300
1624152476221000,0,0.18148064,35696.2600
1624152476221000,0,0.36667498,35696.4100
1624152483539000,0,0.01567000,35689.5400
1624152493533000,0,0.01400000,35689.4800
1624152496216000,1,0.01900000,35672.1900
1624152503426000,0,0.00307000,35688.3700
1624152506111000,1,0.07876946,35672.1900
1624152507310000,0,0.16723054,35670.6600
1624152507711000,0,0.14861746,35690.0500
1624152507721000,0,0.04038254,35690.0500
1624152507797000,0,0.13238242,35692.1900
1624152508682000,0,0.00107000,35700.3000
1624152508912000,0,0.05395963,35700.3000
1624152508947000,0,0.02881000,35700.3000
1624152508985000,0,0.01172600,35700.3000
1624152508999000,0,0.01314356,35700.3000
1624152509045000,0,0.06782929,35700.3000
1624152509193000,0,0.53746152,35700.3000
1624152515682000,0,0.00670000,35717.6100
1624152516101000,1,0.10000000,35691.2800
1624152516101000,1,0.00200000,35690.2700
1624152517095000,1,0.07420000,35690.7700
1624152517095000,1,0.20780000,35690.2700
1624152517537000,0,0.00268000,35713.2800
1624152530070000,0,0.00804000,35710.4000
1624152537506000,0,0.01000000,35694.9600
1624152544988000,1,0.21008302,35689.5000
1624152546095000,1,0.00492187,35685.8400
1624152546095000,1,0.20507813,35684.4800
1624152546790000,1,0.21008000,35689.5000
1624152546811000,1,0.00000302,35689.5000
1624152546811000,1,0.07009213,35684.4800
1624152546958000,1,0.00492489,35684.4800
1624152546958000,1,0.15338847,35680.0900
1624152548390000,1,0.21016479,35675.0400
1624152553555000,0,0.00180034,35676.1200
1624152560026000,0,0.01419966,35676.1200
1624152584092000,1,0.00200000,35665.1000
1624152586090000,1,0.03900000,35665.0300
1624152593803000,0,0.00268000,35689.5400
1624152596104000,1,0.63266960,35661.2200
1624152597142000,1,0.45000000,35657.6300
1624152607411000,0,0.00033040,35658.2500
1624152616365000,0,0.12200000,35663.8300
1624152617066000,1,0.21023009,35664.0300
1624152617066000,1,0.09876991,35661.2800
1624152626120000,1,0.21000000,35664.0300
1624152642056000,1,0.09257827,35681.0200
1624152642060000,1,0.11752544,35681.0200
1624152642060000,1,0.03409877,35679.5400
1624152664880000,1,0.28721000,35701.7600
1624152666105000,1,0.00000927,35701.7600
1624152666105000,1,0.04899073,35690.2900
1624152693008000,0,0.00199645,35720.3100
1624152693105000,0,0.01114000,35720.3100
1624152707088000,0,0.00080000,35710.8900
1624152709450000,0,0.03483000,35709.6300
1624152715926000,0,0.00251000,35685.3500
1624152725218000,0,0.00610000,35685.3500
1624152725218000,0,0.00194000,35695.5100
1624152732275000,0,0.00677000,35694.9100
1624152755083000,0,0.00391000,35694.9100
1624152756101000,1,0.07998028,35689.7700
1624152756228000,0,0.00001972,35682.4400
1624152756547000,0,0.00672581,35694.9100
1624152794643000,0,0.14400000,35687.4600
1624152806260000,0,0.30788255,35684.4200
1624152815018000,0,0.18211000,35684.4200
1624152816194000,0,0.21100000,35679.3000
1624152829415000,0,0.00000745,35684.4200
1624152829415000,0,0.00557255,35694.1300
1624152838832000,0,0.00804000,35700.1200
1624152845731000,1,0.28016549,35678.6000
1624152858001000,0,0.00262000,35682.5100
1624152860300000,1,0.28023265,35664.9100
1624152860300000,1,0.28024131,35663.7900
1624152914478000,0,0.01324680,35690.5400
1624152936989000,0,0.01281000,35707.6400
1624152937015000,0,0.00000250,35707.6400
1624152976085000,1,0.04000000,35747.1900
1624152976085000,1,0.03100000,35743.0600
1624152987435000,0,0.00059463,35780.0000
1624152987435000,0,0.00742537,35780.0000
1624152987910000,0,0.04257463,35780.0000
1624152988977000,0,0.30000000,35782.0000
1624152988977000,0,0.10000000,35782.0000
1624152990129000,0,0.09757454,35798.8000
1624152990129000,0,0.00072903,35801.0000
1624152990129000,0,0.17867457,35803.6300
1624152990129000,0,0.66453863,35805.7400
1624152990129000,0,0.72270000,35805.9400
1624152990129000,0,0.04000000,35815.7000
1624152990129000,0,0.47470154,35817.5600
1624152990129000,0,0.47636615,35817.5700
1624152990129000,0,0.46826092,35817.5800
1624152993841000,1,0.07200000,35781.8600
1624153006142000,1,0.00150000,35771.2300
1624153006142000,1,0.00050000,35762.0400
1624153035384000,1,0.10600000,35757.7700
1624153045028000,1,0.12688116,35742.6100
1624153045055000,1,0.08282424,35742.6100
1624153045139000,1,0.27959210,35739.3400
1624153067270000,1,0.15394815,35752.2000
1624153067768000,1,0.27957356,35747.8700
1624153088246000,1,0.10146186,35736.2600
1624153106216000,0,0.07100000,35715.9000
1624153116111000,1,0.09352352,35724.8400
1624153116111000,1,0.16947648,35717.1300
1624153126077000,1,0.27986691,35709.6800
1624153126077000,1,0.00013309,35708.4300
1624153130898000,0,0.00492187,35733.2700
1624153130898000,0,0.04760189,35739.5200
1624153139224000,0,0.00150000,35721.1100
1624153139224000,0,0.00118000,35723.1400
1624153156451000,0,0.00241000,35712.6600
1624153157691000,0,0.01393000,35723.1400
1624153164916000,0,0.00803000,35740.4200
1624153166102000,1,0.10000000,35715.8900
1624153166102000,1,0.09700000,35714.8800
1624153177156000,1,0.07200000,35709.1800
1624153186146000,1,0.38900000,35699.6200
1624153196149000,1,0.08182554,35709.6800
1624153196149000,1,0.05617446,35708.6300
1624153197066000,1,0.20000000,35700.1100
1624153206140000,1,0.00500000,35689.8900
1624153208964000,1,0.00492187,35687.1500
1624153208964000,1,0.47921166,35684.2100
1624153208964000,1,0.46684021,35684.2000
1624153208964000,1,0.46940237,35684.2000
1624153208964000,1,0.69868522,35684.1900
1624153208964000,1,0.08673752,35680.3900
1624153208964000,1,0.18968631,35679.3300
1624153208964000,1,0.35009752,35678.5300
1624153208964000,1,0.35011599,35677.2600
1624153208964000,1,0.00992293,35673.2400
1624153208964000,1,0.01511000,35673.2400
1624153208964000,1,0.00281378,35670.7900
1624153211451000,0,0.04334930,35706.8100
1624153216937000,0,0.14200000,35687.1100
1624153226180000,0,0.48900000,35692.6900
1624153229273000,0,0.00804000,35718.8600
1624153236198000,0,0.13800000,35700.3400
1624153237418000,0,0.00218000,35724.0100
1624153246223000,0,0.03900000,35702.8900
1624153247079000,1,0.20999142,35701.6500
1624153247079000,1,0.00492187,35700.9800
1624153247079000,1,0.27908671,35699.2700
1624153254490000,0,0.00529893,35716.0100
1624153256086000,1,0.20999142,35701.6500
1624153256934000,0,0.00000858,35700.4000
1624153257087000,1,0.20998284,35701.6500
1624153257087000,1,0.07001716,35699.2500
1624153264455000,0,0.00185688,35697.4000
1624153266162000,1,0.04000000,35687.4200
1624153276172000,0,0.13298460,35682.3900
1624153276294000,0,0.07701000,35682.3900
1624153292326000,0,0.00000540,35682.3900
1624153297091000,1,0.11800000,35691.7600
1624153298708000,0,0.00134000,35708.0100
1624153311287000,0,0.00161000,35696.5000
1624153349291000,0,0.01035012,35725.1000
1624153353193000,0,0.03097826,35725.1000
1624153356180000,1,0.19600000,35715.6500
1624153357196000,1,0.08385883,35715.6500
1624153357284000,0,0.00014117,35710.4300
1624153366090000,1,0.27992230,35708.7600
1624153366090000,1,0.00007770,35703.5800
1624153384293000,0,0.10000000,35722.6200
1624153384293000,0,0.08530972,35722.8400
1624153384293000,0,0.72602174,35725.1000
1624153384293000,0,0.26600000,35725.1000
1624153384293000,0,0.66450000,35725.3300
1624153384293000,0,0.33190000,35728.0100
1624153384293000,0,0.00492187,35730.3500
1624153384293000,0,0.24638383,35731.5000
1624153386173000,0,0.21000000,35716.3900
1624153387082000,1,0.27987751,35715.0200
1624153387082000,1,0.00012249,35708.7600
1624153389358000,0,0.15635000,35734.8700
1624153413661000,0,0.00000431,35734.8700
1624153413661000,0,0.00320569,35750.0400
1624153417179000,0,0.10000000,35726.2000
1624153418982000,0,0.02692000,35741.2600
1624153432571000,0,0.00223000,35747.0100
1624153437973000,1,0.20986027,35726.2800
1624153438142000,1,0.27979292,35722.4100
1624153456199000,0,0.19000000,35727.5300
1624153457174000,0,0.19000000,35727.6700
1624153469401000,0,0.01000000,35727.7000
1624153476128000,1,0.20986602,35720.5200
1624153476128000,1,0.05413398,35718.8100
1624153477014000,0,0.04900000,35727.7000
1624153486189000,0,0.10298291,35727.4400
1624153489364000,0,0.04601709,35727.4400
1624153493616000,0,0.12781237,35727.8800
1624153493772000,0,0.08218763,35727.8800
1624153496101000,1,0.27980610,35724.3700
1624153496182000,0,0.18219390,35724.2100
1624153501448000,0,0.09800000,35728.4500
1624153501845000,0,0.00703000,35745.2500
1624153503518000,0,0.00811000,35744.1900
1624153516082000,1,0.27976125,35729.2400
1624153516577000,1,0.09761220,35724.3700
1624153517072000,1,0.35000000,35711.2800
1624153535763000,1,0.42389768,35695.8000
1624153546134000,1,0.10000000,35689.3400
1624153546134000,1,0.01400000,35689.3100
1624153560543000,0,0.01218000,35698.2200
1624153602598000,0,0.10820916,35698.3100
1624153606098000,1,0.08600000,35690.9400
1624153607130000,1,0.10000000,35688.7300
1624153607130000,1,0.04100000,35688.2300
1624153616155000,1,0.09300000,35690.0600
1624153647093000,1,0.08386307,35677.4500
1624153647093000,1,0.17113693,35673.7200
1624153654070000,0,0.00677000,35691.9500
1624153656110000,1,0.07671127,35672.8200
1624153656110000,1,0.00150000,35670.4100
1624153656110000,1,0.09378873,35670.4000
1624153657128000,1,0.11638120,35670.4000
1624153657128000,1,0.19022282,35670.0900
1624153667087000,1,0.02200000,35666.4000
1624153688957000,0,0.00124000,35673.6500
1624153694357000,0,0.00536000,35672.1000
1624153694597000,0,0.00781000,35672.1000
1624153700534000,0,0.00403559,35678.2300
1624153707692000,0,0.15500000,35691.4700
1624153717112000,1,0.22400000,35665.7100
1624153728415000,1,0.15082031,35654.0600
1624153728416000,1,0.05944075,35654.0600
1624153728416000,1,0.05092470,35653.3700
1624153728416000,1,0.07239792,35653.3700
1624153728418000,1,0.15701057,35653.3700
1624153728511000,1,0.03000000,35647.7400
1624153728511000,1,0.43526764,35647.5200
1624153744718000,0,0.00096406,35688.6100
1624153749115000,1,0.00055470,35664.6000
1624153756096000,1,0.17500000,35677.5600
1624153757091000,1,0.03511549,35677.5600
1624153757091000,1,0.01288451,35677.1000
1624153767062000,1,0.28000000,35669.5000
1624153771308000,0,0.00276000,35694.6100
1624153806111000,1,0.18400000,35690.3100
1624153814242000,0,0.00255000,35709.3600
1624153852498000,0,0.00077138,35705.1600
1624153853068000,0,0.00061720,35703.3600
1624153885664000,0,0.00193000,35679.3500
1624153886170000,1,0.00018109,35669.5000
1624153886170000,1,0.20981891,35659.2000
1624153897841000,0,0.02132000,35673.0200
1624153944932000,0,0.01010000,35646.3500
1624153945472000,0,0.00000980,35646.3500
1624153960724000,0,0.01340000,35644.3200
1624153970482000,0,0.00805000,35645.4800
1624154003064000,1,0.00166667,35622.1000
1624154003064000,1,0.28057206,35621.1300
1624154036203000,0,0.08300000,35609.1700
1624154043417000,0,0.00339349,35625.6700
1624154055926000,0,0.00779000,35636.1500
1624154057070000,1,0.03100000,35623.8100
1624154067156000,1,0.07372924,35625.7400
1624154067156000,1,0.00027076,35623.8200
1624154073681000,0,0.00186352,35631.8400
1624154077667000,0,0.00123009,35632.5100
1624154086112000,1,0.00070987,35638.8900
1624154086113000,1,0.00001449,35638.8900
1624154094313000,1,0.05290000,35626.5000
1624154100104000,0,0.00247000,35633.0500
1624154111928000,0,0.21700000,35642.1900
1624154112057000,0,0.10000000,35648.7900
1624154112057000,0,0.21044064,35651.2500
1624154112057000,0,0.00492187,35651.4400
1624154112195000,0,0.00161000,35651.0300
1624154117066000,1,0.28043236,35637.0600
1624154117145000,0,0.09056764,35636.5400
1624154125788000,0,0.02099000,35652.0400
1624154126136000,1,0.00492187,35633.9000
1624154126136000,1,0.00507813,35630.5600
1624154135882000,0,0.00195970,35655.5300
1624154147092000,1,0.21000000,35643.4300
1624154153383000,0,0.00072998,35651.6800
1624154157065000,1,0.28000000,35636.6200
1624154167061000,1,0.21034699,35641.0900
1624154167061000,1,0.00044675,35636.6200
1624154167061000,1,0.00020626,35634.2000
1624154187160000,0,0.22900000,35643.7300
1624154187560000,0,0.01180000,35654.7400
1624154197085000,1,0.07395874,35645.1000
1624154197085000,1,0.20604126,35643.7100
1624154205847000,0,0.00793000,35664.5000
1624154207068000,1,0.21000000,35652.4300
1624154210836000,0,0.00805000,35664.5000
1624154212598000,0,0.09841794,35664.5000
1624154212611000,0,0.16235752,35664.5000
1624154212611000,0,0.12862090,35664.5000
1624154213111000,0,0.00212763,35664.5000
1624154216894000,0,0.03349000,35664.5000
1624154216938000,0,0.00000601,35664.5000
1624154227738000,0,0.21000000,35666.3100
1624154233777000,0,0.00536000,35683.4500
1624154233885000,0,0.00195053,35683.4500
1624154235360000,1,0.21019113,35665.1000
1624154239139000,0,0.00201762,35674.6500
1624154248640000,0,0.21000000,35659.8600
1624154280099000,0,0.00282000,35661.6500
1624154289759000,1,0.10378897,35645.4000
1624154290912000,0,0.51820000,35658.3200
1624154290912000,0,0.09632250,35658.3700
1624154290912000,0,0.04000000,35658.6000
1624154290912000,0,0.08365686,35662.0900
1624154306443000,0,0.00166900,35657.5000
1624154315116000,0,0.00644000,35658.0900
1624154317154000,1,0.17140985,35635.3500
1624154317154000,1,0.08344314,35634.9000
1624154317154000,1,0.21014701,35634.8000
1624154323020000,1,0.00021295,35634.8000
1624154323020000,1,0.17129731,35632.3700
1624154323021000,1,0.13266730,35632.3700
1624154323084000,1,0.04656337,35632.3700
1624154337065000,1,0.00150000,35612.9100
1624154337065000,1,0.07050000,35612.9000
1624154337197000,0,0.00204185,35637.1700
1624154387070000,0,0.00837844,35627.1200
1624154392117000,1,0.15704854,35624.1300
1624154392200000,1,0.05337697,35624.1300
1624154392200000,1,0.03736045,35621.3400
1624154392300000,1,0.08411530,35621.3400
1624154396144000,0,0.02862156,35627.1200
1624154397183000,0,0.21000000,35621.8900
1624154397785000,0,0.00537000,35643.2400
1624154407159000,0,0.21000000,35621.8000
1624154407697000,0,0.02797000,35637.8000
1624154419140000,0,0.02579260,35623.0500
1624154425540000,1,0.06682006,35590.0000
1624154425739000,0,0.00285000,35608.5300
1624154429276000,1,0.14378392,35590.0000
1624154441034000,0,0.07792000,35606.7600
1624154474534000,0,0.00108000,35595.1200
1624154487058000,1,0.10000000,35567.3600
1624154487147000,0,0.07000000,35564.2000
1624154497097000,1,0.00059463,35560.0000
1624154497097000,1,0.00040537,35545.1200
1624154504011000,0,0.00100000,35560.5700
1624154517069000,1,0.21076953,35566.4700
1624154517069000,1,0.00023047,35561.2100
1624154526170000,0,0.21100000,35567.4600
1624154527093000,1,0.02400000,35566.9700
1624154529255000,0,0.00236550,35597.7900
1624154547780000,0,0.01142000,35596.3600
1624154561420000,0,0.00145000,35596.3600
1624154564209000,1,0.28096511,35573.8800
1624154578301000,0,0.00134000,35572.8300
1624154614761000,1,0.19928658,35560.9900
1624154648899000,0,0.17500000,35572.4400
1624154651496000,1,0.21082991,35557.5000
1624154651593000,1,0.10562220,35557.5000
1624154651594000,1,0.09044808,35557.5000
1624154651604000,1,0.01475963,35557.5000
1624154651611000,1,0.00825359,35550.7100
1624154651611000,1,0.03000000,35548.3700
1624154651611000,1,0.28115330,35548.1300
1624154651629000,1,0.28107745,35555.7500
1624154651629000,1,0.05702281,35547.1700
1624154651756000,1,0.02063316,35543.7400
1624154651778000,1,0.05364622,35542.1100
1624154651778000,1,0.23628806,35541.6000
1624154658925000,0,0.00272000,35545.6700
1624154662776000,0,0.40462899,35553.5400
1624154662874000,0,0.19323000,35557.3600
1624154678742000,0,0.00795000,35567.6200
1624154685124000,0,0.10000000,35572.9700
1624154685124000,0,0.16108445,35573.4700
1624154749439000,0,0.00285000,35549.9800
1624154763521000,1,0.00013851,35540.1900
1624154764282000,0,0.02800000,35532.5700
1624154785654000,0,0.00606000,35523.7800
1624154790633000,0,0.00180442,35520.6800
1624154793439000,1,0.00059462,35500.0000
1624154793439000,1,0.00366667,35494.1700
1624154802462000,1,0.17900000,35489.6700
1624154858244000,1,0.12001000,35479.8100
1624154867181000,0,0.59500000,35492.9400
1624154885471000,0,0.00185314,35495.8100
1624154888776000,1,0.21134676,35471.5800
1624154903369000,0,0.16437613,35470.5500
1624154903473000,0,0.11236364,35470.5500
1624154903478000,0,0.17490566,35470.5500
1624154903570000,0,0.27904255,35470.5500
1624154910888000,0,0.01430000,35477.6300
1624154911466000,0,0.01361000,35477.9400
1624154913858000,0,0.00674000,35474.8700
1624154917094000,1,0.25800000,35452.2800
1624154919318000,0,0.03219348,35475.5000
1624154927109000,1,0.10000000,35462.5000
1624154937172000,0,0.39700000,35466.3600
1624154938043000,0,0.00706000,35486.7700
1624154948634000,0,0.00135000,35488.5800
1624154957082000,1,0.18800000,35478.4600
1624154966114000,1,0.02329673,35478.4600
1624154966239000,0,0.16370327,35476.0700
1624154975557000,0,0.00587749,35490.4700
1624154977100000,1,0.14000000,35472.3400
1624155006101000,1,0.28173077,35473.6500
1624155006101000,1,0.00026923,35469.3500
1624155021604000,0,0.01075000,35486.8300
1624155027523000,0,0.10000000,35489.9100
1624155029144000,1,0.06653533,35486.6200
1624155036129000,1,0.21100000,35492.2000
1624155039802000,0,0.20900000,35501.0300
1624155046094000,1,0.10000000,35494.5900
1624155046094000,1,0.17500000,35494.3400
1624155056289000,0,0.00800000,35498.3500
1624155057064000,1,0.20318652,35500.6900
1624155058941000,0,0.17481348,35498.9900
1624155063532000,0,0.01449000,35506.8700
1624155063559000,0,0.00000678,35506.8700
1624155078650000,1,0.21111013,35507.8900
1624155079451000,1,0.00700000,35504.1400
1624155079500000,1,0.03300000,35504.1400
1624155097446000,1,0.03000000,35505.8200
1624155098420000,1,0.05200000,35505.8200
1624155098487000,1,0.03700000,35505.8200
1624155099744000,0,0.21100000,35509.2000
1624155100418000,1,0.00600000,35505.8200
1624155100743000,0,0.00200000,35509.2300
1624155100743000,0,0.06200000,35509.9000
1624155106121000,1,0.21100000,35510.7000
1624155123766000,1,0.11108290,35515.3200
1624155123799000,1,0.10000000,35515.3200
1624155123799000,1,0.14945851,35511.3200
1624155127071000,1,0.00010769,35510.7000
1624155129931000,0,0.18689231,35499.5800
1624155136244000,0,0.16177347,35508.6200
1624155141767000,0,0.04922000,35508.6200
1624155145571000,0,0.00000653,35508.6200
1624155145571000,0,0.00543347,35518.3700
1624155155096000,0,0.00276000,35505.7800
1624155182796000,0,0.00426000,35501.0700
1624155200115000,0,0.48856972,35491.3600
1624155200115000,0,0.10000000,35491.3700
1624155200115000,0,0.10000000,35491.3700
1624155200115000,0,0.26980893,35491.5900
1624155216261000,0,0.31100000,35481.9700
1624155227084000,1,0.00100000,35485.6900
1624155246098000,1,0.18800000,35484.3400
1624155247167000,1,0.02330030,35484.3400
1624155247167000,1,0.35069970,35484.2600
1624155266207000,0,0.09254611,35501.6700
1624155271251000,0,0.13845000,35501.6700
1624155271298000,0,0.00000389,35501.6700
1624155271298000,0,0.04314627,35501.7100
1624155271384000,0,0.12354740,35501.7100
1624155271588000,0,0.12930244,35501.7100
1624155271598000,0,0.00000389,35501.7100
1624155283876000,0,0.00323000,35518.7700
1624155302966000,1,0.00100900,35494.1200
1624155302966000,1,0.70503900,35494.0600
1624155302966000,1,0.05225500,35494.0600
1624155302966000,1,0.00259400,35494.0600
1624155302998000,1,0.21124402,35489.6300
1624155308711000,0,0.01248250,35486.8700
1624155317527000,1,0.73666200,35470.3400
1624155319754000,0,0.00550000,35476.7900
1624155340544000,0,0.00150000,35466.2600
1624155340544000,0,0.01211000,35466.2700
1624155342371000,1,0.08941000,35445.8100
1624155342436000,1,0.00000988,35445.8100
1624155342436000,1,0.19025012,35444.7000
1624155346146000,1,0.00001982,35444.7000
1624155346146000,1,0.00059461,35440.0000
1624155354998000,0,0.00038557,35431.6300
1624155354998000,0,0.00058443,35434.2400
1624155397089000,1,0.05800000,35428.5700
1624155437107000,1,0.21166504,35420.9000
1624155437234000,0,0.00033496,35418.6400
1624155447099000,1,0.14700000,35408.9500
1624155452358000,0,0.00115680,35415.1400
1624155456656000,1,0.14109966,35405.0000
1624155456656000,1,0.33048486,35405.0000
1624155456667000,1,0.21175674,35404.3300
1624155456703000,1,0.28232361,35402.8200
1624155458233000,1,0.50000000,35400.0000
1624155474389000,0,0.00252988,35400.0000
1624155477089000,1,0.08873815,35385.1500
1624155477290000,0,0.00026185,35380.1900
1624155477566000,0,0.31651977,35400.0000
1624155477572000,0,0.17053832,35400.0000
1624155477572000,0,0.08922034,35400.0000
1624155477576000,0,0.14763842,35400.0000
1624155477580000,0,0.17355327,35400.0000
1624155492415000,0,0.00810000,35420.9000
1624155532019000,0,0.00427000,35439.6400
1624155556249000,0,0.11200000,35429.4000
1624155556897000,0,0.00890000,35442.3600
1624155557158000,0,0.21200000,35428.9900
1624155597173000,0,0.00507000,35395.6100
1624155601702000,0,0.00360000,35393.7500
1624155608894000,0,0.00100000,35380.1900
1624155615776000,0,0.00141000,35389.1800
1624155616142000,1,0.00059460,35380.0000
1624155616161000,1,0.14229742,35367.7000
1624155616163000,1,0.06966830,35367.7000
1624155618720000,0,0.00040540,35368.1900
1624155618720000,0,0.03140460,35376.7400
1624155690370000,0,0.01095100,35434.1500
1624155704270000,0,0.00413000,35427.3300
1624155707072000,1,0.10000000,35412.8300
1624155707072000,1,0.09900000,35412.3300
1624155716183000,0,0.07700000,35414.8600
1624155717298000,0,0.08800000,35416.6300
1624155743031000,0,0.17640000,35423.2600
1624155743031000,0,0.10000000,35423.4800
1624155743108000,1,0.15282480,35423.8700
1624155766958000,0,0.10238751,35419.0700
1624155766973000,0,0.05161249,35419.0700
1624155767202000,0,0.09400000,35418.3200
1624155778412000,0,0.00334200,35426.2300
1624155786077000,1,0.18900000,35420.0900
1624155787000000,0,0.10991109,35426.2300
1624155787082000,1,0.02268567,35420.0900
1624155787082000,1,0.17631433,35419.3700
1624155791040000,0,0.32800000,35426.2300
1624155791781000,0,0.00202630,35436.6100
1624155797073000,1,0.21162889,35430.0700
1624155797073000,1,0.00037111,35426.1100
1624155809986000,1,0.21162889,35430.0700
1624155810091000,1,0.09290672,35430.0700
1624155810093000,1,0.11872217,35430.0700
1624155810093000,1,0.06381006,35426.1100
1624155810136000,1,0.10592220,35426.1100
1624155810142000,1,0.11206849,35426.1100
1624155810181000,1,0.10592220,35419.3700
1624155811454000,0,0.00132148,35422.1900
1624155823441000,0,0.09109985,35404.2500
1624155823713000,1,0.02887144,35405.8000
1624155834739000,0,0.02029595,35413.7700
1624155837534000,1,0.23000000,35413.9300
1624155846087000,1,0.07300000,35406.9800
1624155856271000,0,0.07300000,35417.0200
1624155857066000,1,0.10300000,35408.5900
1624155877211000,0,0.62800000,35417.9600
1624155896090000,1,0.00150000,35417.7000
1624155896090000,1,0.11650000,35417.6900
1624155897398000,0,0.00146000,35436.6100
1624155902403000,1,0.17570000,35417.8900
1624155902404000,1,0.03596172,35417.8900
1624155937013000,0,0.18500000,35408.8400
1624155938235000,0,0.00211700,35412.2400
1624155938235000,0,0.00065300,35419.5600
1624155947384000,1,0.28237000,35398.7800
1624155947389000,1,0.00000785,35398.7800
1624155948871000,0,0.01891000,35401.4000
1624155954878000,0,0.00135000,35407.5400
1624155963529000,0,0.00622000,35405.4500
1624155973073000,0,0.00546000,35399.5400
1624155976095000,1,0.21185013,35387.1400
1624155976095000,1,0.17620000,35386.1800
1624155976095000,1,0.09194987,35384.5900
1624155977378000,1,0.19717811,35387.1400
1624155977407000,1,0.01467202,35387.1400
1624155977407000,1,0.26780247,35382.6200
1624155977414000,1,0.01467202,35382.6200
1624156013078000,0,0.00270000,35372.8100
1624156014502000,0,0.00270000,35379.1500
1624156036445000,0,0.07466406,35364.2300
1624156046121000,1,0.21206894,35354.4000
1624156046212000,0,0.21206894,35351.9400
1624156046607000,0,0.14086000,35351.9400
1624156047078000,1,0.34200000,35350.6600
1624156047932000,0,0.00000212,35351.9400
1624156048731000,1,0.01132599,35350.6600
1624156048732000,1,0.00150000,35341.2700
1624156048759000,1,0.00837534,35339.6900
1624156048759000,1,0.13638754,35339.6800
1624156048760000,1,0.06361246,35339.6800
1624156048760000,1,0.02093836,35338.6300
1624156048760000,1,0.15568427,35338.6200
1624156048791000,1,0.17640000,35348.0000
1624156048791000,1,0.19743225,35346.4100
1624156048797000,1,0.10775766,35346.4100
1624156056132000,1,0.09700000,35349.8300
1624156066089000,1,0.13100000,35361.5400
1624156067075000,1,0.04500000,35361.5400
1624156067075000,1,0.21198719,35361.1500
1624156067075000,1,0.03201281,35360.2500
1624156067821000,1,0.01000000,35362.7300
1624156068615000,1,0.09057608,35361.1500
1624156068650000,1,0.08249270,35361.1500
1624156076371000,0,0.09450977,35369.5000
1624156077089000,1,0.22097148,35375.8900
1624156081201000,0,0.05702852,35361.8300
1624156081333000,0,0.17000000,35376.4500
1624156083011000,0,0.64100000,35383.7400
1624156083259000,0,0.01547114,35385.9200
1624156083259000,0,0.83700000,35386.0000
1624156090065000,1,0.15000000,35368.8900
1624156112372000,1,0.17610000,35344.8000
1624156112372000,1,0.35320000,35342.4800
1624156112372000,1,0.46135798,35342.4300
1624156112372000,1,0.36787204,35342.4300
1624156135111000,0,0.00433000,35357.7500
1624156137097000,1,0.17640000,35340.4600
1624156137097000,1,0.08460000,35340.1600
1624156157093000,1,0.05000000,35335.5500
1624156160667000,0,0.01366000,35332.2900
1624156176137000,1,0.07900000,35332.8000
1624156177188000,0,0.17600000,35333.3700
1624156179719000,1,0.21218000,35327.8900
1624156186119000,1,0.00059459,35320.0000
1624156186119000,1,0.00040541,35309.7700
1624156187250000,0,0.01100000,35311.3100
1624156203752000,1,0.09045000,35306.7700
1624156207088000,1,0.10000000,35301.5000
1624156207191000,0,0.00150000,35322.3400
1624156207191000,0,0.01047150,35322.3500
1624156212485000,1,0.00073652,35301.0000
1624156227174000,0,0.10000000,35301.8200
1624156236492000,0,0.17700000,35324.9000
1624156237321000,0,0.00325000,35342.6300
1624156240004000,0,0.00061000,35343.1800
1624156241378000,0,0.00261833,35341.4400
1624156267062000,1,0.08733530,35362.8700
1624156267062000,1,0.00466470,35356.2400
1624156284861000,0,0.00150000,35388.5700
1624156326080000,1,0.17640000,35364.7500
1624156326165000,0,0.35260000,35362.2700
1624156337566000,0,0.15400000,35380.2500
1624156347063000,1,0.17650000,35376.2500
1624156347293000,0,0.06650000,35374.5500
1624156351880000,0,0.04000000,35380.7500
1624156356842000,0,0.08800000,35381.3600
1624156357382000,0,0.02000000,35381.9200
1624156357435000,0,0.01000000,35381.9200
1624156357438000,0,0.02000000,35381.9200
1624156363958000,0,0.24000000,35381.9200
1624156367584000,0,0.21200000,35383.7500
1624156377130000,1,0.21189418,35384.4100
1624156377248000,0,0.00010582,35383.0800
1624156385254000,0,0.00191000,35397.4600
1624156387164000,0,0.10000000,35383.4200
1624156398225000,1,0.21190888,35376.4100
1624156414170000,0,0.00103000,35376.1100
1624156425172000,0,0.03800000,35379.2900
1624156426100000,1,0.17640000,35372.6100
1624156426100000,1,0.02360000,35369.4300
1624156438494000,0,0.00336000,35394.0900
1624156446093000,1,0.17600000,35370.6100
1624156466445000,0,0.21200000,35380.5300
1624156473158000,0,0.00137000,35384.1400
1624156477080000,1,0.02800000,35374.6300
1624156477080000,1,0.10000000,35374.6300
1624156477080000,1,0.05700000,35374.6200
1624156497089000,1,0.10000000,35396.2000
1624156497279000,0,0.09200000,35395.2300
1624156498938000,0,0.00326967,35415.0600
1624156500978000,1,0.00150000,35392.3100
1624156500978000,1,0.21181488,35392.3000
1624156507786000,0,0.02267000,35398.0100
1624156527074000,1,0.08300000,35367.3700
1624156537185000,0,0.45800000,35373.0700
1624156547199000,0,0.00122000,35391.9400
1624156557695000,0,0.00203000,35424.0000
1624156561221000,0,0.00540000,35417.2600
1624156569907000,0,0.00124000,35423.9500
1624156576914000,0,0.00203000,35423.1800
1624156586102000,1,0.21170156,35413.0800
1624156586102000,1,0.00929844,35411.9900
1624156607080000,1,0.21157926,35429.0800
1624156607080000,1,0.00042074,35427.7500
1624156610579000,0,0.00985902,35450.3800
1624156623122000,1,0.00210500,35440.3500
1624156640491000,1,0.18201360,35436.6100
1624156644490000,1,0.10000000,35436.6100
1624156646342000,1,0.23604045,35428.6800
1624156649641000,0,0.00688000,35438.1600
1624156660062000,1,0.07641608,35430.3800
1624156660132000,1,0.05843000,35430.3800
1624156660139000,1,0.00000138,35430.3800
1624156667121000,0,0.00270000,35435.6100
1624156686081000,1,0.21164062,35423.2200
1624156686169000,0,0.00035938,35415.2000
1624156692537000,1,0.23450427,35413.9800
1624156698158000,0,0.00810000,35418.6500
1624156702194000,0,0.00281000,35420.7900
1624156722081000,1,0.05014950,35405.4400
1624156733097000,0,0.00277000,35432.0200
1624156735189000,0,0.00150000,35431.1900
1624156735189000,0,0.00123000,35432.0100
1624156766199000,0,0.29800000,35409.0500
1624156767140000,0,0.11842484,35408.8000
1624156767141000,0,0.08057516,35408.8000
1624156776146000,1,0.07500000,35408.4500
1624156783547000,0,0.00270000,35416.2000
1624156783988000,0,0.00163870,35420.8600
1624156805096000,0,0.00273000,35438.7000
1624156806117000,1,0.21167727,35418.1200
1624156806117000,1,0.28223636,35414.2900
1624156806117000,1,0.09994834,35412.2200
1624156806117000,1,0.00150000,35410.5800
1624156806117000,1,0.28229994,35407.7300
1624156806117000,1,0.10000000,35407.7300
1624156806117000,1,0.17580000,35407.7100
1624156806117000,1,0.03000000,35406.2800
1624156806117000,1,0.30653809,35406.2200
1624156816130000,1,0.14700000,35414.2900
1624156826093000,1,0.25100000,35407.7300
1624156847878000,1,0.28232284,35402.4000
1624156848007000,1,0.10898722,35402.4000
1624156848007000,1,0.07496194,35402.4000
1624156883156000,0,0.00338000,35360.4800
1624156887839000,1,0.21204874,35346.1300
1624156887839000,1,0.06069079,35340.6600
1624156887867000,1,0.08755505,35340.6600
1624156887873000,1,0.11349730,35340.6600
1624156887879000,1,0.02099150,35340.6600
1624156916094000,1,0.08455751,35331.9900
1624156919958000,0,0.04944000,35330.0000
1624156920015000,0,0.00000249,35330.0000
1624156922626000,1,0.03957920,35326.6700
1624156922626000,1,0.00608911,35326.6600
1624156926093000,1,0.00608911,35307.6300
1624156926093000,1,0.00608911,35301.2300
1624156926093000,1,0.20782178,35300.6500
1624156930419000,1,0.00576000,35300.6600
1624156966153000,1,0.00500000,35306.1100
1624156976099000,1,0.21200000,35307.6400
1624156982884000,0,0.00966017,35322.9500
1624156982884000,0,0.34314852,35322.9500
1624156982887000,0,0.08597527,35322.9500
1624156982901000,0,0.16884034,35322.9500
1624156983010000,0,0.07303000,35322.9500
1624156983083000,0,0.00000587,35322.9500
1624156996117000,1,0.19400000,35306.7800
1624157006139000,1,0.00484708,35295.9100
1624157006139000,1,0.20615292,35295.9000
1624157016140000,1,0.00468114,35295.9100
1624157016140000,1,0.00625187,35295.9000
1624157016329000,0,0.00006699,35295.7700
1624157017175000,0,0.00150000,35315.1600
1624157017175000,0,0.00150000,35315.4900
1624157017175000,0,0.69155895,35315.8000
1624157017175000,0,0.45836756,35318.5700
1624157017175000,0,0.42336627,35318.5700
1624157026100000,1,0.21229614,35316.8800
1624157026100000,1,0.00150000,35311.5100
1624157026100000,1,0.09084401,35311.5000
1624157026100000,1,0.00135985,35310.9700
1624157037794000,0,0.27400000,35311.5800
1624157046190000,0,0.16500000,35323.8200
1624157056159000,1,0.00464163,35325.5500
1624157056159000,1,0.21222613,35322.7700
1624157056159000,1,0.01160295,35322.4700
1624157056159000,1,0.01552929,35322.4600
1624157063841000,0,0.00108000,35343.4000
1624157066169000,1,0.19900000,35331.6400
1624157076429000,0,0.03000000,35337.8700
1624157076433000,0,0.02000000,35337.8700
1624157076463000,0,0.04000000,35337.8700
1624157076700000,0,0.01000000,35337.8700
1624157076704000,0,0.01000000,35337.8700
1624157076745000,0,0.01000000,35337.8700
1624157077819000,0,0.00882000,35337.8700
1624157077849000,0,0.00018000,35337.8700
1624157079135000,0,0.32892000,35343.4000
1624157086096000,1,0.00455798,35343.9800
1624157086096000,1,0.03244202,35337.5100
1624157097660000,0,0.00406000,35343.9900
1624157108218000,1,0.00453681,35330.1900
1624157108236000,1,0.01134177,35325.5800
1624157117540000,1,0.00443657,35315.7600
1624157117540000,1,0.01094984,35314.0600
1624157126119000,1,0.10000000,35326.2400
1624157126119000,1,0.78400000,35325.7400
1624157148218000,0,0.10000000,35394.0400
1624157148218000,0,0.00057102,35394.4700
1624157156094000,1,0.00429408,35386.6300
1624157156094000,1,0.01073520,35386.6300
1624157156094000,1,0.10000000,35386.6200
1624157156094000,1,0.10000000,35386.6100
1624157156094000,1,0.30795526,35381.4400
1624157156107000,0,0.21301546,35377.9300
1624157168883000,0,0.00600000,35399.8400
1624157179095000,1,0.00421772,35394.8300
1624157179095000,1,0.21179677,35391.6900
1624157179194000,1,0.01054609,35391.7800
1624157179367000,1,0.21179677,35391.6900
1624157201402000,0,0.01319000,35433.5200
1624157205011000,0,0.00309000,35426.2500
1624157206112000,1,0.00150000,35410.4300
1624157206112000,1,0.00406834,35410.4200
1624157206112000,1,0.00406834,35410.4000
1624157206112000,1,0.21170836,35410.3800
1624157206112000,1,0.01765496,35409.5100
1624157227119000,0,0.00262937,35428.9600
1624157236184000,0,0.10300000,35414.5900
1624157237088000,1,0.00402827,35414.3600
1624157237088000,1,0.01006999,35411.7200
1624157237088000,1,0.28230762,35410.8200
1624157237242000,1,0.35286510,35405.5000
1624157237255000,1,0.02618078,35402.0600
1624157237493000,1,0.00402799,35405.5100
1624157237493000,1,0.01006999,35405.5100
1624157250864000,1,0.00348563,35394.4500
1624157257876000,0,0.00203000,35397.8300
1624157266092000,1,0.00300000,35384.2400
1624157291390000,1,0.00320747,35363.4300
1624157292514000,0,0.00422000,35367.9900
1624157296124000,1,0.00313659,35345.7400
1624157296124000,1,0.05486341,35345.7300
1624157297081000,1,0.05900000,35345.7300
1624157306096000,1,0.00302205,35354.0400
1624157306096000,1,0.23697795,35352.2300
1624157307240000,0,0.12502205,35351.2500
1624157307369000,0,0.09000000,35351.2500
1624157307370000,0,0.05000000,35351.2500
1624157307403000,0,0.05000000,35351.2500
1624157308547000,0,0.03000000,35351.2500
1624157308548000,0,0.01697795,35351.2500
1624157326084000,1,0.00279374,35353.0600
1624157326084000,1,0.00150000,35353.0600
1624157326084000,1,0.09787563,35353.0500
1624157326084000,1,0.13683063,35353.0300
1624157328371000,0,0.06000000,35358.3300
1624157328378000,0,0.05000000,35358.3300
1624157328416000,0,0.06000000,35358.3300
1624157328662000,0,0.06000000,35358.3300
1624157328665000,0,0.04500000,35358.3300
1624157331746000,0,0.00137000,35375.2700
1624157336125000,1,0.00276566,35353.0500
1624157336125000,1,0.07523434,35353.0300
1624157343311000,1,0.00209800,35354.2000
1624157347066000,1,0.00276587,35353.0400
1624157347066000,1,0.00001436,35353.0300
1624157347066000,1,0.21207933,35353.0300
1624157347066000,1,0.50514044,35351.7900
1624157356093000,1,0.07426285,35377.1300
1624157356093000,1,0.68973715,35376.3800
1624157357077000,1,0.16976285,35376.3800
1624157357077000,1,0.21423715,35374.5900
1624157376157000,1,0.10000000,35393.3800
1624157376157000,1,0.00273878,35393.3000
1624157376157000,1,0.23126122,35392.7000
1624157379479000,0,0.00163379,35417.4200
1624157380007000,0,0.00378000,35417.4200
1624157381107000,0,0.00140000,35415.2300
1624157396178000,0,0.08700000,35403.2500
1624157406145000,0,0.00466570,35399.1900
1624157417059000,1,0.47333975,35383.4600
1624157417059000,1,0.14266025,35383.4500
1624157437079000,1,0.21185461,35392.2900
1624157437742000,0,0.00214539,35392.1700
1624157446107000,1,0.08000000,35413.4300
1624157450798000,0,0.10000000,35435.9900
1624157450798000,0,0.49489467,35436.0700
1624157450798000,0,0.00150000,35441.5200
1624157450798000,0,0.40495526,35444.1000
1624157450798000,0,0.48470917,35444.1100
1624157450798000,0,0.45106498,35444.1300
1624157450798000,0,0.67026381,35444.1500
1624157450798000,0,0.21170909,35445.3600
1624157450798000,0,0.04000000,35446.1800
1624157450798000,0,0.19942898,35447.4800
1624157450798000,0,0.00492187,35449.6900
1624157450798000,0,0.07677857,35450.7000
1624157457104000,1,0.07074041,35432.3500
1624157457104000,1,0.15493518,35430.6400
1624157457722000,0,0.00032441,35427.8900
1624157494523000,0,0.01226000,35478.6200
1624157496342000,0,0.26000000,35463.1200
1624157496377000,0,0.00300000,35463.1200
1624157500423000,1,0.00150000,35468.8800
1624157500423000,1,0.00275500,35468.8700
1624157503188000,0,0.00404000,35479.9800
1624157506079000,0,0.00270000,35474.4300
1624157506109000,1,0.00150000,35457.9800
1624157506109000,1,0.46150000,35457.9700
1624157507093000,1,0.00150000,35458.5700
1624157507093000,1,0.00275695,35458.5700
1624157507294000,0,0.23474305,35456.6500
1624157518228000,0,0.07781000,35461.6700
1624157519748000,0,0.02212000,35476.7100
1624157523633000,0,0.01261000,35471.6000
1624157526114000,1,0.22400000,35466.4600
1624157546079000,1,0.07496107,35490.8900
1624157546079000,1,0.04303893,35485.4500
1624157554438000,0,0.07394000,35507.0400
1624157555316000,0,0.10000000,35539.7700
1624157555316000,0,0.00059459,35540.0000
1624157555316000,0,0.04940541,35542.0600
1624157555319000,0,0.02000000,35542.0600
1624157555353000,0,0.02000000,35542.0600
1624157556117000,0,0.10000000,35542.0600
1624157556263000,0,0.22908295,35542.0600
1624157557101000,1,0.46436560,35536.3000
1624157557101000,1,0.00492187,35529.1200
1624157557101000,1,0.04000000,35528.6700
1624157557101000,1,0.01671253,35527.8600
1624157557161000,0,0.01000000,35579.5600
1624157592237000,1,0.17000000,35515.0000
1624157602567000,0,0.00272000,35507.8300
1624157616035000,1,0.00149444,35498.1200
1624157616035000,1,0.18264803,35498.1100
1624157616230000,1,0.00149444,35498.1200
1624157616230000,1,0.12518918,35492.1500
1624157616263000,1,0.15467082,35492.1500
1624157617264000,0,0.00100000,35487.3500
1624157619814000,0,0.00140000,35499.9400
1624157646149000,0,0.23281799,35509.8400
1624157646156000,0,0.09962872,35509.8400
1624157663770000,0,0.00492187,35552.7400
1624157663770000,0,0.02071003,35559.2800
1624157666103000,1,0.00100000,35534.2600
1624157685985000,0,0.10512445,35563.3300
1624157685986000,0,0.17002767,35563.3300
1624157685998000,0,0.11769000,35563.3300
1624157686110000,1,0.00100000,35548.0200
1624157686321000,0,0.24915000,35563.3300
1624157690012000,0,0.00000788,35563.3300
1624157690059000,0,0.21091405,35583.6300
1624157690125000,0,0.28118087,35595.0600
1624157690243000,0,0.00059460,35600.0000
1624157693937000,1,0.96000000,35605.2100
1624157694038000,1,0.00101033,35598.3500
1624157713195000,1,0.15212771,35595.0600
1624157713196000,1,0.45427023,35595.0600
1624157713199000,1,0.07770206,35595.0600
1624157713270000,1,0.20204006,35589.8600
1624157713272000,1,0.29901733,35589.8600
1624157713274000,1,0.28528081,35589.8600
1624157713277000,1,0.16148641,35589.8600
1624157713291000,1,0.42077539,35589.8600
1624157713292000,1,0.00138100,35585.9500
1624157713474000,1,0.00526668,35585.9600
1624157713474000,1,0.00081038,35579.9300
1624157713474000,1,0.00889100,35579.9100
1624157713474000,1,0.58558564,35579.4100
1624157716111000,1,0.08402516,35582.5300
1624157716111000,1,0.44397484,35581.6000
1624157719303000,1,0.10967000,35591.5400
1624157719303000,1,0.00451400,35591.5200
1624157719836000,1,0.04725500,35591.5200
1624157721836000,1,0.00078007,35583.7100
1624157721836000,1,0.00367899,35583.6900
1624157721867000,1,0.00000001,35583.6900
1624157724550000,1,0.01343699,35577.4300
1624157724552000,1,0.00000001,35577.4300
1624157727609000,1,0.99912133,35571.2800
1624157727733000,1,0.20000000,35571.2800
1624157727880000,1,0.44031267,35571.2800
1624157731179000,1,0.01617500,35571.2600
1624157731179000,1,0.98300235,35571.2500
1624157731195000,1,0.53118965,35571.2500
1624157731867000,0,0.01030377,35581.2000
1624157756104000,1,0.10000000,35575.3400
1624157756104000,1,0.47200000,35575.3200
1624157757914000,1,0.14735666,35575.1500
1624157757914000,1,0.35089662,35575.1500
1624157757915000,1,0.09089491,35575.1500
1624157758135000,1,0.30000000,35575.1500
1624157758220000,1,0.17656000,35575.1500
1624157774143000,1,0.01000000,35561.7500
1624157776079000,1,0.16000000,35555.3500
1624157796180000,1,0.24000000,35567.8500
1624157798662000,0,0.42000000,35574.9900
1624157801125000,1,0.00430000,35575.2300
1624157806092000,1,0.15700000,35570.1500
1624157807422000,0,0.18200000,35574.3600
1624157807741000,0,0.00543000,35587.2200
1624157817174000,0,0.10600000,35574.0600
1624157817273000,0,0.08116527,35587.2200
1624157827189000,1,0.10000000,35575.4600
1624157827189000,1,0.32200000,35574.9600
1624157837134000,1,0.28600000,35569.3500
1624157846098000,1,0.31740000,35568.2500
1624157846098000,1,0.67231399,35567.0100
1624157846098000,1,0.22228601,35566.6500
1624157848619000,0,0.02000000,35578.1600
1624157848804000,0,0.07900000,35578.1600
1624157856117000,1,0.13500000,35582.6000
1624157857107000,1,0.30320000,35583.4000
1624157857107000,1,0.07680000,35582.6700
1624157866095000,1,0.10000000,35586.7000
1624157866095000,1,0.13900000,35586.2000
1624157869352000,0,0.01288000,35605.5500
1624157869466000,0,0.00000975,35605.5500
1624157877086000,1,0.00492187,35636.0300
1624157877370000,0,0.01000000,35635.2800
1624157877516000,0,0.03000000,35635.2800
1624157877664000,0,0.25007812,35635.2800
1624157877721000,0,0.00000001,35635.2800
1624157887922000,1,0.06100000,35608.2900
1624157889035000,0,0.00149000,35632.2900
1624157917152000,1,0.23600000,35608.4400
1624157926112000,1,0.22600000,35603.1500
1624157926650000,0,0.17955321,35623.1700
1624157926650000,0,0.21064189,35623.4100
1624157926650000,0,0.08837512,35624.4000
1624157926650000,0,0.04000000,35626.6300
1624157926650000,0,1.05000000,35627.4100
1624157926650000,0,0.48737051,35628.8600
1624157926650000,0,0.28084248,35629.4000
1624157926650000,0,0.48335025,35629.7300
1624157926650000,0,0.03859328,35634.1700
1624157927351000,0,0.16000000,35606.7400
1624157927400000,0,0.00700000,35606.7400
1624157938411000,0,0.04000000,35605.9000
1624157938412000,0,0.02000000,35605.9000
1624157938458000,0,0.07000000,35605.9000
1624157938964000,0,0.40000000,35605.9000
1624157939028000,0,0.31500000,35605.9000
1624157956086000,1,0.17800000,35599.5700
1624157965885000,0,0.00419000,35608.4300
1624157970545000,0,0.21075112,35604.3700
1624157970547000,0,0.00000001,35604.3700
1624157970555000,0,0.28099559,35609.5200
1624157970596000,0,0.04000000,35611.2400
1624157970651000,0,0.35123349,35619.6300
1624157970985000,0,0.03000000,35628.7000
1624157976307000,0,0.04000000,35611.0400
1624157976712000,0,0.05000000,35611.0400
1624157978305000,0,0.08000000,35611.0400
1624157986087000,1,0.17530000,35601.7000
1624157986087000,1,0.00870000,35600.9400
1624157996201000,0,0.10974526,35603.4000
1624157996252000,0,0.06000000,35603.4000
1624157996301000,0,0.00525474,35603.4000
1624157996426000,0,0.00500000,35611.0400
1624158016089000,1,0.16300000,35600.4000
1624158026048000,0,0.00505500,35604.8700
1624158041971000,1,0.01000000,35571.9200
1624158045009000,1,0.15755113,35559.2500
1624158045013000,1,0.04244887,35559.2500
1624158045126000,1,0.00152568,35551.0800
1624158045126000,1,0.00061027,35551.0800
1624158056090000,1,0.47875711,35528.7700
1624158056967000,0,0.08000000,35523.6700
1624158057128000,0,0.00524000,35523.6700
1624158057132000,0,0.00000289,35523.6700
1624158063521000,1,0.00209200,35523.6600
1624158076120000,1,0.17500000,35518.3300
1624158086061000,0,0.02864500,35518.8300
1624158096154000,1,0.17500000,35511.4300
1624158106088000,1,0.17500000,35507.7300
1624158107870000,0,0.00538000,35528.6600
1624158126090000,1,0.08100000,35499.1600
1624158146045000,0,0.03709000,35511.9100
1624158146196000,1,0.08383115,35498.4000
1624158146281000,0,0.17516885,35498.3200
1624158149952000,0,0.02242000,35511.9100
1624158156111000,1,0.17560000,35500.2800
1624158163557000,0,0.00040000,35498.9900
1624158165749000,1,0.07160770,35510.7200
1624158165749000,1,0.19387999,35505.7000
1624158165749000,1,0.00265055,35501.2100
1624158165749000,1,0.29686176,35501.2000
1624158179572000,0,0.00136000,35529.5300
1624158183448000,0,0.00420000,35525.8700
1624158183459000,0,0.06732000,35525.8700
1624158187240000,0,0.02828000,35526.1700
1624158206044000,0,0.03709200,35509.1100
1624158210434000,0,0.00275000,35504.3000
1624158216102000,1,0.08087543,35484.8400
1624158227943000,0,0.00012457,35477.9100
1624158227943000,0,0.21139675,35494.2800
1624158256129000,1,0.09974225,35479.5200
1624158256129000,1,0.17496928,35469.4300
1624158256129000,1,0.00428847,35468.3900
1624158261148000,0,0.46100000,35481.0400
1624158266092000,1,0.17500000,35473.2900
1624158266499000,0,0.03878700,35489.0400
1624158276116000,1,0.10400000,35469.1900
1624158277159000,1,0.67389550,35464.3000
1624158277159000,1,0.07410450,35464.2800
1624158287094000,0,0.07321601,35469.1200
1624158287336000,0,0.08333477,35469.1200
1624158287551000,0,0.01844922,35469.1200
1624158287551000,0,0.15126566,35469.2100
1624158287568000,0,0.02373434,35469.2100
1624158289808000,0,0.21143268,35484.9500
1624158289941000,0,0.28191013,35492.2700
1624158289975000,0,0.21141289,35488.7100
1624158296087000,1,0.07387455,35482.0100
1624158296087000,1,0.16612545,35479.7900
1624158297095000,1,0.00900000,35479.7900
1624158306496000,0,0.15610308,35508.0900
1624158313557000,0,0.01401000,35519.8000
1624158316091000,1,0.16800000,35505.8700
1624158317077000,1,0.00150000,35505.8800
1624158317077000,1,0.00790000,35505.8700
1624158317223000,0,0.02160000,35503.4500
1624158317943000,0,0.05116418,35526.3300
1624158319348000,0,0.03000000,35526.3300
1624158320263000,0,0.11683582,35526.3300
1624158328270000,0,0.00538000,35552.2200
1624158336142000,1,0.15200000,35525.1200
1624158347066000,1,0.00090722,35540.9400
1624158347066000,1,0.22709278,35540.9300
1624158356094000,1,0.10300000,35540.3200
1624158357072000,1,0.07701748,35544.1400
1624158357072000,1,0.09398252,35541.3200
1624158366095000,1,0.16300000,35535.7200
1624158367063000,1,0.01220000,35535.7200
1624158367063000,1,0.59280000,35535.2200
1624158375470000,0,0.09207554,35563.7900
1624158376172000,0,0.18282857,35571.1100
1624158386163000,0,0.19600000,35577.9700
1624158387227000,0,0.00800000,35580.8000
1624158393136000,1,0.72606000,35610.8600
1624158397136000,1,0.00480000,35610.8700
1624158397136000,1,0.00000446,35610.8600
1624158397240000,0,0.00019554,35602.7300
1624158400791000,0,0.00152510,35619.6900
1624158407193000,0,0.00199999,35620.0000
1624158407206000,0,0.00000001,35620.0000
1624158408146000,0,0.00678000,35647.4800
1624158413068000,0,0.04000000,35654.1900
1624158422706000,0,0.00158400,35659.5000
1624158425664000,1,0.00150000,35642.7800
1624158425691000,1,0.00130497,35636.0200
1624158425691000,1,0.00130497,35636.0100
1624158425792000,1,0.00150000,35638.5200
1624158425814000,1,0.40495526,35631.8500
1624158447142000,1,0.00200000,35606.9100
1624158450675000,0,0.09596436,35626.7700
1624158450676000,0,0.20157875,35626.7700
1624158450677000,0,0.14948122,35626.7700
1624158450679000,0,0.04233156,35626.7700
1624158450691000,0,0.09877071,35629.9800
1624158474513000,0,0.00059461,35660.0000
1624158474513000,0,0.00877237,35660.0000
1624158485916000,0,0.03317812,35681.6300
1624158497114000,1,0.00215045,35694.1900
1624158497114000,1,0.00537646,35685.6600
1624158497718000,0,0.00047309,35685.1900
1624158504988000,0,0.00083334,35707.6400
1624158504988000,0,0.00899666,35718.4800
1624158511259000,0,0.00059462,35720.0000
1624158524801000,1,0.00422000,35703.3800
1624158524884000,1,0.00000371,35703.3800
1624158548597000,0,0.14798000,35690.6000
1624158551336000,0,0.00295960,35690.6000
1624158551606000,0,0.00006040,35690.6000
1624158575062000,0,0.00321000,35740.8800
1624158610031000,0,0.00139000,35695.8400
1624158614157000,0,0.00477474,35691.3600
1624158656926000,0,0.00161000,35670.9600
1624158697108000,1,0.07600000,35650.2500
1624158698223000,1,0.10000000,35650.0600
1624158716102000,1,0.09491631,35630.3100
1624158716102000,1,0.08008369,35626.7200
1624158730096000,0,0.00261450,35649.3100
1624158735492000,0,0.00268000,35649.3100
1624158736152000,1,0.17490000,35634.7200
1624158736152000,1,0.00010000,35625.7900
1624158737095000,1,0.00300000,35625.8400
