timestamp ms,type,amount,price
1621728009191000,0,0.01174000,37484.34
1621728025887000,1,0.00100000,37452.78
1621728025887000,1,0.24016574,37452.76
1621728036068000,1,0.00184243,37423.76
1621728037992000,1,0.00133463,37414.66
1621728045390000,1,0.02766513,37391.95
1621728045502000,0,0.02505243,37411.50
1621728046025000,1,0.03960327,37386.59
1621728046382000,1,0.00133605,37374.91
1621728046382000,1,0.05700000,37371.19
1621728046382000,1,0.00056493,37370.00
1621728046382000,1,0.48488302,37359.07
1621728046382000,1,0.07404362,37359.06
1621728046382000,1,0.26649546,37357.74
1621728046382000,1,0.03000000,37345.46
1621728046382000,1,0.08567692,37342.61
1621728050122000,0,0.03000000,37389.61
1621728050122000,0,0.30000000,37397.61
1621728050122000,0,0.49588800,37397.62
1621728050122000,0,0.17411200,37397.63
1621728050506000,0,0.01177000,37396.48
1621728051647000,0,0.00512000,37402.21
1621728060256000,1,0.50000000,37352.62
1621728067481000,0,0.02560000,37363.02
1621728068042000,0,0.17520086,37363.02
1621728068042000,0,0.00100000,37368.51
1621728068042000,0,0.26600000,37374.18
1621728068042000,0,0.26768676,37374.30
1621728068042000,0,0.08889700,37374.37
1621728068042000,0,0.20121538,37376.79
1621728070668000,1,0.00133748,37334.89
1621728070780000,1,0.24094790,37316.00
1621728070780000,1,0.24072780,37312.18
1621728070815000,1,0.05700000,37318.47
1621728070825000,1,0.11626659,37322.48
1621728070928000,1,0.10000000,37328.47
1621728071033000,1,0.01590663,37328.47
1621728071434000,0,0.02585000,37327.71
1621728072177000,1,0.00069703,37301.00
1621728072177000,1,0.00056492,37300.00
1621728072177000,1,0.10000000,37300.00
1621728072336000,1,0.05700000,37285.81
1621728072336000,1,0.01800000,37285.80
1621728072626000,1,0.05751180,37285.80
1621728075683000,0,0.02591245,37295.78
1621728075758000,1,0.04025148,37284.94
1621728079724000,1,0.39923120,37250.00
1621728079727000,1,0.35076880,37250.00
1621728079867000,1,0.00056491,37240.00
1621728079867000,1,0.00134090,37239.71
1621728079867000,1,0.02105758,37238.83
1621728080233000,1,0.00208827,37231.78
1621728080233000,1,0.00650000,37231.77
1621728081423000,1,0.00134165,37218.96
1621728083661000,0,0.00149000,37245.23
1621728084899000,1,0.10000000,37215.29
1621728084899000,1,0.00134178,37215.28
1621728084899000,1,0.08443500,37208.56
1621728084899000,1,0.01422322,37206.80
1621728087370000,1,0.00069891,37201.00
1621728087370000,1,0.08488647,37200.12
1621728087370000,1,0.05105672,37200.00
1621728087970000,1,0.00056490,37180.00
1621728087970000,1,0.13046232,37180.00
1621728089193000,1,0.00134424,37147.20
1621728089193000,1,0.05000000,37144.00
1621728089193000,1,0.00760000,37143.00
1621728089395000,1,0.25503252,37134.43
1621728089529000,1,0.05700000,37131.25
1621728089529000,1,0.25000000,37131.23
1621728089784000,1,0.00057489,37120.00
1621728089784000,1,0.00134586,37102.49
1621728089784000,1,0.00070079,37101.00
1621728089784000,1,0.05000000,37100.00
1621728089784000,1,0.10585416,37100.00
1621728090246000,1,0.89414584,37100.00
1621728090246000,1,0.00940000,37098.00
1621728090533000,1,0.14038516,37093.14
1621728090688000,0,0.03000000,37135.50
1621728090688000,0,0.02000000,37135.51
1621728091329000,1,0.00057488,37060.00
1621728091329000,1,0.00179323,37043.61
1621728091329000,1,0.00209903,37040.92
1621728091338000,1,0.02934436,37038.01
1621728091351000,1,0.24889617,37038.00
1621728091364000,1,0.24889618,37038.00
1621728091371000,1,0.07243903,37038.00
1621728091811000,1,0.00100000,37016.00
1621728091965000,0,0.03158608,37006.55
1621728092018000,1,0.00000098,37006.54
1621728092018000,1,0.00070268,37001.00
1621728092018000,1,0.05000000,37001.00
1621728092018000,1,0.00057487,37000.00
1621728092018000,1,0.20000000,37000.00
1621728092018000,1,0.01250000,37000.00
1621728092018000,1,0.10239513,37000.00
1621728092018000,1,0.08888872,37000.00
1621728092018000,1,0.04493762,37000.00
1621728092193000,1,0.01250000,37000.00
1621728092278000,1,0.02000000,37000.00
1621728092322000,0,0.00100000,37000.17
1621728092330000,1,0.00510897,37000.00
1621728092504000,1,0.02358536,37000.00
1621728092504000,1,0.02675943,37000.00
1621728092504000,1,0.01000000,37000.00
1621728092504000,1,0.01500000,37000.00
1621728092504000,1,0.30000000,37000.00
1621728092556000,0,0.02275179,37000.16
1621728092800000,1,0.01200000,36996.01
1621728092887000,1,0.10000000,36996.00
1621728092912000,0,0.03161920,36996.01
1621728093016000,1,1.00000000,36980.63
1621728093283000,0,0.00167427,36996.00
1621728093341000,1,0.00178976,36967.00
1621728093515000,1,0.00821024,36967.00
1621728093517000,1,0.01000000,36961.00
1621728093942000,1,0.01000000,36961.00
1621728093944000,1,1.00000000,36949.96
1621728094051000,1,0.02500000,36944.00
1621728094051000,1,0.05000000,36941.00
1621728094051000,1,0.05000000,36941.00
1621728094051000,1,0.00057486,36940.00
1621728094134000,0,0.03164576,36938.25
1621728094196000,1,0.00070459,36901.00
1621728094196000,1,0.05000000,36900.00
1621728094196000,1,0.00135325,36899.79
1621728094196000,1,0.02000000,36881.00
1621728094196000,1,0.00057485,36880.00
1621728094196000,1,0.00852708,36864.09
1621728094501000,0,0.06835424,36938.25
1621728095039000,0,0.03022433,36914.43
1621728095041000,1,0.00100000,36877.42
1621728095041000,1,0.01200000,36864.10
1621728095041000,1,0.45536348,36864.09
1621728095041000,1,0.34208158,36850.20
1621728095341000,0,0.03000000,36914.42
1621728095341000,0,0.00025508,36914.42
1621728096303000,0,0.10000000,36914.41
1621728096303000,0,0.06874492,36914.42
1621728096303000,0,0.06977567,36914.43
1621728097596000,0,0.01200000,37013.83
1621728097596000,0,0.10000000,37013.83
1621728099024000,1,0.00492187,36990.51
1621728099037000,0,0.17813979,36980.55
1621728100308000,0,0.00555706,37070.70
1621728101184000,0,0.09331804,37031.45
1621728101205000,0,0.22928829,37038.23
1621728101627000,0,0.13144223,37065.76
1621728101763000,1,0.00485246,37046.08
1621728101848000,0,0.28428820,37065.76
1621728101984000,0,1.00000000,37093.21
1621728101984000,0,0.00057485,37100.00
1621728101984000,0,0.00135325,37111.64
1621728101984000,0,0.08019929,37137.48
1621728101984000,0,0.03000000,37139.88
1621728101984000,0,0.07706843,37140.08
1621728101984000,0,0.49548071,37145.36
1621728101984000,0,0.16328678,37147.10
1621728102112000,0,0.13601439,37061.86
1621728103498000,0,0.00560018,37142.07
1621728105406000,1,0.03000000,37075.45
1621728108416000,1,0.39121755,37030.97
1621728108513000,1,0.18279720,37063.24
1621728108513000,1,0.15878245,37030.97
1621728108513000,1,0.30000000,37030.86
1621728108513000,1,0.03343582,37030.85
1621728108528000,1,0.03000000,37055.08
1621728108889000,1,0.03000000,37030.89
1621728108889000,1,0.12599476,37030.86
1621728108911000,1,0.14185028,37030.86
1621728108995000,1,0.03000000,37030.87
1621728108995000,1,0.03215496,37030.86
1621728108995000,1,0.27603513,37030.85
1621728109015000,1,0.33720000,37040.54
1621728109015000,1,0.13807200,37030.85
1621728109419000,1,0.03000000,37036.63
1621728109419000,1,0.17221711,37022.46
1621728109419000,1,0.12778289,37022.46
1621728109419000,1,0.03298711,37022.45
1621728109431000,1,0.05526789,37022.45
1621728109431000,1,0.20963010,37020.04
1621728110009000,0,0.03758211,37044.56
1621728110159000,0,0.03636463,37044.56
1621728110307000,0,0.04291913,37044.56
1621728110516000,0,0.02766292,37044.56
1621728116854000,1,0.02962240,37032.36
1621728117657000,1,0.90000000,37021.83
1621728117662000,0,0.04110944,37028.85
1621728118871000,0,0.02877115,37062.81
1621728119794000,1,0.21201319,37035.92
1621728119850000,1,0.24674653,37035.92
1621728119850000,1,0.01583227,37035.86
1621728121841000,0,0.00372000,37093.42
1621728122702000,0,0.03379782,37078.46
1621728123504000,1,0.48747859,37017.91
1621728123504000,1,0.03000000,37012.24
1621728123504000,1,0.67520000,37012.12
1621728123504000,1,0.26971977,37004.07
1621728123504000,1,0.45531126,37002.45
1621728123504000,1,0.47886257,36997.63
1621728123504000,1,0.47814958,36997.61
1621728123504000,1,0.26987611,36997.60
1621728123504000,1,0.26987259,36994.35
1621728123504000,1,0.52356769,36988.16
1621728130559000,1,0.15930000,37051.89
1621728131741000,0,0.00269700,37071.48
1621728132038000,0,0.01665144,37071.48
1621728132038000,0,0.01334856,37072.54
1621728132919000,0,0.01274915,37071.49
1621728136944000,0,0.08086424,37078.14
1621728137044000,0,0.20046192,37078.14
1621728137046000,0,0.10900386,37078.14
1621728137046000,0,0.06207229,37078.14
1621728138641000,0,0.00238000,37093.22
1621728141749000,1,0.00060000,37073.23
1621728143280000,0,0.23780790,37117.67
1621728143337000,0,2.59760027,37117.67
1621728149225000,1,0.01200000,37108.90
1621728149702000,0,0.00257000,37151.10
1621728163171000,0,0.00100000,37039.81
1621728163171000,0,0.00027570,37069.35
1621728168217000,1,0.24307898,36983.32
1621728168371000,1,0.24281110,36979.11
1621728173237000,0,0.09072533,36977.73
1621728173751000,0,0.35858276,36977.73
1621728175003000,0,0.03761425,36983.41
1621728175003000,0,0.03671285,36983.55
1621728175003000,0,0.00802770,36986.31
1621728176820000,0,0.00121447,36972.14
1621728180195000,0,0.00733888,36974.27
1621728180822000,1,0.00129518,36936.61
1621728180823000,1,0.00000001,36936.61
1621728181675000,1,0.01000000,36914.42
1621728183819000,0,0.00100000,36919.05
1621728183819000,0,0.00570000,36919.05
1621728185510000,1,0.02062539,36902.55
1621728185515000,1,0.00000001,36902.55
1621728188655000,0,0.00583000,36986.29
1621728195155000,0,0.31900000,36986.31
1621728195155000,0,0.25747287,37012.47
1621728199865000,1,0.01274910,36969.14
1621728202208000,0,0.00122000,36990.55
1621728202953000,0,0.00146601,37019.37
1621728205534000,1,0.02266432,36990.28
1621728207776000,0,0.03358736,37008.04
1621728212504000,0,0.11500000,37025.01
1621728213174000,0,0.04199999,37025.01
1621728213174000,0,0.00000001,37025.01
1621728213369000,0,0.00133999,37032.52
1621728213377000,0,0.00000001,37032.52
1621728234219000,0,0.00134371,37012.78
1621728234428000,0,0.01190000,37027.95
1621728256872000,1,0.12526552,36965.97
1621728256897000,1,0.14856367,36965.97
1621728257315000,1,0.07020328,36965.97
1621728258436000,1,0.00611324,36936.18
1621728261488000,1,0.00335782,36913.74
1621728265640000,1,0.00609567,36900.63
1621728278821000,0,0.00988164,36904.88
1621728278864000,0,0.04322821,36904.88
1621728278866000,0,0.01284924,36904.88
1621728278877000,0,0.49982361,36904.88
1621728278883000,0,0.02218022,36904.88
1621728278883000,0,0.00134300,36904.92
1621728289672000,1,0.02175097,36913.74
1621728291958000,0,0.00311000,36911.61
1621728295688000,1,0.00057485,36880.00
1621728295688000,1,0.24373946,36859.81
1621728295688000,1,0.02765177,36859.57
1621728303619000,0,0.00100000,36906.19
1621728303693000,0,0.00034300,36906.19
1621728304054000,1,0.23506505,36906.44
1621728304649000,0,0.00300000,36927.58
1621728305038000,1,0.00100000,36913.07
1621728305164000,1,0.96493495,36906.44
1621728305165000,1,0.24377296,36891.27
1621728305165000,1,0.02058197,36888.63
1621728309703000,1,0.45724879,36883.49
1621728309703000,1,0.24378535,36883.26
1621728309703000,1,0.47030087,36878.11
1621728309703000,1,0.24383918,36878.10
1621728309708000,0,0.28200000,36876.47
1621728309798000,0,0.28200000,36876.47
1621728309801000,0,0.95900000,36876.47
1621728309809000,0,0.20000000,36876.47
1621728309822000,0,0.74427877,36876.47
1621728315957000,1,0.11376164,36850.20
1621728315979000,1,0.10111207,36850.20
1621728315983000,1,0.65850039,36850.20
1621728317472000,1,0.50000000,36842.00
1621728319224000,1,0.00057484,36820.00
1621728319224000,1,0.00066500,36801.70
1621728319324000,1,0.00070650,36801.00
1621728319324000,1,0.99702450,36800.00
1621728319514000,1,0.00297550,36800.00
1621728319514000,1,0.00135718,36793.05
1621728321392000,0,0.00100000,36810.16
1621728321392000,0,0.06566000,36810.17
1621728321819000,1,0.00057483,36760.00
1621728321819000,1,0.00211514,36758.80
1621728321886000,1,0.05666952,36755.64
1621728321886000,1,0.00135856,36755.63
1621728322306000,1,0.10000000,36737.00
1621728322306000,1,0.04176180,36735.00
1621728325058000,1,0.00492187,36727.16
1621728325058000,1,0.00100000,36725.99
1621728325058000,1,0.00017380,36725.98
1621728344193000,1,0.08101562,36817.68
1621728344193000,1,0.21904765,36817.68
1621728344240000,1,0.12000000,36817.68
1621728344249000,1,0.13035044,36817.68
1621728344258000,1,0.00852670,36817.68
1621728344324000,1,0.49943320,36817.68
1621728344329000,1,0.33162639,36817.68
1621728347440000,0,0.00146000,36865.03
1621728352326000,1,0.00100000,36770.68
1621728352326000,1,0.00100000,36770.63
1621728352326000,1,0.02010373,36769.80
1621728353303000,0,0.00117608,36829.35
1621728353350000,0,0.00557678,36829.35
1621728362899000,0,0.00134299,36806.91
1621728362909000,0,0.00000001,36806.91
1621728374953000,1,0.00100000,36858.95
1621728374953000,1,0.16168000,36858.89
1621728375027000,1,0.00100118,36858.89
1621728377639000,0,0.02372408,36873.06
1621728377639000,0,0.00741592,36890.73
1621728386631000,0,0.00637573,36900.50
1621728387189000,0,0.00000001,36900.50
1621728387195000,0,0.02344077,36915.55
1621728387225000,0,0.00000001,36915.55
1621728387976000,0,0.03913126,36925.06
1621728387987000,0,0.00000001,36925.06
1621728390828000,0,0.01945869,36944.92
1621728391115000,0,0.00654659,36944.92
1621728391311000,0,0.02206899,36944.92
1621728393446000,0,0.00135856,36966.66
1621728393516000,0,0.00135718,36966.93
1621728393516000,0,0.02582631,36967.98
1621728393516000,0,0.04059765,36967.99
1621728393988000,0,0.00057483,36980.00
1621728395137000,0,0.00535343,36996.26
1621728400235000,0,0.00057484,37040.00
1621728400235000,0,0.00076516,37040.68
1621728402767000,0,0.00181000,37022.40
1621728420854000,1,0.02000000,37001.05
1621728425916000,0,0.01491729,37049.14
1621728426042000,1,0.01609388,37049.14
1621728427318000,1,0.00486467,37014.15
1621728435992000,1,0.07697006,37032.71
1621728435992000,1,0.15503096,37026.16
1621728435992000,1,0.99860000,37025.52
1621728435992000,1,0.02726671,37023.64
1621728437404000,1,0.07203000,37031.30
1621728437715000,0,0.00387000,37044.24
1621728440443000,1,0.01631053,36984.65
1621728443274000,1,0.07554188,36970.08
1621728443274000,1,0.20235334,36964.56
1621728444451000,0,0.07226719,36971.71
1621728445771000,1,0.07693000,36970.28
1621728445864000,1,0.00000117,36970.28
1621728445864000,1,0.18383883,36964.84
1621728446770000,1,0.09295000,36962.76
1621728447899000,1,0.01914000,36934.74
1621728448148000,1,0.08450284,36952.63
1621728449665000,1,0.00000457,36934.74
1621728449814000,0,0.03538857,36934.73
1621728449820000,0,0.00100000,36947.04
1621728449820000,0,0.02705389,36947.07
1621728449894000,0,0.03348812,36947.06
1621728449895000,0,0.02553272,36947.06
1621728456613000,0,0.00538000,37002.22
1621728456826000,0,0.00344000,37002.22
1621728461442000,1,0.00120999,36973.81
1621728462303000,0,0.00456370,37002.22
1621728463441000,0,0.03154000,37011.91
1621728470646000,1,0.01509229,36961.21
1621728470647000,1,0.02968262,36956.13
1621728473009000,1,0.01285000,36958.87
1621728473017000,1,0.00000333,36958.87
1621728474047000,0,0.00167267,36950.46
1621728483558000,0,0.00500000,37011.83
1621728484045000,0,0.15000000,37011.83
1621728484559000,0,0.06362000,37011.83
1621728484634000,0,0.12938000,37011.83
1621728485569000,0,0.00300000,37031.88
1621728486607000,0,0.00300000,37045.80
1621728486930000,0,0.01586802,37037.22
1621728486930000,0,0.10413198,37045.80
1621728487050000,0,0.01866802,37045.80
1621728497216000,1,0.02435000,37033.51
1621728503843000,1,0.01761000,36993.40
1621728505562000,1,0.01330000,36985.20
1621728507249000,1,0.06850000,36965.59
1621728508209000,0,0.00100000,36970.33
1621728508209000,0,0.00299000,36970.34
1621728508297000,1,0.02513000,36956.26
1621728508463000,1,0.01518682,36966.24
1621728509591000,0,0.00200000,36988.79
1621728510350000,0,0.01676660,36993.01
1621728510350000,0,0.00823340,37011.90
1621728510806000,0,0.01620133,36970.34
1621728510810000,0,0.00000001,36970.34
1621728513011000,1,0.01575000,36970.34
1621728514600000,1,0.07866888,36980.66
1621728514600000,1,0.02879017,36971.67
1621728514600000,1,0.00000506,36970.34
1621728514600000,1,0.02568884,36967.97
1621728514600000,1,0.00838231,36965.98
1621728516553000,0,0.02239567,37001.36
1621728518376000,0,0.01922000,37001.36
1621728518403000,0,0.08452192,37001.36
1621728518600000,0,0.04486241,37001.36
1621728518681000,0,0.07300000,37021.69
1621728521718000,0,0.01336082,37024.21
1621728521718000,0,0.00751918,37029.35
1621728521759000,1,0.01650000,37002.47
1621728530678000,1,0.04400000,36971.54
1621728530689000,1,0.00023924,36971.54
1621728531954000,1,0.01284000,36960.24
1621728532836000,0,0.00905000,36987.58
1621728536368000,0,0.00776000,36968.26
1621728539682000,0,0.01587895,36983.64
1621728539682000,0,0.00712105,36984.64
1621728544725000,0,0.01800000,37022.32
1621728545856000,0,0.04400000,37037.53
1621728552776000,1,0.00100000,37046.33
1621728558529000,1,0.07620000,37038.02
1621728565025000,0,0.00922000,37051.42
1621728571932000,0,0.00134000,37031.52
1621728577819000,1,0.00264189,37001.40
1621728581093000,1,0.07491000,36966.89
1621728581262000,0,0.00100000,36981.13
1621728581262000,0,0.07949864,36981.16
1621728589604000,0,0.05170000,37030.58
1621728594680000,0,0.02300000,37035.57
1621728595682000,0,0.00100000,37043.96
1621728595682000,0,0.00200000,37043.96
1621728599704000,0,0.00400000,36993.26
1621728602514000,0,0.02360317,36982.60
1621728602514000,0,0.00445374,36982.60
1621728602514000,0,0.01914943,36988.90
1621728602514000,0,0.00445375,36988.90
1621728613813000,1,0.00250000,36950.53
1621728614401000,0,0.20299938,36962.64
1621728614401000,0,0.04970610,36970.03
1621728614401000,0,0.24373420,36970.90
1621728619382000,0,0.00776000,37001.32
1621728620327000,0,0.02740120,37001.32
1621728623943000,0,0.05589699,37022.21
1621728624031000,1,0.01292562,37022.85
1621728631997000,1,0.00100000,37085.49
1621728634790000,0,0.00200000,37084.51
1621728635124000,0,0.02752047,37084.51
1621728635840000,0,0.00200000,37086.88
1621728636035000,1,0.02189557,37070.66
1621728636224000,1,0.02140711,37070.66
1621728636440000,1,1.45669000,37070.66
1621728636656000,1,0.00000732,37070.66
1621728638793000,0,0.00200000,37099.91
1621728640071000,0,0.00395545,37060.35
1621728641832000,1,0.02317796,37056.53
1621728641977000,1,0.03061435,37056.53
1621728648264000,1,0.04032258,37031.89
1621728657875000,0,0.01877823,37091.35
1621728667525000,0,0.00861576,37077.17
1621728690192000,0,0.02500000,37051.56
1621728710562000,0,0.14145888,37036.08
1621728713256000,1,0.00100000,37017.38
1621728714453000,0,0.20253216,37041.26
1621728714599000,0,0.06848115,37047.37
1621728721709000,0,0.00266000,37069.94
1621728724674000,1,0.03548240,37067.88
1621728724874000,0,0.08992813,37066.58
1621728727732000,0,0.42391158,37097.12
1621728735662000,0,0.00057485,37100.00
1621728735662000,0,0.00076827,37101.29
1621728744169000,0,0.01006000,37101.72
1621728763842000,0,0.02035000,37141.16
1621728763972000,0,0.12938475,37141.16
1621728768715000,0,0.00057486,37160.00
1621728782015000,0,0.22062000,37149.85
1621728783559000,0,0.00100000,37149.85
1621728784590000,0,0.00200000,37149.85
1621728784689000,0,0.02507696,37149.85
1621728785872000,0,0.02701199,37149.85
1621728786155000,0,0.02992236,37149.85
1621728786331000,0,0.04436868,37149.85
1621728786351000,0,0.00000001,37149.85
1621728794751000,1,0.01332617,37128.51
1621728794751000,1,0.02272683,37121.10
1621728794751000,1,0.20193318,37120.41
1621728794751000,1,0.22977897,37118.13
1621728801677000,0,0.02934640,37132.38
1621728801678000,0,0.00000001,37132.38
1621728801903000,0,0.01262055,37135.04
1621728801908000,0,0.00000001,37135.04
1621728802779000,0,0.09462000,37146.09
1621728803944000,0,0.10766676,37146.09
1621728804233000,0,0.02171324,37146.09
1621728809361000,1,0.06828578,37147.55
1621728813344000,0,0.00188320,37187.15
1621728815077000,1,0.00100000,37176.03
1621728815092000,1,0.00100000,37172.23
1621728819249000,0,0.02732171,37192.22
1621728828219000,0,0.00268106,37209.16
1621728834712000,1,0.01716555,37202.48
1621728834712000,1,0.83310000,37194.13
1621728834712000,1,0.00100000,37194.09
1621728834712000,1,0.09561091,37194.07
1621728834712000,1,0.00100000,37185.75
1621728834712000,1,0.09348000,37182.91
1621728834712000,1,0.46143526,37179.20
1621728840121000,0,0.00057487,37220.00
1621728841877000,0,0.20145843,37248.39
1621728841877000,0,0.46834711,37250.21
1621728841877000,0,0.40302531,37250.22
1621728841877000,0,0.37522332,37252.51
1621728841877000,0,0.26857575,37255.47
1621728841877000,0,0.44980115,37257.85
1621728841877000,0,0.02511624,37257.86
1621728841877000,0,0.45778948,37257.87
1621728841877000,0,0.37392411,37257.88
1621728846216000,1,0.00100000,37248.39
1621728846300000,1,0.00011522,37248.39
1621728848782000,0,0.00257000,37250.26
1621728849573000,1,0.15000000,37220.60
1621728854706000,1,0.00100000,37249.90
1621728854706000,1,0.02214310,37249.89
1621728856003000,1,0.02769672,37242.07
1621728856133000,1,0.02904973,37242.07
1621728859290000,1,0.00209711,37224.03
1621728863876000,0,0.01851000,37260.73
1621728876064000,1,0.02887922,37253.38
1621728876686000,0,0.00100000,37268.62
1621728876686000,0,0.00070939,37268.63
1621728877285000,0,0.00103000,37252.93
1621728881208000,1,0.01634179,37217.46
1621728881209000,1,0.00000001,37217.46
1621728882515000,1,0.01293000,37218.15
1621728889728000,1,0.10000000,37216.48
1621728890577000,1,0.07740000,37201.88
1621728890806000,1,0.12789522,37190.71
1621728890818000,1,0.06011178,37190.71
1621728890830000,1,0.27459318,37190.71
1621728890996000,0,0.00192452,37202.04
1621728927279000,1,0.01566000,37118.06
1621728927916000,0,0.00111000,37130.32
1621728928106000,0,0.00538673,37128.25
1621728929885000,0,0.00268667,37131.37
1621728931661000,0,0.01321680,37113.63
1621728931821000,0,0.01606697,37113.63
1621728931955000,0,0.01702721,37113.63
1621728932086000,0,0.01348958,37113.63
1621728932219000,0,0.01652741,37113.63
1621728933774000,0,0.00100000,37113.62
1621728933774000,0,0.00490000,37113.63
1621728935718000,0,0.01462479,37112.28
1621728937625000,1,0.03737000,37081.30
1621728939484000,1,0.00000260,37081.30
1621728941642000,0,0.19040657,37069.36
1621728941997000,0,0.03075118,37095.93
1621728943996000,0,0.33660000,37100.77
1621728943996000,0,0.24667000,37110.82
1621728945269000,0,0.25000000,37103.47
1621728947278000,0,0.03499000,37103.47
1621728954048000,0,0.33660000,37095.67
1621728969289000,0,0.01507000,37167.09
1621728969413000,0,0.00000831,37167.09
1621728969598000,0,0.02651000,37176.57
1621728969677000,0,0.00000383,37176.57
1621728969719000,1,0.00100000,37167.46
1621728969755000,0,0.02875229,37166.86
1621728971958000,0,0.01673000,37162.14
1621728972016000,0,0.00000614,37162.14
1621728972078000,1,0.02945316,37163.13
1621728972583000,0,0.02538000,37172.33
1621728973127000,0,0.01543000,37162.57
1621728974351000,0,0.02853847,37162.97
1621728977333000,1,0.06712968,37147.39
1621728977359000,1,0.30726623,37147.39
1621728977361000,1,0.00756295,37147.39
1621728977361000,1,0.17848162,37147.39
1621728977364000,1,0.12562075,37147.39
1621728977373000,1,0.07326491,37147.39
1621728977384000,1,0.74067386,37147.39
1621729001359000,0,0.02250475,37134.18
1621729001359000,0,0.02271157,37134.20
1621729017460000,0,0.33720000,37069.75
1621729017634000,1,0.00204322,37088.28
1621729018524000,0,0.33720000,37063.86
1621729018820000,0,0.00760000,37062.02
1621729028340000,0,0.02000000,37142.88
1621729033653000,0,0.03064000,37164.68
1621729036700000,0,0.00100000,37173.75
1621729036700000,0,0.05420000,37184.94
1621729038256000,1,1.10245000,37149.70
1621729038267000,1,0.39755000,37149.70
1621729039833000,0,0.00100000,37166.92
1621729039833000,0,0.03000000,37171.11
1621729039833000,0,0.33651749,37175.99
1621729039833000,0,0.13790000,37178.24
1621729039833000,0,1.66383209,37182.20
1621729047164000,0,0.00100000,37173.89
1621729047164000,0,0.03000000,37173.90
1621729047164000,0,0.05158518,37174.73
1621729047164000,0,0.05638092,37175.99
1621729049529000,1,0.01692896,37149.77
1621729049661000,0,0.01654273,37148.78
1621729050389000,0,0.27675000,37148.78
1621729050453000,0,0.00000455,37148.78
1621729050837000,0,0.00193000,37166.72
1621729072814000,0,0.20182880,37171.39
1621729072820000,0,0.33643074,37173.07
1621729072820000,0,0.33642178,37173.34
1621729074401000,0,0.20000000,37202.00
1621729074696000,1,0.00100000,37189.40
1621729074696000,1,0.06757934,37189.39
1621729074696000,1,0.07695564,37189.39
1621729079788000,0,0.02869293,37263.57
1621729082278000,0,0.00057488,37280.00
1621729084928000,0,0.00069918,37301.00
1621729084928000,0,0.04659082,37319.92
1621729085727000,0,0.36500000,37280.00
1621729089107000,0,0.19944000,37299.89
1621729089119000,0,0.00000958,37299.89
1621729089229000,1,0.16229977,37302.48
1621729096238000,0,0.00057489,37340.00
1621729096694000,0,0.46690436,37387.74
1621729096694000,0,0.00134586,37389.23
1621729098637000,0,0.00134000,37397.79
1621729098667000,0,0.00000424,37397.79
1621729098695000,0,0.00056490,37400.00
1621729099216000,0,0.00069000,37401.00
1621729099505000,0,0.00000731,37401.00
1621729102526000,1,0.15248000,37396.67
1621729102574000,1,0.00000431,37396.67
1621729123101000,0,0.00210000,37386.68
1621729123593000,0,0.00133000,37397.92
1621729123723000,0,0.00000600,37397.92
1621729123757000,0,0.30000000,37408.23
1621729130837000,0,0.00292000,37447.66
1621729147679000,1,0.02758000,37355.93
1621729154389000,1,0.00000103,37355.93
1621729155936000,1,0.04098000,37326.47
1621729156644000,1,0.00000342,37326.47
1621729156644000,1,0.00058658,37305.35
1621729163004000,0,0.02688000,37380.25
1621729165807000,0,0.08879055,37380.27
1621729165870000,0,0.11195975,37380.27
1621729166803000,0,0.01518000,37380.24
1621729167194000,0,0.00000991,37380.24
1621729168133000,0,0.00333000,37414.75
1621729170939000,0,1.00000000,37425.97
1621729172724000,0,0.00128000,37459.99
1621729181052000,1,0.06808000,37401.72
1621729183317000,1,0.00000093,37401.72
1621729183317000,1,0.15163907,37395.42
1621729185639000,1,0.00000334,37395.42
1621729194845000,0,0.00100000,37383.21
1621729194845000,0,0.08691658,37383.22
1621729200161000,0,0.06800460,37383.22
1621729213743000,0,0.01083000,37373.75
1621729214384000,1,0.06549544,37349.16
1621729214387000,1,0.20912439,37349.16
1621729214399000,1,0.08243672,37349.16
1621729214479000,1,0.10873580,37349.16
1621729219068000,0,0.12551000,37361.03
1621729231015000,0,0.12485000,37348.19
1621729236261000,0,0.00000750,37348.19
1621729236261000,0,0.00100000,37356.01
1621729236261000,0,0.00924250,37356.02
1621729243964000,0,0.00247000,37378.64
1621729264356000,0,0.11570659,37366.50
1621729268179000,0,0.00100000,37389.64
1621729268179000,0,0.00542000,37389.65
1621729272473000,0,0.20065000,37383.95
1621729272664000,0,0.00000837,37383.95
1621729272664000,0,0.26753163,37386.21
1621729277982000,0,0.43941431,37384.15
1621729280630000,1,0.09433206,37409.11
1621729280633000,0,0.03495442,37407.63
1621729280849000,0,0.11774198,37414.83
1621729286391000,0,0.10900000,37375.22
1621729286419000,0,0.22530000,37375.22
1621729300000000,0,0.26038000,37340.21
1621729300222000,0,0.07402000,37340.21
1621729300789000,0,0.33430000,37333.51
1621729306515000,1,0.10000000,37322.59
1621729310327000,0,0.03843000,37344.37
1621729321633000,0,0.00487000,37303.34
1621729322749000,0,0.00300000,37288.10
1621729323903000,1,0.01700000,37286.70
1621729329132000,1,0.13526795,37259.93
1621729329142000,1,0.03518799,37259.93
1621729329152000,1,0.03649950,37259.93
1621729337688000,0,0.01151000,37303.34
1621729337710000,0,0.00000704,37303.34
1621729340486000,1,0.00134371,37303.40
1621729340668000,0,0.02392836,37334.62
1621729344603000,0,0.00179000,37364.63
1621729349651000,0,0.02312000,37361.85
1621729354434000,0,0.02523000,37350.62
1621729366681000,0,1.00000000,37370.40
1621729390628000,1,0.01433000,37308.46
1621729391067000,0,0.01641007,37315.70
1621729392358000,1,0.01621000,37310.60
1621729392973000,0,0.00133000,37322.50
1621729394360000,1,0.02195730,37291.33
1621729394842000,0,0.00100000,37306.90
1621729394842000,0,0.09700000,37306.90
1621729394842000,0,0.01832771,37306.90
1621729394842000,0,0.00088149,37309.04
1621729395156000,1,0.01400000,37282.43
1621729403493000,1,0.00100000,37314.59
1621729403493000,1,0.03418511,37314.58
1621729403534000,0,0.12681489,37310.53
1621729405515000,0,0.00100000,37340.43
1621729405698000,0,0.00300000,37340.43
1621729406497000,0,0.01789009,37321.76
1621729407530000,0,0.00100000,37340.43
1621729407661000,0,0.00400000,37340.43
1621729412949000,1,0.00300000,37300.05
1621729414097000,1,0.01599402,37291.21
1621729414097000,1,0.01147598,37286.85
1621729416692000,0,0.00200000,37302.68
1621729419562000,0,0.00100000,37317.63
1621729420675000,0,0.02322000,37317.63
1621729423686000,0,0.00400000,37352.72
1621729430087000,1,0.00200000,37311.55
1621729437296000,1,0.00100000,37313.29
1621729442910000,0,0.05185000,37315.10
1621729443039000,0,0.00000341,37315.10
1621729443039000,0,0.01903435,37315.10
1621729448698000,0,0.01300000,37349.48
1621729453599000,1,0.00500000,37348.80
1621729453723000,0,0.01300000,37352.31
1621729455007000,1,0.01600000,37350.28
1621729455611000,0,0.01568876,37359.28
1621729464448000,1,0.02366831,37349.20
1621729483941000,0,0.60000000,37359.52
1621729483980000,0,0.01000000,37359.52
1621729490349000,1,0.02986000,37367.44
1621729504391000,0,0.01155000,37365.85
1621729506923000,0,0.00233000,37379.70
1621729510390000,0,0.00768000,37392.49
1621729525942000,0,0.01331000,37387.03
1621729526759000,1,0.02565000,37386.30
1621729526982000,0,0.02281000,37387.03
1621729527419000,0,0.00000495,37387.03
1621729531447000,1,0.02785000,37385.31
1621729537013000,0,0.06312520,37412.43
1621729549063000,0,0.18845000,37443.90
1621729549063000,0,0.06155000,37448.01
1621729555771000,1,0.00100000,37431.26
1621729555771000,1,0.00100000,37423.76
1621729555771000,1,0.02962768,37423.75
1621729555771000,1,0.09106206,37421.90
1621729565669000,0,0.00100000,37412.90
1621729565669000,0,0.01510000,37412.91
1621729575564000,0,0.00208429,37422.83
1621729575564000,0,0.46005660,37445.49
1621729575564000,0,0.02308917,37447.53
1621729575564000,0,0.49834518,37448.07
1621729575564000,0,0.53466886,37448.08
1621729575587000,1,0.30000000,37450.00
1621729575633000,1,0.10100000,37450.00
1621729575634000,1,0.47048664,37450.00
1621729575656000,1,1.66748875,37450.00
1621729575838000,1,0.00900000,37419.13
1621729584548000,0,0.01865759,37447.38
1621729584548000,0,0.03130241,37449.28
1621729586715000,0,0.01704313,37444.23
1621729603040000,0,0.00110000,37430.14
1621729608386000,0,0.02094064,37430.14
1621729610631000,1,0.02436000,37433.03
1621729613281000,0,0.10158550,37442.31
1621729613305000,0,0.09878331,37442.31
1621729613325000,0,0.25393994,37444.42
1621729620788000,0,0.02554000,37455.78
1621729621951000,1,0.02152674,37427.28
1621729624681000,1,0.44976000,37414.00
1621729630516000,0,0.02216000,37430.38
1621729632296000,0,0.00792000,37449.42
1621729633734000,1,0.37587083,37409.36
1621729633737000,1,0.07296837,37409.36
1621729633737000,1,0.04695415,37409.36
1621729642563000,0,0.01950000,37367.84
1621729642607000,0,0.04521314,37373.38
1621729642607000,0,0.00319801,37375.25
1621729642608000,0,0.07368513,37375.25
1621729650237000,1,0.08440039,37342.94
1621729650241000,1,0.09965758,37342.94
1621729650242000,1,0.01594203,37342.94
1621729666614000,0,0.01620254,37325.93
1621729667196000,0,0.02234655,37334.75
1621729667308000,0,0.03966905,37334.75
1621729669147000,0,0.02137000,37349.77
1621729670723000,0,0.00000808,37349.77
1621729674358000,0,0.01590761,37375.22
1621729674475000,1,0.06560587,37376.63
1621729674649000,0,0.03324600,37381.75
1621729674649000,0,0.05110104,37390.41
1621729674707000,1,0.23489000,37376.63
1621729674785000,1,0.88359000,37376.63
1621729675132000,1,0.00000652,37376.63
1621729677970000,0,0.02583000,37405.97
1621729678343000,0,0.00279268,37387.83
1621729678606000,0,0.00279266,37387.83
1621729680503000,0,0.03389000,37391.89
1621729680887000,0,0.00000433,37391.89
1621729682654000,0,0.03150000,37403.40
1621729683226000,0,0.00000154,37403.40
1621729685539000,0,0.40900000,37403.40
1621729686506000,0,0.03396000,37409.04
1621729686774000,0,0.00000397,37409.04
1621729686774000,0,0.00510603,37426.88
1621729687207000,0,0.00142531,37431.70
1621729687979000,0,0.00421564,37416.88
1621729690046000,0,0.00316000,37431.71
1621729693062000,0,0.01825875,37394.12
1621729697740000,0,0.13243961,37410.31
1621729697790000,0,0.12856039,37410.31
1621729701193000,0,0.04926000,37439.32
1621729702487000,0,0.06520794,37458.67
1621729706214000,1,0.01505035,37438.05
1621729708331000,0,0.06386000,37446.83
1621729711014000,0,0.02965000,37423.77
1621729711358000,0,0.00000618,37423.77
1621729717104000,0,0.20046412,37425.88
1621729717108000,0,0.00000001,37425.88
1621729717115000,0,0.20728550,37428.13
1621729717134000,0,0.06000000,37428.13
1621729717257000,0,0.06179634,37432.52
1621729721096000,0,0.00255000,37456.69
1621729726031000,0,0.12771000,37452.85
1621729734927000,0,0.00158000,37444.59
1621729737703000,0,0.06847014,37456.29
1621729737714000,0,0.13182694,37456.29
1621729737714000,0,0.02803647,37458.96
1621729737714000,0,0.30986724,37458.96
1621729737757000,0,0.06279189,37458.96
1621729738071000,0,0.00056491,37460.00
1621729742959000,0,0.00100000,37470.03
1621729743351000,0,0.00034165,37470.03
1621729743886000,0,0.00100000,37479.47
1621729744527000,0,0.00056492,37490.00
1621729744527000,0,0.00134089,37490.92
1621729744570000,0,0.00000001,37490.92
1621729745006000,0,0.00069545,37501.00
1621729745513000,0,0.00134178,37502.89
1621729745920000,0,0.02722277,37503.15
1621729747562000,0,0.11900000,37550.20
1621729747565000,0,0.22308158,37550.20
1621729747565000,0,0.11376164,37550.20
1621729747565000,0,0.10111207,37550.20
1621729747565000,0,0.65850039,37550.20
1621729749170000,0,0.00056493,37560.00
1621729749170000,0,0.03013433,37560.86
1621729749823000,0,0.17732846,37554.92
1621729750038000,0,0.00553000,37554.91
1621729750139000,0,0.14465000,37554.91
1621729752606000,0,0.13759000,37530.58
1621729752687000,0,0.00000936,37530.58
1621729754883000,0,0.18238000,37530.49
1621729755049000,0,0.00000155,37530.49
1621729764480000,0,0.00133748,37586.74
1621729764480000,0,0.00637252,37593.24
1621729765456000,0,0.00397000,37593.23
1621729767365000,0,0.04023000,37593.24
1621729778504000,0,0.00000017,37593.24
1621729778504000,0,0.01271983,37598.12
1621729778991000,1,0.08719000,37580.51
1621729779055000,1,0.00000396,37580.51
1621729781379000,1,0.01873000,37570.51
1621729784828000,0,0.02478681,37566.85
1621729787463000,0,0.00509000,37571.50
1621729794166000,0,0.00683000,37573.75
1621729794578000,1,0.00134312,37560.60
1621729799977000,0,0.00519000,37598.72
1621729810459000,1,0.02114571,37575.18
1621729810459000,1,0.00100000,37565.59
1621729810459000,1,0.03174891,37565.58
1621729810459000,1,0.00492183,37564.84
1621729814920000,0,0.00069360,37601.00
1621729814924000,0,0.00133605,37624.48
1621729815383000,0,0.00056494,37630.00
1621729815383000,0,0.03140065,37630.32
1621729816183000,0,0.00133463,37664.50
1621729818390000,0,0.00056495,37700.00
1621729818390000,0,0.00069176,37701.00
1621729818808000,0,1.00000000,37715.05
1621729820540000,1,0.00086414,37700.32
1621729822913000,0,0.00132000,37756.86
1621729823663000,0,0.17231000,37768.06
1621729823753000,0,0.46290000,37768.06
1621729827707000,0,0.03019493,37749.29
1621729827707000,0,0.00805507,37755.04
1621729830685000,1,0.00207128,37722.45
1621729831621000,1,0.08010483,37719.03
1621729833013000,0,0.00158000,37714.80
1621729833045000,0,0.08116722,37714.80
1621729833174000,1,0.02770447,37717.88
1621729834330000,0,0.03687426,37742.85
1621729835845000,1,0.10000000,37756.30
1621729840587000,1,0.01605337,37764.05
1621729841040000,1,0.08394000,37764.05
1621729841376000,1,0.00000663,37764.05
1621729841376000,1,0.14999337,37756.49
1621729841460000,1,2.85000000,37756.49
1621729841891000,1,0.06540000,37763.24
1621729842885000,1,0.00000663,37756.49
1621729864614000,0,0.03190000,37762.81
1621729864674000,0,0.00056496,37770.00
1621729865458000,0,0.00509234,37786.77
1621729867150000,0,0.03256000,37779.09
1621729869325000,0,0.03646000,37774.49
1621729869684000,0,0.00068993,37801.00
1621729869684000,0,0.01131007,37809.42
1621729871959000,1,0.00043504,37772.83
1621729872090000,1,0.03434322,37753.16
1621729874627000,1,0.07845000,37726.73
1621729874702000,0,0.01000000,37728.75
1621729874746000,1,0.00000959,37726.73
1621729874746000,1,0.17816041,37723.66
1621729879921000,0,0.00253000,37761.63
1621729880790000,0,0.00947000,37761.63
1621729884475000,0,0.00084101,37764.85
1621729887674000,0,0.00800000,37799.04
1621729890553000,0,0.00060276,37798.40
1621729908332000,1,0.01916000,37805.03
1621729909896000,0,0.00126000,37807.33
1621729913874000,1,0.00665033,37769.63
1621729920919000,0,0.00395000,37794.19
1621729923309000,0,0.00180327,37775.63
1621729923795000,1,0.06631061,37768.36
1621729924031000,1,0.12000000,37764.67
1621729931392000,0,0.01841177,37799.22
1621729931581000,1,0.96758000,37799.31
1621729948782000,1,0.20000000,37782.17
1621729953515000,1,0.01782742,37782.17
1621729953516000,1,0.40455141,37782.17
1621729955140000,0,0.00100000,37813.78
1621729955140000,0,0.30000000,37813.79
1621729955140000,0,0.48302232,37813.80
1621729955140000,0,0.46545673,37813.81
1621729955140000,0,0.20000000,37813.84
1621729955140000,0,0.39695250,37813.85
1621729955140000,0,0.04936416,37815.14
1621729955140000,0,0.04464374,37817.02
1621729955140000,0,0.03000000,37817.42
1621729955140000,0,0.49936218,37821.59
1621729955140000,0,3.70330000,37821.60
1621729955140000,0,0.03000000,37823.14
1621729955140000,0,0.46961942,37828.61
1621729955140000,0,0.47534948,37828.64
1621729955140000,0,0.06218186,37828.65
1621729964745000,1,0.04564847,37787.01
1621729986449000,1,0.01000000,37756.84
1621729986641000,1,0.04156834,37756.84
1621729986909000,1,0.08080000,37748.18
1621729987034000,1,0.00000774,37748.18
1621729987034000,1,0.14639226,37746.88
1621729987734000,1,0.00001534,37746.88
1621729988187000,0,0.00100000,37761.63
1621729988187000,0,0.01606437,37761.63
1621729988187000,0,0.01704563,37761.64
1621729997274000,0,0.00633000,37789.10
1621729998550000,0,0.00420000,37782.52
1621730011659000,0,0.00190000,37764.20
1621730021459000,0,0.19872000,37755.93
1621730022325000,0,0.00259000,37765.84
1621730022325000,0,0.00278000,37768.68
1621730025439000,0,0.20000000,37768.68
1621730025445000,0,0.12838471,37768.68
1621730025620000,0,0.02456374,37773.01
1621730025680000,0,0.02376645,37773.01
1621730026705000,0,0.28303000,37782.25
1621730026813000,0,0.20245000,37782.25
1621730035822000,0,0.00263000,37794.88
1621730036215000,0,0.18837000,37794.88
1621730040396000,1,0.10929000,37786.70
1621730042848000,1,0.00000089,37786.70
1621730050484000,1,0.05583000,37733.12
1621730052769000,0,0.33135000,37743.61
1621730069540000,0,0.00100000,37773.01
1621730069540000,0,0.00027000,37777.58
1621730075077000,0,0.19872524,37755.63
1621730075077000,0,0.06624174,37757.97
1621730075248000,0,0.01983164,37783.70
1621730075248000,0,0.00549836,37796.64
1621730080955000,1,0.48596000,37734.82
1621730082643000,1,0.00094616,37734.83
1621730088535000,1,0.00100000,37713.50
1621730088535000,1,0.00117634,37713.49
1621730091507000,0,0.00198000,37751.69
1621730093103000,0,0.00145000,37764.23
1621730098000000,0,0.01940000,37758.97
1621730104212000,0,0.07704917,37791.60
1621730104212000,0,0.02236895,37793.58
1621730116180000,0,0.00506000,37796.08
1621730117143000,0,0.29900000,37813.17
1621730120635000,1,0.01914000,37815.99
1621730123229000,0,0.13738207,37834.33
1621730123254000,0,0.28492138,37834.33
1621730123255000,0,0.04411452,37834.33
1621730123255000,0,0.03937104,37834.33
1621730123449000,0,0.00056497,37840.00
1621730123449000,0,0.00101503,37845.73
1621730132854000,0,0.02552000,37851.75
1621730134438000,0,0.19823418,37847.42
1621730134458000,0,0.20722707,37851.75
1621730134466000,0,0.09770165,37851.75
1621730134596000,0,0.25652997,37857.17
1621730134620000,0,0.32731279,37857.17
1621730134641000,0,0.41615724,37857.17
1621730135121000,0,0.24700000,37871.24
1621730135526000,0,0.02500000,37885.40
1621730136338000,0,0.00068811,37901.00
1621730138105000,0,0.00056498,37910.00
1621730138105000,0,0.41615700,37928.45
1621730138105000,0,0.32731300,37928.45
1621730138112000,0,0.00129000,37932.75
1621730138118000,1,0.07978097,37928.57
1621730141123000,1,0.00131900,37932.18
1621730142698000,0,0.08167993,37942.68
1621730142815000,1,0.08390211,37951.96
1621730144800000,0,0.32960000,37907.72
1621730145807000,0,0.32940000,37919.22
1621730149128000,0,0.32960000,37913.02
1621730149242000,0,0.02427041,37919.58
1621730151016000,0,0.01039000,37950.96
1621730154285000,1,0.03916648,37906.15
1621730155117000,0,0.30000000,37881.81
1621730155209000,0,0.02970000,37881.81
1621730155787000,0,0.09500000,37871.52
1621730155833000,0,0.23510000,37871.52
1621730159059000,0,0.05342000,37903.97
1621730167077000,0,0.00205000,37927.58
1621730168040000,0,0.00000655,37927.58
1621730168040000,0,0.00201345,37950.62
1621730175507000,0,0.05390000,37965.54
1621730179466000,1,0.02000000,37955.98
1621730179467000,1,0.00051113,37955.98
1621730179619000,0,0.08469000,37975.85
1621730179619000,0,0.00100000,37976.25
1621730179619000,0,0.03078556,37977.96
1621730179619000,0,0.26343992,37977.97
1621730179619000,0,0.11954815,37978.46
1621730179620000,0,0.18045185,37978.46
1621730179620000,0,0.21911905,37978.47
1621730179658000,0,0.19763080,37967.01
1621730179658000,0,0.17613787,37978.47
1621730179658000,0,0.00056499,37980.00
1621730179658000,0,0.02523331,37980.82
1621730179663000,0,0.25845943,37980.82
1621730179667000,0,0.11153847,37980.82
1621730179667000,0,0.03000000,37987.58
1621730179667000,0,0.25802856,37989.93
1621730179669000,0,0.26903200,37989.93
1621730179669000,0,0.23042672,37994.58
1621730179670000,0,0.12842224,37994.58
1621730179670000,0,0.01859786,37995.78
1621730179670000,0,0.10329448,37996.26
1621730179672000,0,0.25029614,37996.26
1621730179675000,0,0.07894291,37998.34
1621730179675000,0,0.20200000,37998.51
1621730179675000,0,0.11862406,38000.14
1621730179697000,0,0.03000000,37980.60
1621730179701000,0,0.39956703,38000.14
1621730179711000,0,0.25029614,37978.45
1621730179712000,0,0.04970386,37978.45
1621730179713000,0,0.00872720,38000.14
1621730179713000,0,0.00068630,38001.00
1621730179713000,0,0.16859570,38005.33
1621730179760000,0,0.00492187,38001.60
1621730179770000,0,0.00492187,38001.60
1621730184742000,1,0.07986000,37945.13
1621730188138000,1,0.30316000,37919.17
1621730188238000,1,0.09170000,37919.17
1621730199307000,0,0.00100000,37993.82
1621730199307000,0,0.00051000,37993.82
1621730203056000,0,0.01074366,37988.14
1621730211381000,0,0.01313880,37963.87
1621730215010000,1,0.00500000,37945.45
1621730215010000,1,0.00064310,37945.45
1621730224898000,0,0.00295961,37912.35
1621730229075000,0,0.01157258,37909.61
1621730231264000,0,0.00252000,37909.62
1621730237887000,0,0.19116000,37909.62
1621730241154000,0,0.35054000,37944.00
1621730241239000,0,0.05571000,37944.00
1621730241855000,1,0.00100000,37913.91
1621730241855000,1,0.01129797,37913.90
1621730243840000,0,0.00000063,37944.00
1621730243840000,0,0.03486937,37950.96
1621730243856000,0,0.00000445,37950.96
1621730251455000,0,0.05056858,37974.58
1621730254376000,0,0.00155077,37994.00
1621730254873000,0,0.02844000,37994.00
1621730256561000,0,0.00000866,37994.00
1621730256708000,1,0.09500000,38007.64
1621730256725000,1,0.03307844,38007.64
1621730261695000,0,0.01258000,38010.86
1621730264552000,0,0.00126000,38008.79
1621730266125000,0,0.00576000,38015.86
1621730268035000,0,0.00397215,38010.81
1621730268479000,0,0.00262376,38021.63
1621730268813000,0,0.00100000,38021.62
1621730268813000,0,0.00532000,38021.62
1621730271471000,0,0.00201000,38021.63
1621730277749000,0,0.00081190,37980.18
1621730278592000,1,0.02642000,37962.90
1621730279136000,1,0.45294000,37940.66
1621730299277000,1,0.03928328,37915.50
1621730299288000,1,0.16071672,37915.50
1621730299534000,1,0.05717787,37915.66
1621730315606000,0,0.01266000,37952.57
1621730318839000,0,0.01126959,37952.62
1621730318839000,0,0.01394041,37961.76
1621730328959000,0,0.13000000,37970.62
1621730330036000,0,0.49200000,37983.22
1621730330572000,0,0.00378000,38010.92
1621730337908000,0,0.01650558,37989.56
1621730343591000,0,0.32910000,37948.59
1621730346488000,0,0.00353000,37967.50
1621730348956000,0,0.01017000,37957.24
1621730353228000,0,0.00000175,37957.24
1621730354076000,1,0.00100000,37960.15
1621730354076000,1,0.04382367,37960.14
1621730360105000,0,0.00124398,37990.95
1621730371394000,1,0.08617000,37938.22
1621730371710000,1,0.00000919,37938.22
1621730371710000,1,0.02097604,37932.66
1621730371710000,1,0.00000920,37932.66
1621730386318000,1,0.00070962,37929.22
1621730386318000,1,0.00959283,37919.09
1621730392458000,0,0.00283000,37930.91
1621730392977000,0,0.12931285,37930.91
1621730392977000,0,0.01642715,37930.91
1621730396407000,0,0.01243000,37933.84
1621730409805000,0,0.04681000,37953.22
1621730411891000,0,0.01184000,37956.06
1621730416911000,0,0.00252000,37968.71
1621730442062000,0,0.00151000,37971.39
1621730450155000,0,0.00176000,37979.06
1621730451972000,0,0.07839658,37979.97
1621730451984000,0,0.00756000,37995.35
1621730473802000,0,0.73547000,38000.00
1621730474009000,0,0.01341000,37998.11
1621730475203000,0,0.00000699,38000.00
1621730475798000,0,0.01840000,38012.26
1621730476889000,0,0.39956000,38021.64
1621730476897000,0,0.00000684,38021.64
1621730479305000,0,0.00055500,38050.00
1621730479354000,0,0.01539278,38072.71
1621730480531000,0,0.01300000,38079.83
1621730483353000,0,0.00068450,38101.00
1621730483480000,1,0.02214996,38100.99
1621730483530000,1,0.00100000,38101.00
1621730483530000,1,0.00895746,38100.99
1621730483703000,1,0.00895000,38101.00
1621730483703000,1,0.00093279,38100.99
1621730484316000,0,0.00055501,38120.00
1621730484316000,0,0.00127919,38122.09
1621730489113000,1,0.25696000,38050.08
1621730489204000,1,0.21133000,38050.08
1621730489453000,1,0.00000760,38050.08
1621730489453000,1,0.02152240,38048.18
1621730492104000,0,0.01004000,38081.70
1621730512785000,1,0.01095000,38031.09
1621730523717000,0,0.00183000,38052.25
1621730527283000,0,0.00626000,38061.90
1621730530175000,0,0.00261000,38087.07
1621730534938000,1,0.45215000,38040.91
1621730534960000,1,0.00000678,38040.91
1621730547487000,0,0.01058690,38082.11
1621730547934000,1,0.00041310,38086.93
1621730549489000,0,0.00100000,38092.07
1621730553492000,0,0.01200000,38079.75
1621730557871000,0,0.00396037,38079.73
1621730560073000,1,0.01061000,38042.95
1621730565488000,0,0.01100000,38072.52
1621730569561000,0,0.00600000,38075.56
1621730570525000,0,0.01087213,38075.56
1621730570525000,0,0.00012787,38081.78
1621730572872000,1,0.01200000,38050.90
1621730572954000,1,0.01066000,38050.42
1621730573673000,1,0.00000024,38050.42
1621730573673000,1,0.01849976,38042.38
1621730578438000,0,0.00257533,38047.86
1621730578597000,0,0.00338784,38047.86
1621730584547000,0,0.19891000,38042.39
1621730585616000,0,0.00000620,38042.39
1621730585616000,0,0.41399380,38042.39
1621730598011000,0,0.14500000,38037.02
1621730601476000,0,0.00000620,38042.39
1621730601476000,0,0.00099380,38055.01
1621730604106000,1,0.00960000,38028.50
1621730604111000,1,0.00000590,38028.50
1621730608155000,0,0.01218217,38043.56
1621730608182000,0,0.14085590,38052.73
1621730608189000,0,0.18777527,38052.73
1621730616937000,0,0.00723000,38075.87
1621730617617000,0,0.00000429,38075.87
1621730617735000,0,0.01382000,38094.96
1621730618076000,0,0.01154000,38108.20
1621730622458000,0,0.02261345,38069.97
1621730622458000,0,0.01158806,38073.20
1621730622465000,1,0.01071843,38076.88
1621730622589000,1,0.39956707,38076.88
1621730622590000,1,0.75551299,38076.88
1621730625293000,1,0.02658677,38053.86
1621730627991000,0,0.03825000,38089.86
1621730629895000,0,0.00100000,38102.51
1621730633833000,0,0.02216000,38103.41
1621730635725000,0,0.01026000,38113.98
1621730662636000,1,0.00928001,38101.00
1621730664181000,1,1.19070000,38101.00
1621730664326000,1,0.00001999,38101.00
1621730664495000,0,0.01871721,38115.57
1621730664535000,1,0.01128279,38116.99
1621730670500000,0,0.01700000,38098.66
1621730671493000,0,0.01045000,38098.66
1621730672481000,0,0.01600000,38098.66
1621730672918000,0,0.01820439,38098.66
1621730679007000,0,0.06589226,38098.66
1621730686580000,0,0.00261000,38113.82
1621730689913000,1,0.00100000,38097.50
1621730689913000,1,0.02680587,38097.49
1621730695033000,0,0.00000001,38122.09
1621730698863000,0,0.00130000,38154.10
1621730700872000,0,0.00109650,38142.66
1621730700872000,0,0.01320435,38152.74
1621730700872000,0,0.01829915,38167.48
1621730702480000,0,0.08269045,38157.05
1621730702480000,0,0.04003471,38157.05
1621730703280000,0,0.00479002,38166.95
1621730703280000,0,0.01200000,38167.45
1621730703824000,0,0.01328018,38164.04
1621730703824000,0,0.01202469,38169.88
1621730703826000,0,0.49996128,38172.14
1621730703827000,0,0.49996128,38172.14
1621730704001000,0,0.01090000,38158.11
1621730704016000,0,0.00003538,38158.11
1621730704175000,0,0.00007744,38172.14
1621730705138000,0,0.01959783,38189.72
1621730705138000,0,0.02483217,38189.72
1621730705381000,0,0.00001033,38189.72
1621730705381000,0,0.00055502,38190.00
1621730705381000,0,0.01200000,38200.30
1621730705381000,0,0.00068270,38201.00
1621730706122000,0,0.00260000,38221.16
1621730706392000,1,0.02243314,38176.39
1621730706394000,1,0.02725799,38176.39
1621730709595000,0,0.02428750,38154.75
1621730709708000,1,0.03211428,38168.93
1621730715069000,0,0.04197513,38180.30
1621730717277000,1,0.00204455,38172.61
1621730729606000,0,0.09200000,38144.13
1621730730268000,1,0.01000000,38113.44
1621730730604000,1,0.57766282,38120.61
1621730730649000,1,0.07220268,38120.61
1621730730652000,1,0.19867206,38120.61
1621730730652000,0,0.07600000,38125.24
1621730730662000,1,0.18018599,38120.61
1621730730671000,1,0.02127645,38120.61
1621730731512000,0,0.09189648,38111.88
1621730732613000,0,0.14675203,38124.87
1621730732613000,0,0.26924797,38131.61
1621730733313000,0,0.00138000,38122.42
1621730736930000,1,0.00299999,38121.03
1621730736932000,1,0.00000001,38121.03
1621730736977000,1,0.00200000,38121.08
1621730738694000,1,0.02200000,38111.35
1621730739637000,0,0.01200000,38107.86
1621730740172000,1,0.00799999,38094.79
1621730740187000,1,0.00000001,38094.79
1621730740217000,0,0.00100000,38118.34
1621730740217000,0,0.00413000,38118.35
1621730740334000,1,0.30000000,38076.69
1621730740334000,1,0.34090788,38076.68
1621730740424000,1,0.19681996,38077.05
1621730741059000,1,0.02621963,38090.66
1621730743823000,1,0.02148824,38083.69
1621730744795000,1,0.01100000,38078.30
1621730745771000,1,0.86400000,38081.20
1621730749096000,0,0.00261000,38102.24
1621730750018000,1,0.00200000,38093.30
1621730751671000,1,0.07400000,38080.69
1621730752630000,0,0.02176412,38087.08
1621730752713000,1,0.00023588,38087.53
1621730753594000,0,0.03900000,38090.67
1621730754795000,0,0.26257597,38098.86
1621730754795000,0,0.19687034,38107.72
1621730754795000,0,0.43369384,38108.40
1621730756616000,0,0.05069565,38100.18
1621730756920000,0,0.00130931,38116.95
1621730757039000,1,0.01757849,38110.02
1621730757427000,1,0.23245000,38110.02
1621730757431000,1,0.00900000,38110.02
1621730757504000,1,0.68327586,38110.02
1621730757910000,1,0.00100000,38076.62
1621730757910000,1,0.19682685,38073.21
1621730757910000,1,0.48020846,38066.29
1621730757910000,1,0.26426904,38066.29
1621730761172000,1,0.00384297,38072.23
1621730763848000,0,0.00525000,38115.86
1621730776021000,0,0.00100000,38054.30
1621730776021000,0,0.00425704,38055.12
1621730778805000,0,0.00514000,38042.90
1621730779429000,0,0.25562000,38032.70
1621730779494000,0,0.00000908,38032.70
1621730781086000,1,0.02672655,38026.44
1621730781910000,0,0.32820000,38041.94
1621730783627000,0,0.00686000,38053.45
1621730787832000,0,0.32860000,38038.14
1621730790372000,0,0.03771000,38044.54
1621730790467000,0,0.29069000,38044.54
1621730791657000,0,0.32850000,38042.54
1621730794456000,0,0.06361000,38045.66
1621730794703000,0,0.01119697,38050.00
1621730794703000,0,0.08347000,38059.03
1621730794703000,0,0.00100000,38062.06
1621730794703000,0,0.01067728,38062.52
1621730794703000,0,0.32857994,38062.55
1621730794703000,0,0.04268597,38062.58
1621730801174000,1,0.02505173,38049.34
1621730805335000,0,0.01212000,38047.66
1621730806138000,0,0.00251000,38047.66
1621730809417000,0,0.02326623,38032.75
1621730813369000,0,0.00226000,38044.62
1621730818260000,0,0.11687494,38048.36
1621730824503000,0,0.01131000,38058.36
1621730824830000,0,0.00251000,38058.36
1621730826321000,0,0.09314675,38075.85
1621730826726000,0,0.07297000,38075.85
1621730826835000,0,0.00000863,38075.85
1621730827342000,0,0.02656000,38080.27
1621730827854000,0,0.00000123,38080.27
1621730827854000,0,0.01224877,38090.60
1621730832644000,0,0.32820000,38086.30
1621730834767000,0,0.00100000,38107.78
1621730834767000,0,0.08765800,38107.79
1621730834767000,0,0.21147844,38111.80
1621730845207000,1,0.25673000,38056.42
1621730846034000,0,0.00163000,38075.43
1621730859264000,0,0.18453000,38074.46
1621730866159000,0,0.00530000,38094.84
1621730871605000,0,0.08765800,38065.70
1621730871605000,0,0.45539549,38067.16
1621730871605000,0,0.46560548,38067.16
1621730871605000,0,0.26277957,38067.17
1621730871605000,0,0.17800000,38067.76
1621730871605000,0,0.26277151,38067.77
1621730871605000,0,0.12383673,38070.89
1621730871605000,0,0.45867396,38076.12
1621730871605000,0,0.01953034,38076.12
1621730871605000,0,0.00100000,38077.27
1621730871605000,0,0.32842051,38077.30
1621730871605000,0,0.39416935,38077.92
1621730871605000,0,0.46147909,38078.38
1621730871605000,0,0.19622000,38078.38
1621730871605000,0,0.94721000,38080.18
1621730871605000,0,0.03000000,38080.90
1621730871605000,0,0.00220361,38082.04
1621730871605000,0,1.09776722,38090.30
1621730872930000,0,0.00336538,38056.89
1621730873150000,0,0.00897000,38077.30
1621730876005000,0,0.11385106,38060.55
1621730887873000,0,0.33800000,38068.72
1621730888044000,0,0.16777000,38072.25
1621730888429000,0,0.00000656,38072.25
1621730910840000,0,0.00135652,38101.00
1621730921677000,0,0.02296794,38094.13
1621730928456000,0,0.08900000,38121.49
1621730930349000,0,0.00232000,38120.42
1621730940759000,1,0.15700446,38114.02
1621730946415000,0,0.00313000,38112.53
1621730951431000,0,0.00157143,38120.19
1621730951686000,0,0.19523000,38120.19
1621730951934000,0,0.13517251,38121.76
1621730953889000,0,0.00775000,38140.61
1621730956906000,0,0.00463985,38140.23
1621730957869000,0,0.19206396,38140.23
1621730958893000,0,0.16010493,38149.02
1621730960056000,0,0.07234961,38162.83
1621730960057000,0,0.08574836,38162.83
1621730960079000,0,0.10060575,38162.83
1621730960083000,0,0.21861586,38162.83
1621730962918000,0,0.32710000,38171.89
1621730965318000,0,0.32060217,38184.83
1621730965320000,0,0.00639783,38184.83
1621730977312000,1,0.02200000,38198.58
1621730979021000,0,0.19647922,38189.77
1621730979021000,0,0.08765800,38194.29
1621730979100000,1,0.64886278,38196.65
1621730980019000,0,0.00992895,38183.48
1621730980019000,0,0.19647922,38189.77
1621730980019000,0,0.08759183,38194.17
1621730980611000,0,0.00362000,38194.46
1621730981040000,0,0.00000834,38194.46
1621730981040000,0,0.02852483,38198.78
1621730981040000,0,0.83216000,38213.06
1621730981040000,0,0.08765800,38213.27
1621730981040000,0,0.32733282,38215.06
1621730981111000,1,1.67131601,38215.19
1621730981302000,1,0.00900000,38194.83
1621730982053000,0,0.01200000,38213.05
1621730982232000,1,0.67253000,38214.42
1621730982295000,1,0.32747000,38214.42
1621730983072000,0,0.32733282,38215.06
1621730983072000,0,0.01200000,38218.13
1621730983072000,0,0.48145903,38218.14
1621730983072000,0,0.19633580,38218.15
1621730983150000,1,0.35000000,38219.19
1621730983161000,1,0.01912341,38219.19
1621730983183000,1,1.30896181,38219.19
1621730983232000,1,0.15000000,38219.19
1621730983260000,1,0.04801950,38219.19
1621730983309000,1,1.77476763,38219.19
1621730984050000,0,0.02693736,38225.90
1621730984050000,0,0.00006264,38234.71
1621730985287000,1,2.16000000,38218.99
1621730985290000,1,1.13200000,38218.99
1621730985450000,1,0.00100000,38183.19
1621730985450000,1,0.04659575,38183.18
1621730986303000,1,1.30939196,38208.27
1621730986310000,1,0.39930362,38208.27
1621730986311000,1,0.49912953,38208.27
1621730986337000,1,0.99761638,38208.27
1621730986338000,1,0.49912872,38208.27
1621730986340000,1,0.25203426,38208.27
1621730986342000,1,0.49912872,38208.27
1621730986350000,1,0.26675883,38208.27
1621730986352000,1,0.65550798,38208.27
1621730987069000,0,0.03000000,38215.59
1621730987218000,1,0.19637459,38216.81
1621730987218000,1,0.32733811,38216.81
1621730987231000,1,0.26183280,38216.81
1621730987233000,1,1.30916397,38216.81
1621730987422000,1,0.35000000,38216.81
1621730987497000,1,0.15000000,38216.81
1621730987564000,1,0.10000000,38216.81
1621730987640000,1,0.25000000,38216.81
1621730987680000,1,1.30920223,38216.81
1621730987720000,1,0.10000000,38216.81
1621730987786000,1,0.25000000,38216.81
1621730987810000,1,0.99807574,38216.81
1621730988242000,1,0.03900000,38222.56
1621730989032000,0,0.19629353,38225.80
1621730989032000,0,0.49295268,38225.89
1621730989032000,0,0.08793500,38225.91
1621730989032000,0,0.91206500,38225.91
1621730989032000,0,0.39267290,38229.59
1621730989107000,1,0.03070399,38229.69
1621730989194000,1,0.90237690,38229.69
1621730990027000,0,1.07873304,38229.69
1621730990027000,0,0.83216000,38233.71
1621730990027000,0,0.08765800,38235.06
1621730990027000,0,0.52372504,38236.34
1621730990027000,0,0.45935816,38237.83
1621730990027000,0,0.52368159,38237.84
1621730990027000,0,0.04288012,38242.11
1621730990027000,0,0.03260520,38242.77
1621730990027000,0,0.07767246,38243.10
1621730990046000,1,0.04600000,38245.41
1621730990106000,1,0.03070112,38245.41
1621730990114000,1,0.03000000,38245.41
1621730990136000,1,0.30000000,38245.41
1621730990166000,1,0.26172159,38245.41
1621730990168000,1,0.19629120,38245.41
1621730990171000,1,0.39267290,38245.41
1621730990173000,1,0.39258705,38245.41
1621730990191000,1,1.30848156,38245.41
1621730990328000,1,0.09558586,38245.41
1621730990335000,1,0.61048511,38245.41
1621730991033000,0,0.03418497,38243.38
1621730991033000,0,0.46338312,38246.69
1621730991033000,0,10.58450000,38246.70
1621730991109000,1,0.08765800,38248.47
1621730991199000,1,0.01260000,38248.47
1621730991205000,1,0.90767391,38248.47
1621730992012000,0,0.19625885,38237.45
1621730992012000,0,0.26167846,38239.79
1621730992122000,0,0.01709000,38245.89
1621730992202000,1,1.30826877,38244.40
1621730992290000,0,0.20000000,38246.06
1621730992360000,0,0.12000000,38246.06
1621730992371000,0,0.07253079,38246.06
1621730992449000,0,0.01700000,38248.97
1621730993054000,0,0.22772472,38257.90
1621730993175000,1,0.02999903,38259.60
1621730993421000,0,0.00055503,38260.00
1621730994177000,1,1.30725869,38275.00
1621730994197000,1,0.23977282,38275.00
1621730994207000,1,0.26144231,38275.00
1621730994212000,1,0.19608173,38275.00
1621730994530000,1,0.00653000,38275.00
1621730994583000,1,0.03060021,38275.00
1621730994716000,1,0.11131424,38275.00
1621730995037000,0,0.23977282,38275.00
1621730995054000,1,0.26901505,38275.00
1621730995230000,1,0.23977791,38275.00
1621730995257000,1,0.25000000,38275.00
1621730995261000,1,1.30725425,38275.00
1621730995269000,1,0.99749951,38275.00
1621730995306000,1,0.00868046,38275.00
1621730995403000,1,0.00044497,38260.03
1621730995412000,0,0.00130000,38258.18
1621730996177000,1,0.06700000,38275.00
1621730996891000,1,0.05600000,38232.11
1621730996922000,1,0.10005333,38232.11
1621730996924000,1,0.23338090,38232.11
1621730996939000,1,0.08833475,38232.11
1621730998034000,0,0.19620913,38239.95
1621730998034000,0,0.26161217,38239.96
1621730998034000,0,0.32701521,38239.97
1621730998034000,0,0.00100000,38245.01
1621730998034000,0,0.32689702,38253.58
1621730998034000,0,0.03000000,38258.57
1621730998034000,0,0.43353093,38261.82
1621730998034000,0,0.83216000,38261.83
1621730998034000,0,0.08765800,38262.83
1621730998034000,0,0.45682268,38264.71
1621730998034000,0,0.52303523,38264.73
1621730998034000,0,0.36687745,38266.81
1621730998034000,0,0.00492187,38267.15
1621730998105000,1,0.11200000,38269.93
1621730998109000,1,0.48271335,38269.93
1621730998172000,1,0.39904603,38269.93
1621730998176000,1,1.30833107,38269.93
1621730998178000,1,0.28030719,38269.93
1621730998252000,1,0.10350917,38269.93
1621730998267000,1,0.13624945,38269.93
1621730998312000,1,0.08443928,38269.93
1621730998336000,1,0.52331658,38269.93
1621730998336000,1,0.39248744,38269.93
1621730998336000,1,0.26165829,38269.93
1621730998340000,1,0.19624372,38269.93
1621730998340000,1,0.32707287,38269.93
1621730998342000,1,0.52331658,38269.93
1621730998358000,1,1.30829145,38269.93
1621730998383000,1,0.07927784,38269.93
1621730998491000,1,0.00828091,38239.97
1621730999025000,0,0.00248000,38260.94
1621730999040000,0,0.01452000,38260.94
1621730999088000,1,0.07866770,38266.38
1621730999207000,1,2.16000000,38266.38
1621730999207000,1,1.30812069,38266.38
1621730999207000,1,0.10000000,38266.38
1621730999238000,1,0.21049120,38266.38
1621730999240000,1,0.45720041,38266.38
1621731000119000,1,0.47995931,38224.31
1621731000140000,1,0.26037110,38224.31
1621731000142000,1,0.22144285,38224.31
1621731000225000,1,0.20830461,38224.31
1621731000685000,1,0.99788201,38224.31
1621731001221000,1,1.30869199,38235.51
1621731001387000,1,0.26173840,38235.51
1621731001388000,1,0.19630380,38235.51
1621731001625000,1,0.00080000,38235.51
1621731001705000,1,0.22946581,38235.51
1621731002104000,0,0.03000000,38242.67
1621731002104000,0,0.00100000,38242.68
1621731002104000,0,0.32705387,38242.69
1621731002104000,0,0.07846046,38251.11
1621731002104000,0,0.00492187,38252.02
1621731002205000,1,1.30889679,38252.96
1621731002240000,1,0.90000000,38252.96
1621731002341000,1,0.49870932,38252.96
1621731002381000,1,0.90000000,38252.96
1621731002427000,1,0.02660000,38252.96
1621731002452000,1,0.23354471,38252.96
1621731002457000,1,0.39896747,38252.96
1621731002475000,1,0.39896747,38252.96
1621731002497000,1,0.08278758,38252.96
1621731002712000,1,1.30886653,38252.96
1621731002731000,1,0.26178765,38252.96
1621731002733000,1,0.19634074,38252.96
1621731002734000,1,0.39268148,38252.96
1621731002736000,1,0.52357530,38252.96
1621731002748000,1,0.32723457,38252.96
1621731004426000,0,0.00100000,38228.03
1621731004426000,0,0.01600000,38229.39
1621731005041000,0,0.00100000,38229.38
1621731005041000,0,0.00854748,38229.38
1621731005041000,0,0.32718434,38234.06
1621731005041000,0,0.07913488,38239.77
1621731005041000,0,0.00112940,38239.78
1621731005041000,0,1.00000000,38239.78
1621731005041000,0,0.39262120,38240.82
1621731005178000,1,0.39263667,38241.64
1621731005183000,1,1.30878888,38241.64
1621731005197000,1,0.19633134,38241.64
1621731005419000,0,0.00100000,38245.03
1621731005419000,0,0.00300000,38253.19
1621731006042000,0,0.52055024,38253.19
1621731006042000,0,0.52353029,38253.66
1621731006042000,0,0.07813351,38261.43
1621731006187000,1,1.30810520,38262.07
1621731006209000,1,0.09718100,38262.07
1621731006579000,1,0.26161257,38262.07
1621731006580000,1,0.19620943,38262.07
1621731006698000,1,1.30797574,38262.07
1621731007049000,0,0.39241886,38265.26
1621731007049000,0,1.00000000,38266.99
1621731007049000,0,0.50000000,38268.98
1621731007049000,0,0.01910189,38269.93
1621731007049000,0,4.61083452,38273.67
1621731007049000,0,0.07840369,38274.98
1621731007049000,0,0.03786611,38275.00
1621731007156000,1,0.09718100,38275.00
1621731007160000,1,0.89870000,38275.00
1621731007253000,1,1.30768834,38275.00
1621731007510000,0,0.07775000,38279.68
1621731007814000,0,0.03953000,38277.45
1621731008388000,0,0.03953205,38279.69
1621731008388000,0,0.00246795,38284.98
1621731009638000,0,0.10000000,38290.57
1621731009704000,0,0.90000000,38290.57
1621731009889000,0,0.21489977,38292.88
1621731009913000,0,0.04649515,38292.88
1621731009914000,0,0.19602767,38293.70
1621731010428000,0,0.00800000,38292.10
1621731010865000,0,0.04080449,38299.63
1621731010865000,0,0.18494677,38299.63
1621731010866000,0,0.16639128,38299.63
1621731010866000,0,0.00068000,38301.00
1621731010866000,0,0.00000781,38301.00
1621731011267000,0,0.26126941,38301.70
1621731012466000,0,0.19589000,38310.26
1621731012540000,0,0.00000628,38310.26
1621731012540000,0,0.26119372,38311.53
1621731012647000,0,0.00000899,38311.53
1621731012647000,0,0.19999101,38311.74
1621731012735000,0,0.06120000,38311.74
1621731013520000,1,0.02600000,38304.63
1621731014567000,1,0.20000000,38279.15
1621731014645000,1,0.99752223,38275.03
1621731014674000,1,0.79758000,38279.15
1621731014674000,1,0.05247777,38275.03
1621731014674000,1,0.14735099,38275.00
1621731014801000,1,0.04864901,38275.00
1621731015657000,1,0.00130000,38252.58
1621731016191000,1,1.30693047,38275.00
1621731016297000,1,0.99765533,38275.00
1621731016365000,1,0.19603958,38275.00
1621731016588000,1,0.40000000,38275.00
1621731016665000,1,0.22882000,38275.00
1621731016680000,1,0.67655462,38275.00
1621731017194000,1,0.30000000,38275.00
1621731017276000,1,1.30725996,38275.00
1621731017297000,1,0.15000000,38275.00
1621731017481000,1,0.51886355,38275.00
1621731017495000,1,0.10000000,38275.00
1621731017576000,1,0.10000000,38275.00
1621731017626000,1,0.19608899,38275.00
1621731017627000,1,0.26145199,38275.00
1621731017655000,1,0.15000000,38275.00
1621731017723000,1,0.15000000,38275.00
1621731017771000,1,1.30727292,38275.00
1621731017811000,1,0.70000000,38275.00
1621731017875000,1,0.10000000,38275.00
1621731017948000,1,0.10000000,38275.00
1621731018094000,1,0.10000000,38275.00
1621731018181000,1,0.10000000,38275.00
1621731018251000,1,0.10000000,38275.00
1621731018275000,1,1.30745053,38275.00
1621731018322000,1,0.15000000,38275.00
1621731018425000,1,0.30000000,38275.00
1621731018502000,1,0.10000000,38275.00
1621731018565000,1,0.06854947,38275.00
1621731019077000,0,0.00100000,38269.17
1621731019077000,0,0.03000000,38269.55
1621731020071000,0,0.03000000,38270.38
1621731020071000,0,0.00100000,38270.39
1621731020071000,0,0.32686264,38270.45
1621731020179000,1,0.90000000,38275.00
1621731020189000,1,1.30800290,38275.00
1621731020220000,1,0.32686264,38275.00
1621731020221000,1,0.09427182,38275.00
1621731020221000,1,0.01336460,38258.24
1621731020309000,0,0.15000000,38257.65
1621731021378000,0,0.11854000,38281.35
1621731021462000,1,0.00988146,38277.37
1621731021462000,1,0.98790666,38275.00
1621731021495000,1,0.99791168,38275.00
1621731021505000,1,0.19609727,38275.00
1621731021507000,0,0.04497000,38281.35
1621731023907000,0,0.00000874,38281.35
1621731023907000,0,0.02324126,38306.75
1621731025563000,0,0.19597000,38298.80
1621731026735000,0,0.00000154,38298.80
1621731026735000,0,0.26127846,38307.25
1621731028852000,1,0.45174418,38283.15
1621731029922000,0,0.19600000,38283.31
1621731030678000,1,0.11100000,38275.00
1621731030678000,1,0.01954660,38269.48
1621731031213000,1,0.99778583,38275.00
1621731031457000,0,0.00000893,38283.31
1621731031457000,0,0.01159715,38283.31
1621731031504000,0,0.18441178,38283.31
1621731031605000,0,0.01200000,38285.86
1621731031635000,0,0.01057981,38285.87
1621731032796000,1,0.25317786,38275.00
1621731033246000,1,0.00090000,38275.00
1621731034950000,0,0.10537000,38291.83
1621731035474000,0,0.01093902,38291.83
1621731035498000,0,0.07965989,38291.83
1621731035587000,0,0.26130000,38292.46
1621731036391000,0,0.02347354,38291.83
1621731036460000,0,0.17249537,38291.83
1621731036460000,0,0.00000662,38292.46
1621731036460000,0,0.18654801,38292.46
1621731036471000,0,0.02872481,38292.46
1621731036595000,0,0.04603380,38292.46
1621731036595000,0,0.05759526,38295.73
1621731036598000,0,0.33444722,38295.73
1621731039451000,0,0.00110741,38296.67
1621731041037000,1,0.02181588,38280.57
1621731042294000,1,0.07873683,38274.41
1621731043026000,0,0.10000000,38273.83
1621731043072000,0,0.01729682,38273.83
1621731043237000,0,0.20000000,38288.91
1621731043323000,0,0.15000000,38288.91
1621731043414000,0,0.04205000,38288.91
1621731043550000,0,0.00000366,38288.91
1621731044290000,0,0.01863987,38273.83
1621731049634000,0,0.26125636,38294.04
1621731049663000,0,0.26125754,38294.43
1621731049865000,0,0.10795000,38294.04
1621731049966000,0,0.15330000,38294.04
1621731051450000,0,0.26130000,38284.53
1621731051574000,0,0.00000891,38284.53
1621731051574000,0,0.32662109,38288.80
1621731055219000,1,0.19599314,38275.00
1621731056820000,1,0.00117727,38269.01
1621731058096000,1,0.04932972,38268.97
1621731058662000,1,0.31136401,38252.67
1621731058662000,1,0.03470962,38249.08
1621731058662000,1,0.23039924,38245.02
1621731059203000,1,0.33894429,38266.31
1621731065215000,1,0.19605333,38275.00
1621731065220000,1,0.26140443,38275.00
1621731065326000,1,0.15000000,38275.00
1621731065391000,1,0.10000000,38275.00
1621731065470000,1,0.34123000,38275.00
1621731065484000,1,0.06431224,38275.00
1621731067115000,1,0.45700000,38275.00
1621731072883000,0,0.00300000,38254.14
1621731074125000,1,0.01679067,38230.73
1621731078888000,0,0.00300000,38239.41
1621731079447000,0,0.32680000,38221.74
1621731080854000,0,0.32710000,38221.74
1621731081471000,0,0.32700000,38211.27
1621731082139000,1,0.00100000,38216.95
1621731082582000,0,0.01876235,38218.83
1621731082786000,0,0.10000000,38198.00
1621731082791000,0,0.22720000,38198.00
1621731084361000,0,0.10000000,38181.10
1621731084450000,0,0.14890000,38181.10
1621731084552000,0,0.07820000,38181.10
1621731084728000,1,0.12820000,38181.09
1621731085484000,1,0.00600000,38181.14
1621731085594000,1,0.00070000,38160.11
1621731088754000,0,0.19644000,38198.55
1621731090441000,1,0.00400000,38198.58
1621731090441000,1,0.00400000,38198.56
1621731097941000,0,0.02118000,38217.06
1621731103165000,0,0.04642000,38234.96
1621731103967000,0,0.01144000,38223.58
1621731104677000,0,0.02233000,38229.79
1621731113224000,1,0.01000000,38200.00
1621731113352000,1,0.01751123,38189.35
1621731114175000,1,0.00100000,38185.40
1621731114175000,1,0.46627709,38176.04
1621731114175000,1,0.17293666,38176.03
1621731121044000,0,0.09353786,38217.69
1621731121061000,0,0.10278612,38217.69
1621731122266000,0,0.01790000,38222.89
1621731131318000,0,0.00624000,38193.67
1621731136355000,0,0.00000207,38193.67
1621731136355000,0,0.04524793,38193.67
1621731136465000,0,0.00001107,38193.67
1621731136992000,0,0.04816000,38193.67
1621731137028000,0,0.00000086,38193.67
1621731138707000,0,0.19613051,38215.19
1621731138746000,0,0.06563125,38215.19
1621731138790000,0,0.08438732,38216.95
1621731161982000,0,0.00889000,38186.95
1621731164335000,0,0.00200000,38167.73
1621731165951000,1,0.05100000,38152.65
1621731170136000,0,0.03913000,38175.78
1621731170298000,0,0.00000130,38175.78
1621731170298000,0,0.07340123,38198.89
1621731176119000,1,0.00384297,38168.26
1621731181227000,0,0.32730000,38166.47
1621731194822000,0,0.02505097,38181.86
1621731194822000,0,0.10665260,38185.50
1621731196687000,0,0.21934740,38185.50
1621731199271000,0,0.12021049,38201.49
1621731204152000,0,0.32690000,38220.70
1621731204247000,0,0.65430000,38223.91
1621731205628000,0,0.32650000,38216.66
1621731208187000,0,0.32690000,38203.27
1621731217529000,0,0.32720000,38196.29
1621731220480000,0,0.32720000,38181.73
1621731232026000,0,0.32710000,38175.75
1621731232234000,1,0.00100000,38175.93
1621731262077000,0,0.03637000,38159.36
1621731262813000,0,0.17395658,38172.60
1621731262855000,0,0.18241486,38172.55
1621731263511000,0,0.00127000,38184.48
1621731265419000,0,0.00257000,38176.28
1621731277253000,0,0.00500000,38188.76
1621731281031000,0,0.01026216,38220.51
1621731297677000,0,0.04365526,38205.99
1621731303541000,1,0.00100000,38213.38
1621731303541000,1,0.00272370,38213.37
1621731305433000,0,0.16000000,38230.97
1621731306843000,0,0.00100000,38226.08
1621731307022000,0,0.00046200,38226.08
1621731320484000,0,0.00260000,38233.22
1621731328144000,0,0.00400000,38234.88
1621731333017000,1,0.19612609,38223.88
1621731342448000,0,0.00116000,38253.72
1621731353233000,0,0.00751000,38234.74
1621731361024000,1,0.00100000,38210.63
1621731361102000,1,0.19620607,38207.27
1621731361102000,1,0.29921117,38206.25
1621731363625000,0,0.01292086,38208.33
1621731363673000,0,0.11097398,38208.33
1621731363673000,0,0.11564054,38208.33
1621731363676000,0,0.01032017,38208.33
1621731363689000,0,0.07741709,38208.33
1621731363705000,0,0.01112755,38221.09
1621731363711000,0,0.17541122,38221.09
1621731363737000,0,0.14063490,38221.09
1621731363737000,0,0.05197317,38223.11
1621731373954000,0,0.06542191,38229.91
1621731374139000,0,0.07087402,38229.91
1621731379165000,0,0.01619000,38276.82
1621731379260000,0,0.00000096,38276.82
1621731382266000,0,0.00001504,38288.80
1621731382273000,0,0.00000636,38294.04
1621731382348000,0,0.02201000,38296.54
1621731383288000,1,0.02293168,38277.32
1621731384671000,1,0.00706832,38277.32
1621731384851000,1,0.02380196,38265.85
1621731389344000,0,0.02688386,38252.91
1621731391327000,0,0.02837787,38239.04
1621731396457000,1,0.01755000,38231.79
1621731396523000,1,0.09121085,38220.96
1621731397422000,0,0.00390000,38220.11
1621731405569000,1,0.00100000,38211.94
1621731405569000,1,0.00904784,38211.93
1621731408530000,0,0.02267000,38244.07
1621731412588000,1,0.00341935,38216.39
1621731431819000,0,0.00599000,38227.83
1621731434082000,0,0.14633000,38232.69
1621731445725000,0,0.00764000,38227.11
1621731445726000,0,0.31926000,38227.11
1621731446453000,0,0.00000139,38232.69
1621731446453000,0,0.00750861,38267.54
1621731448680000,0,0.32650000,38244.53
1621731459624000,1,0.05394001,38227.11
1621731459624000,1,0.04378856,38227.09
1621731459627000,1,0.07799574,38227.09
1621731461246000,0,0.01000000,38233.05
1621731474491000,0,0.01126000,38248.28
1621731474655000,1,0.00100000,38227.85
1621731504016000,0,0.02664000,38206.23
1621731505243000,0,0.02107000,38209.80
1621731513345000,0,0.04793000,38195.51
1621731516919000,0,0.23900000,38216.83
1621731516919000,0,0.15300000,38216.83
1621731517302000,0,0.32660000,38220.46
1621731519625000,0,0.00876000,38230.65
1621731519850000,0,0.03223000,38223.25
1621731519952000,0,0.02930000,38217.10
1621731521175000,1,0.00100000,38214.18
1621731521175000,1,0.03000000,38214.17
1621731521175000,1,0.00666048,38213.26
1621731521346000,1,0.03945513,38213.26
1621731521450000,1,0.02981046,38212.02
1621731521576000,1,0.02282359,38212.02
1621731522978000,1,0.00100000,38212.04
1621731522978000,1,0.02822836,38212.02
1621731523184000,1,0.02744646,38212.02
1621731524638000,1,0.02457847,38212.03
1621731525932000,0,0.02632000,38217.76
1621731537630000,0,0.00256000,38226.30
1621731545251000,0,0.02413000,38233.61
1621731545643000,1,1.05000000,38212.26
1621731545756000,1,0.00100000,38212.16
1621731545775000,1,0.19517903,38212.16
1621731555924000,1,0.05000000,38200.00
1621731559884000,0,0.01252000,38212.58
1621731565101000,1,0.00427543,38197.05
1621731566927000,0,0.00100000,38230.60
1621731566927000,0,0.00150000,38230.61
1621731594670000,1,0.00654294,38191.60
1621731599017000,0,0.00150000,38221.53
1621731600823000,0,0.00250000,38221.53
1621731624578000,1,0.19632149,38183.02
1621731628862000,1,0.01175000,38174.27
1621731631402000,1,0.03049468,38149.44
1621731636570000,0,0.02132399,38133.58
1621731636623000,0,0.03820247,38133.58
1621731636627000,0,0.02383416,38133.58
1621731636652000,0,0.11337539,38133.58
1621731636785000,1,0.01090340,38145.88
1621731638848000,0,0.00400000,38164.27
1621731644032000,0,0.00400000,38185.67
1621731649821000,0,0.00500000,38201.27
1621731657872000,0,0.00400000,38190.82
1621731658819000,0,0.00200000,38209.68
1621731669908000,1,0.01259365,38176.28
1621731670831000,1,0.02177000,38168.38
1621731671961000,1,0.00000589,38168.38
1621731674631000,1,0.02108000,38157.88
1621731674817000,1,0.00000495,38157.88
1621731675557000,0,0.02931928,38162.05
1621731675681000,0,0.02313795,38162.05
1621731675793000,0,0.02729370,38162.05
1621731675983000,0,0.01035717,38160.32
1621731677373000,0,0.19657223,38161.24
1621731677409000,0,0.20732552,38170.59
1621731677472000,0,0.10440499,38170.59
1621731677492000,0,0.01586092,38170.59
1621731677492000,0,0.19591111,38172.18
1621731677494000,0,0.07453114,38172.18
1621731677518000,0,0.12271841,38172.18
1621731681877000,0,0.00100000,38159.92
1621731681877000,0,0.00053000,38159.93
1621731714697000,1,0.00655266,38134.17
1621731718628000,0,0.08928000,38157.96
1621731718771000,0,0.00000925,38157.96
1621731718771000,0,0.16843075,38158.79
1621731725874000,0,0.00001534,38158.79
1621731737683000,0,0.01402054,38169.96
1621731741350000,0,0.01271127,38188.00
1621731741468000,0,0.08769000,38188.00
1621731742146000,0,0.00632000,38186.23
1621731753771000,1,0.00734655,38167.65
1621731753771000,1,0.05660925,38167.64
1621731753971000,1,0.04339000,38167.64
1621731755955000,1,0.09220000,38174.64
1621731758164000,1,0.00000075,38167.64
1621731758164000,1,0.14999925,38158.29
1621731771620000,0,0.01253000,38153.70
1621731777374000,1,0.01001708,38160.61
1621731779778000,0,0.19644802,38187.22
1621731779840000,0,0.09959873,38188.00
1621731779894000,0,0.09959873,38187.22
1621731779897000,0,0.09684929,38187.22
1621731779897000,0,0.01599235,38190.44
1621731779946000,0,0.09289003,38190.44
1621731781032000,0,0.01148412,38193.23
1621731793764000,0,0.00989748,38169.49
1621731799086000,0,0.09550127,38179.87
1621731799086000,0,0.03197685,38186.42
1621731799086000,0,0.16447806,38186.65
1621731799086000,0,0.23822223,38188.96
1621731799851000,0,0.02372765,38188.96
1621731799851000,0,0.39302822,38189.68
1621731800011000,0,0.19643745,38191.18
1621731800011000,0,0.28900000,38193.28
1621731807894000,0,0.00424572,38211.90
1621731813963000,0,0.32720000,38191.12
1621731816950000,0,0.32730000,38192.94
1621731826760000,0,0.00130000,38197.76
1621731833137000,1,0.33874442,38164.71
1621731833179000,1,0.12283989,38164.71
1621731834637000,0,0.01154637,38158.54
1621731837055000,0,0.00654000,38156.01
1621731837360000,0,0.00000550,38156.01
1621731837360000,0,0.01610450,38156.01
1621731837422000,0,0.00001376,38156.01
1621731849738000,0,0.06886000,38173.15
1621731850068000,0,0.00000531,38173.15
1621731864020000,0,0.00310894,38180.08
1621731864477000,0,0.02174000,38161.24
1621731864495000,0,0.00000667,38161.24
1621731885067000,0,0.00247572,38178.78
1621731893780000,1,0.00120000,38177.52
1621731905406000,1,0.00289633,38177.45
1621731907265000,0,0.00632000,38188.12
1621731907840000,1,0.11650459,38169.36
1621731907859000,1,0.09719315,38169.36
1621731907986000,0,0.02284824,38164.56
1621731907986000,0,0.02951031,38165.54
1621731908013000,1,0.23576690,38170.23
1621731911608000,0,0.00180607,38164.05
1621731926621000,0,0.01303000,38174.11
1621731928332000,0,0.18387992,38191.76
1621731932137000,0,0.14200000,38210.91
1621731938268000,0,0.01809562,38229.38
1621731938360000,1,0.01634405,38229.41
1621731938390000,1,0.00966899,38229.41
1621731938421000,1,0.16977879,38229.41
1621731938847000,0,0.00200000,38229.24
1621731940045000,0,0.00258000,38229.24
1621731940765000,0,0.03112540,38216.21
1621731940896000,1,0.03132436,38218.58
1621731945968000,0,0.32710000,38203.76
1621731966668000,1,0.03796087,38212.49
1621731966806000,1,0.03907549,38212.49
1621731967051000,1,0.30000000,38212.49
1621731967138000,1,0.13316000,38212.49
1621731967304000,1,0.70000000,38212.49
1621731972084000,1,0.17780000,38212.49
1621731975222000,1,0.00000364,38212.49
1621731975320000,1,0.06010694,38192.61
1621731982243000,0,0.07500000,38200.14
1621731988187000,0,0.02800000,38189.37
1621731989672000,0,0.04015000,38189.37
1621731993991000,0,0.16265000,38192.57
1621731994157000,0,0.16445000,38192.57
1621731998341000,0,0.02103242,38191.47
1621731998341000,0,0.00053758,38196.17
1621731998450000,1,0.01600000,38190.20
1621732001515000,1,0.02824399,38181.52
1621732001695000,1,0.00407666,38181.52
1621732009275000,1,0.02230840,38164.63
1621732020800000,0,0.02224030,38151.31
1621732021058000,0,0.02124000,38149.97
1621732028900000,0,0.02389140,38148.84
1621732034053000,0,0.00501000,38166.88
1621732041603000,0,0.32740000,38144.38
1621732074981000,1,0.00100000,38122.96
1621732074981000,1,0.00554173,38122.95
1621732080091000,0,0.01140235,38153.27
1621732080091000,0,0.00191198,38157.45
1621732090297000,0,0.00100000,38137.28
1621732090297000,0,0.00664506,38137.29
1621732096090000,0,0.00218919,38116.14
1621732098284000,0,0.01100000,38115.59
1621732099587000,0,0.01613115,38112.87
1621732099665000,0,0.10968565,38122.76
1621732101284000,0,0.06000000,38139.58
1621732102245000,0,0.00900000,38139.58
1621732103244000,0,0.01800000,38139.58
1621732104278000,0,0.02600000,38139.58
1621732104714000,0,0.24500000,38139.58
1621732106256000,0,0.03400000,38139.58
1621732107693000,0,0.00256000,38135.79
1621732113281000,0,0.03000000,38134.73
1621732114287000,0,0.01700000,38127.01
1621732117635000,0,0.00065638,38133.35
1621732118272000,0,0.02400000,38133.35
1621732124313000,0,0.01700000,38136.12
1621732125287000,0,0.01700000,38134.34
1621732131810000,1,0.02500000,38120.22
1621732156570000,0,0.00200000,38106.12
1621732156570000,0,0.11501640,38107.33
1621732156635000,0,0.06125114,38107.33
1621732156637000,0,0.02057652,38107.33
1621732156707000,0,0.22225866,38113.45
1621732156793000,0,0.08530691,38113.45
1621732156859000,0,0.02051242,38113.45
1621732158460000,0,0.00238000,38119.48
1621732159455000,0,0.03601167,38123.68
1621732163719000,0,0.12500000,38139.58
1621732163950000,0,0.04265000,38140.84
1621732171059000,0,0.00000079,38140.84
1621732171059000,0,0.00129921,38151.60
1621732174746000,0,0.00451000,38151.60
1621732177540000,1,0.10000000,38142.36
1621732188915000,1,0.02864775,38145.77
1621732189028000,1,0.02959087,38145.77
1621732189080000,1,0.01146138,38145.77
1621732195154000,1,0.00655393,38142.01
1621732219095000,0,0.00150000,38156.64
1621732219429000,0,0.00439650,38156.64
1621732223902000,0,0.14954365,38157.63
1621732230774000,0,0.00157000,38139.16
1621732232304000,0,0.01471663,38147.30
1621732232304000,0,0.00159337,38151.61
1621732262179000,0,0.00783000,38135.84
1621732262730000,0,0.18886875,38135.84
1621732265545000,1,0.00100000,38141.60
1621732266207000,0,0.00257019,38148.10
1621732268672000,0,0.00200000,38151.42
1621732268684000,1,0.07260756,38135.45
1621732268875000,0,0.08823209,38131.64
1621732268912000,0,0.08916035,38131.64
1621732272416000,0,0.19663830,38148.93
1621732272461000,0,0.19040021,38155.83
1621732272564000,0,0.07175651,38155.83
1621732272570000,0,0.12806371,38160.50
1621732272739000,0,0.00200000,38162.34
1621732289184000,0,0.01050000,38141.96
1621732289338000,0,0.00000432,38141.96
1621732297212000,1,0.00274619,38162.34
1621732305718000,0,0.00315358,38160.44
1621732318317000,0,0.00211056,38181.65
1621732342669000,1,0.01212954,38127.77
1621732357677000,0,0.01005000,38140.88
1621732359572000,0,0.00125000,38168.23
1621732359770000,0,0.00125000,38168.23
1621732374840000,0,0.02131452,38144.05
1621732377076000,0,0.00125000,38152.08
1621732388469000,0,0.00261000,38150.29
1621732390317000,0,0.02146624,38135.54
1621732390317000,0,0.04073568,38136.69
1621732390409000,1,0.31700000,38136.75
1621732391549000,1,0.02824009,38136.75
1621732392031000,1,0.02821679,38136.75
1621732405494000,0,0.00125000,38156.47
1621732406113000,0,0.01265000,38158.70
1621732410422000,0,0.18935000,38158.70
1621732435012000,0,0.02277205,38137.56
1621732435012000,0,0.00304795,38139.19
1621732435334000,0,0.00654948,38125.36
1621732449296000,0,0.00577000,38166.52
1621732456347000,0,0.02082968,38158.16
1621732462080000,0,0.00326000,38173.93
1621732466350000,0,0.00752000,38170.78
1621732471285000,0,0.01114960,38168.65
1621732471285000,0,0.03224327,38173.98
1621732471285000,0,0.08100211,38175.43
1621732471285000,0,0.13692471,38176.75
1621732473947000,0,0.01334725,38172.17
1621732474537000,0,0.00256980,38169.99
1621732508097000,0,0.00321000,38149.34
1621732529122000,0,0.00138000,38130.88
1621732530353000,0,0.00183000,38128.47
1621732536138000,0,0.00251000,38127.19
1621732538584000,0,0.05391047,38129.71
1621732539979000,0,0.00502000,38140.59
1621732555869000,0,0.00654999,38126.83
1621732563262000,0,0.00171000,38131.89
1621732570939000,1,0.00772684,38111.47
1621732573336000,0,0.14573468,38127.59
1621732575139000,0,0.00163000,38142.39
1621732589786000,0,0.00256982,38142.09
1621732608160000,0,0.00253000,38148.27
1621732614760000,0,0.01755000,38156.98
1621732617928000,0,0.09586292,38156.98
1621732617931000,0,0.18658708,38156.98
1621732618648000,1,0.06300000,38170.66
1621732619131000,0,0.03906721,38177.95
1621732619131000,0,0.01108279,38178.97
1621732627500000,0,0.00253000,38174.00
1621732631180000,0,0.12000000,38174.00
1621732631274000,0,0.18000000,38174.00
1621732632437000,0,0.07500000,38200.00
1621732632547000,1,0.01158277,38182.84
1621732635115000,0,0.01268579,38208.09
1621732635249000,1,0.03930252,38208.09
1621732643377000,0,0.00376000,38178.13
1621732652476000,0,0.00258000,38197.35
1621732654950000,0,0.30000000,38197.36
1621732662481000,0,0.00894756,38200.11
1621732675344000,1,0.00655467,38176.43
1621732695725000,0,0.20903661,38194.86
1621732695804000,0,0.20496339,38194.86
1621732696278000,0,0.07682704,38206.85
1621732696285000,0,0.06508518,38206.85
1621732696288000,0,0.15808778,38206.85
1621732715724000,0,0.01237657,38187.46
1621732717210000,0,0.18408289,38187.46
1621732717210000,0,0.08954132,38187.59
1621732717210000,0,0.26195159,38187.83
1621732717210000,0,0.32744933,38191.35
1621732717210000,0,0.03443476,38195.55
1621732717210000,0,0.17619860,38196.00
1621732717210000,0,0.14500000,38196.66
1621732717210000,0,0.08990700,38197.26
1621732717210000,0,0.19500000,38197.99
1621732717210000,0,0.46935896,38198.00
1621732717210000,0,0.03000000,38198.01
1621732717210000,0,0.32739552,38198.05
1621732717210000,0,1.00000000,38199.30
1621732717210000,0,0.02047043,38200.80
1621732717210000,0,0.47754951,38202.34
1621732733027000,1,0.00076720,38166.99
1621732743088000,1,0.00447368,38160.98
1621732743818000,1,0.12000000,38158.11
1621732763710000,0,0.30000000,38150.95
1621732766263000,0,0.00301000,38174.03
1621732767287000,1,0.00800000,38171.35
1621732770854000,0,0.01464466,38161.53
1621732771139000,0,0.01347925,38166.07
1621732771139000,0,0.00152075,38177.95
1621732772104000,0,0.00057925,38177.95
1621732772117000,1,0.01042075,38180.52
1621732798171000,1,0.00500000,38166.25
1621732800789000,1,0.02400000,38166.25
1621732801048000,0,0.09600000,38166.00
1621732825523000,1,0.09457483,38140.12
1621732849096000,0,0.00100000,38129.43
1621732850031000,0,0.04720637,38129.43
1621732860816000,0,0.00102000,38161.47
1621732897066000,1,0.48848457,38151.74
1621732901154000,1,0.02733000,38145.82
1621732909866000,0,0.00760000,38165.07
1621732923406000,0,0.00130000,38141.91
1621732934494000,0,0.13424412,38148.10
1621732934529000,0,0.00100000,38148.09
1621732934631000,0,0.10019014,38150.74
1621732934633000,0,0.14541617,38150.74
1621732957612000,1,0.01600120,38133.86
1621732970970000,0,0.01570000,38147.80
1621732983777000,0,0.00502000,38138.05
1621732992115000,0,0.00565000,38119.98
1621732994756000,1,0.01065795,38103.24
1621732994756000,1,0.02498185,38100.07
1621733059557000,1,0.01855459,38087.14
1621733072999000,0,0.07023077,38120.13
1621733072999000,0,0.09136905,38120.13
1621733073037000,0,0.08881922,38120.13
1621733073165000,0,0.02358096,38120.13
1621733076712000,0,0.20000000,38120.13
1621733076834000,0,0.01205885,38121.67
1621733079115000,0,0.10764862,38136.52
1621733079120000,0,0.11748000,38136.52
1621733079187000,0,0.15000000,38136.52
1621733079209000,0,0.05287138,38136.52
1621733084455000,0,0.01473818,38144.05
1621733084573000,1,0.02352060,38144.08
1621733084577000,1,0.01447867,38144.08
1621733085260000,0,0.01473818,38151.06
1621733112419000,1,0.11758401,38136.40
1621733113303000,1,0.06764203,38138.82
1621733117547000,0,0.00081752,38135.77
1621733129209000,0,0.19672109,38133.52
1621733133248000,0,0.00129000,38132.44
1621733138224000,0,0.20000000,38133.52
1621733138224000,0,0.19671177,38136.29
1621733138224000,0,0.20000000,38137.86
1621733170034000,0,0.00131000,38123.46
1621733188768000,1,0.00105292,38140.93
1621733188819000,1,0.00000001,38140.93
1621733195313000,0,0.07785449,38126.97
1621733195398000,1,0.51916000,38127.15
1621733196497000,1,0.00000810,38127.15
1621733220096000,0,0.20000000,38129.36
1621733228672000,0,0.00125000,38144.58
1621733244436000,0,0.02510000,38121.76
1621733246540000,0,0.00226000,38136.68
1621733271266000,0,0.20000000,38119.10
1621733276609000,0,0.01631000,38116.80
1621733280647000,1,0.00921998,38101.71
1621733285798000,0,0.02660000,38116.80
1621733285958000,0,0.00000537,38116.80
1621733289744000,0,0.20000000,38135.71
1621733292216000,0,0.00130000,38135.65
1621733292437000,0,0.49970000,38135.65
1621733294897000,0,0.00100000,38135.06
1621733309844000,0,0.00251000,38127.24
1621733313101000,0,0.00130000,38127.24
1621733316008000,0,0.31619000,38127.24
1621733318229000,0,0.01191000,38133.99
1621733334267000,0,0.20000000,38133.05
1621733334858000,0,0.20000000,38139.71
1621733352410000,0,0.04674752,38153.68
1621733358063000,0,0.00752000,38130.74
1621733375040000,1,0.19670987,38111.88
1621733384510000,0,0.12608171,38131.26
1621733384527000,0,0.06393966,38131.26
1621733385371000,0,0.20000000,38133.80
1621733393903000,0,0.12000000,38163.30
1621733394010000,0,0.01427188,38157.71
1621733394010000,0,0.06572812,38163.30
1621733394225000,0,0.01427000,38163.30
1621733395047000,0,0.00000188,38163.30
1621733400969000,1,0.02535320,38149.24
1621733409734000,1,0.17464680,38125.62
1621733426801000,0,0.20000000,38147.25
1621733441277000,0,0.00253000,38160.00
1621733456032000,0,0.00655653,38157.41
1621733456309000,0,0.00752000,38174.37
1621733486693000,1,0.02500000,38132.37
1621733486949000,0,0.01569624,38133.83
1621733486949000,0,0.00030376,38137.06
1621733488918000,0,0.20000000,38118.60
1621733488930000,0,0.01700000,38122.94
1621733489934000,0,0.01000000,38126.72
1621733499553000,1,0.19676952,38099.03
1621733500944000,0,0.04600000,38129.80
1621733501920000,0,0.00800000,38129.80
1621733501976000,0,0.14600000,38129.80
1621733504622000,0,0.00376000,38133.98
1621733504921000,0,0.00890556,38133.98
1621733504921000,0,0.00109444,38134.32
1621733505358000,0,0.08066993,38134.60
1621733505912000,0,0.04700000,38138.31
1621733505959000,0,0.15300000,38138.31
1621733509905000,0,0.32730000,38139.71
1621733513839000,0,0.00125000,38127.57
1621733515086000,1,0.00100000,38116.26
1621733515086000,1,0.19668721,38115.29
1621733515189000,1,0.32780663,38110.21
1621733515321000,1,0.19671906,38108.96
1621733523112000,0,0.04201955,38111.66
1621733526449000,0,0.06982155,38110.55
1621733526449000,0,0.00401085,38117.79
1621733526449000,0,0.48534061,38118.14
1621733526449000,0,0.65620000,38118.15
1621733526449000,0,0.19679094,38124.37
1621733526449000,0,0.58783605,38127.48
1621733528731000,0,0.00574000,38127.79
1621733529914000,1,0.20000000,38128.46
1621733539636000,0,0.00100000,38129.36
1621733539675000,0,0.00100000,38129.36
1621733541947000,1,0.02801342,38131.24
1621733542146000,0,0.01451927,38129.36
1621733547371000,1,0.12899601,38115.50
1621733547380000,1,0.06769159,38115.50
1621733547380000,1,0.21150957,38115.13
1621733547407000,1,0.06694192,38115.13
1621733555056000,1,0.01367000,38110.35
1621733559720000,0,0.20000000,38110.15
1621733570494000,1,0.09511823,38080.20
1621733570497000,1,0.09550633,38080.20
1621733577415000,0,0.00754000,38072.66
1621733579051000,0,0.00131000,38078.65
1621733581623000,0,0.10000000,38075.44
1621733595286000,1,0.00055503,38070.00
1621733595342000,1,0.00799842,38043.45
1621733602014000,0,0.00210556,38050.22
1621733602212000,0,0.01257000,38063.83
1621733608531000,1,0.01080523,38047.51
1621733608531000,1,0.08919477,38037.14
1621733611764000,0,0.01043110,38061.18
1621733612916000,1,0.03305902,38041.87
1621733612916000,1,0.06694098,38037.14
1621733620827000,1,0.01295902,38037.37
1621733620827000,1,0.02759503,38034.43
1621733620827000,1,0.05944595,38032.35
1621733633729000,1,0.10000000,38038.54
1621733636084000,0,0.32820000,38045.94
1621733636084000,0,0.08085630,38046.20
1621733636084000,0,0.02516258,38047.28
1621733636084000,0,0.17864713,38051.42
1621733636084000,0,0.03123874,38052.57
1621733636084000,0,0.65690000,38056.61
1621733636084000,0,0.01114922,38059.26
1621733636084000,0,0.13956890,38061.18
1621733636084000,0,0.48870657,38061.95
1621733636084000,0,0.32854273,38061.96
1621733636084000,0,0.01261503,38062.00
1621733636084000,0,0.39429379,38064.25
1621733636084000,0,0.00100000,38067.07
1621733636084000,0,0.08993900,38069.11
1621733636084000,0,1.00000000,38069.73
1621733636084000,0,0.03000000,38070.98
1621733636084000,0,0.45322228,38075.41
1621733636084000,0,0.32256497,38075.42
1621733636522000,0,0.01276548,38047.14
1621733636636000,0,0.01205754,38047.14
1621733636682000,0,0.30367698,38047.14
1621733641931000,0,0.04400000,38075.44
1621733642077000,0,0.32264461,38075.44
1621733642175000,0,0.19735539,38075.44
1621733642667000,0,0.02290000,38082.23
1621733642898000,0,0.02273420,38082.23
1621733642898000,0,0.01526580,38097.77
1621733645651000,0,0.38520000,38097.77
1621733645886000,0,0.00000127,38097.77
1621733645886000,0,0.04699873,38118.41
1621733667253000,0,0.02610000,38116.73
1621733683398000,1,0.45870000,38093.96
1621733683581000,1,0.01377308,38091.90
1621733683682000,1,0.00000001,38091.90
1621733688808000,0,0.19689137,38101.81
1621733688881000,0,0.15167002,38105.12
1621733702655000,0,0.00232000,38118.41
1621733702817000,0,0.24175262,38129.98
1621733702843000,0,0.02065645,38129.98
1621733702843000,0,0.16838714,38135.12
1621733702847000,0,0.00100000,38134.84
1621733702849000,0,0.21923301,38135.12
1621733702870000,0,0.00597461,38135.12
1621733706383000,0,0.01251866,38186.11
1621733707753000,1,0.01260164,38177.00
1621733707833000,1,0.01739836,38177.00
1621733707833000,1,0.00100000,38176.44
1621733707833000,1,0.02120947,38176.43
1621733707900000,1,0.03499786,38176.43
1621733708791000,1,0.01175945,38171.29
1621733708794000,1,0.01824055,38171.29
1621733708900000,0,0.00725289,38170.75
1621733708900000,0,0.01166776,38171.22
1621733708900000,0,0.07809334,38178.16
1621733711064000,1,0.03000000,38168.96
1621733711192000,0,0.01437081,38170.15
1621733729379000,1,0.10000000,38158.87
1621733729571000,1,0.25000000,38158.87
1621733729637000,1,0.10909000,38158.87
1621733730759000,0,0.00205721,38175.87
1621733738587000,0,0.19649734,38185.83
1621733738702000,0,0.32750482,38189.60
1621733738731000,0,0.15144980,38185.83
1621733738749000,0,0.04504754,38185.83
1621733746744000,0,0.19630896,38218.51
1621733751280000,0,0.00200000,38225.26
1621733752859000,1,0.00100000,38202.92
1621733758726000,1,0.04699000,38190.77
1621733762568000,1,0.01460000,38186.29
1621733762644000,1,0.00000810,38186.29
1621733762888000,1,0.01476000,38184.94
1621733763363000,1,0.00000583,38184.94
1621733764109000,1,0.01285000,38181.71
1621733766390000,1,0.01099000,38179.29
1621733767041000,1,0.00000163,38179.29
1621733768313000,1,0.01372000,38181.25
1621733768361000,1,0.00000711,38181.25
1621733769066000,1,0.02520000,38184.64
1621733769577000,1,0.01441000,38179.78
1621733771995000,0,0.19646037,38185.16
1621733771995000,0,0.07278003,38188.75
1621733772615000,0,0.01081542,38179.21
1621733772753000,0,0.01072424,38179.21
1621733772975000,1,0.01381000,38179.07
1621733773255000,0,0.03895571,38180.21
1621733774139000,0,0.01387180,38181.21
1621733774364000,1,0.01336000,38184.97
1621733775542000,1,0.02076000,38177.72
1621733775684000,1,0.01437000,38179.99
1621733783358000,0,0.04726695,38164.36
1621733783358000,0,0.04709498,38164.36
1621733783358000,0,0.00687622,38164.36
1621733792262000,0,0.00211466,38173.22
1621733797864000,0,0.00458700,38179.21
1621733801338000,0,0.00131421,38171.29
1621733802501000,0,0.00949779,38167.25
1621733803268000,0,0.01042000,38171.29
1621733804924000,0,0.01259668,38168.56
1621733805014000,1,0.21699000,38168.63
1621733805104000,1,0.25000000,38168.63
1621733805179000,1,0.15000000,38168.63
1621733805247000,1,0.10000000,38168.63
1621733805335000,1,0.47041000,38168.63
1621733806060000,1,0.00000332,38168.63
1621733808285000,1,0.25000000,38149.48
1621733808370000,1,0.20304000,38149.48
1621733808642000,1,0.02709373,38150.09
1621733837279000,0,0.09572304,38114.91
1621733839579000,0,0.07255248,38105.36
1621733857201000,0,0.00152900,38134.95
1621733858691000,0,0.02642644,38125.46
1621733858814000,1,0.45606221,38126.26
1621733869322000,0,0.00240218,38114.09
1621733869411000,0,0.00100000,38114.09
1621733873578000,0,0.02244000,38117.42
1621733873971000,0,0.00000030,38117.42
1621733873971000,0,0.00391970,38130.55
1621733876188000,1,0.00395500,38106.90
1621733879005000,0,0.05019000,38118.60
1621733880609000,1,0.01048000,38106.59
1621733897768000,0,0.18131698,38109.54
1621733897852000,0,0.09947115,38109.54
1621733897862000,0,0.06482629,38109.54
1621733898008000,0,0.13438558,38109.54
1621733901820000,0,0.00251000,38106.77
1621733923669000,0,0.01255726,38111.53
1621733923756000,1,0.30700000,38111.58
1621733924484000,0,0.02978000,38112.52
1621733924851000,0,0.00000780,38112.52
1621733924851000,0,0.02195220,38115.87
1621733925500000,1,0.10000000,38111.42
1621733925523000,1,0.00100000,38110.93
1621733925523000,1,0.22463312,38108.45
1621733925524000,1,0.10319233,38108.45
1621733925554000,1,0.30000000,38106.04
1621733925554000,1,0.26232907,38103.94
1621733952781000,0,0.00314000,38089.44
1621733954773000,0,0.05225000,38088.43
1621733971697000,0,0.00445282,38098.70
1621733980346000,0,0.01318000,38099.46
1621733987859000,0,0.01758000,38092.87
1621733995978000,0,0.07538000,38074.10
1621734002679000,0,0.12400000,38071.95
1621734006749000,0,0.07618534,38082.04
1621734009934000,0,0.09234626,38076.08
1621734020887000,0,0.08302479,38059.42
1621734022566000,0,0.01445000,38062.89
1621734035468000,1,0.03400000,38054.08
1621734043939000,1,0.16920499,38057.77
1621734043941000,1,0.02780526,38057.77
1621734043954000,1,0.26268033,38055.74
1621734054806000,1,0.00100000,38032.15
1621734056206000,1,0.00071361,38032.15
1621734057121000,0,0.02746287,38005.51
1621734059088000,1,0.00055502,38000.00
1621734059404000,1,0.02171724,37993.32
1621734069210000,1,0.01347617,38016.26
1621734088531000,0,0.00563000,38036.42
1621734090598000,0,0.00392000,38034.42
1621734093911000,1,0.01188000,38015.91
1621734113760000,1,0.01150000,37999.67
1621734128508000,0,0.02217218,38007.39
1621734141522000,0,0.02612917,38020.16
1621734144728000,0,0.10563000,38054.96
1621734147392000,0,0.01868561,38039.20
