timestamp ms,type,amount,price
1628380885142000,1,2.02111663,494.2500
1628380920259000,1,0.12117478,493.5200
1628381015054000,1,2.01123071,496.7100
1628381018536000,1,1.90000000,496.1900
1628381018539000,1,0.11285003,496.1900
1628381018542000,1,1.90000000,496.1800
1628381018542000,1,1.55250000,496.1700
1628381018883000,1,0.46050401,496.1700
1628381018883000,1,4.57219599,496.0100
1628381107730000,1,2.00670000,497.6600
1628381107749000,1,0.00009098,497.6600
1628381107749000,1,2.49242463,497.4300
1628381107792000,1,10.55686579,497.4300
1628381107825000,1,1.37700000,497.4000
1628381107957000,1,1.87930000,497.4000
1628381107966000,1,1.76340000,497.4000
1628381197508000,1,5.03532561,495.9900
1628381197508000,1,2.00818439,495.9900
1628381524339000,1,2.00978000,497.1400
1628381537203000,1,1.43904000,496.3200
1628381608261000,0,0.16004943,498.0000
1628381608411000,0,0.84088933,498.0000
1628381608430000,0,0.00000001,498.0000
1628381619692000,1,2.00676000,497.7200
1628381720493000,1,1.76580000,496.7600
1628381720706000,1,0.24440379,496.7600
1628381721435000,1,2.00960000,496.4900
1628381721505000,1,0.00008669,496.4900
1628381721505000,1,2.01011331,496.4000
1628382216923000,1,2.00010401,499.4500
1628382216923000,1,4.25640599,499.4500
1628382217087000,1,0.74411000,499.4500
1628382224107000,0,0.47759000,500.0000
1628382224242000,0,0.00000264,500.0000
1628382224242000,0,2.00000000,500.1700
1628382231035000,1,5.23348000,499.6600
1628382231208000,1,8.79240000,499.6600
1628382231238000,1,8.50000000,499.6600
1628382231308000,1,26.15241000,499.6600
1628382296029000,0,1.90000000,499.5300
1628382296092000,0,1.90000000,499.5400
1628382303205000,0,0.09977791,499.8100
1628382377753000,1,4.24481000,499.0600
1628382379080000,1,0.00000243,499.0600
1628382379080000,1,2.00236757,498.8500
1628382386318000,1,4.24692000,498.7800
1628382390221000,1,2.00492000,498.3600
1628382406900000,1,0.20608490,498.2700
1628382410638000,1,4.00098000,498.2600
1628382463229000,1,2.01417000,495.8800
1628382463285000,1,9.20000000,495.8500
1628382553904000,1,2.01375959,495.6100
1628382600321000,1,1.09658839,494.3600
1628382660392000,0,0.78461141,492.4500
1628382663372000,1,0.10186282,491.7100
1628382692189000,1,3.28583000,490.8500
1628382696754000,0,7.14630000,491.0600
1628382851698000,1,1.37350000,494.4700
1628382912806000,1,2.67730000,494.7500
1628382912904000,1,1.43420000,494.7500
1628383311111000,1,0.10348660,491.7300
1628383440253000,1,0.81821641,492.1500
1628384298149000,0,4.00000000,496.9100
1628384298216000,0,3.00000000,496.9100
1628384327312000,0,6.00000000,496.5600
1628384360075000,0,0.10433710,496.0300
1628384363392000,0,0.10147170,495.8400
1628384482912000,1,0.43236000,493.8600
1628384544388000,1,3.42840000,494.2200
1628385222970000,0,0.13856864,491.7200
1628385226953000,0,0.79037083,491.5300
1628385385997000,0,0.13867541,491.0600
1628385395856000,0,0.66116277,490.7200
1628385402004000,0,0.13876839,490.3600
1628385454858000,0,0.13883118,489.8600
1628385456576000,0,0.63790331,489.2500
1628385508558000,0,0.13896041,489.0600
1628385606373000,0,0.13897431,489.0500
1628385628175000,0,0.13898821,489.0800
1628385634114000,0,0.13900211,488.8100
1628385693261000,0,0.77385483,488.4300
1628385967074000,0,5.48500000,488.2500
1628385967099000,0,3.11500000,488.2500
1628386337195000,1,3.47803000,487.1100
1628386337709000,1,0.10362000,486.9100
1628386340595000,1,0.00000580,486.9100
1628386419278000,1,1.01538000,486.0300
1628386420879000,0,0.05125938,486.3500
1628386579897000,0,2.05809587,486.4300
1628386579897000,0,5.14385413,486.4300
1628386600242000,0,0.21065619,486.2900
1628386611868000,1,0.00000999,486.0300
1628386724225000,1,0.21224789,485.4000
1628387684509000,0,0.11364000,486.7100
1628387688922000,0,0.00000100,486.7100
1628388032969000,1,0.73505000,485.0000
1628388060184000,1,0.00000154,485.0000
1628388903938000,1,0.05100000,483.8600
1628388905166000,1,0.00066784,483.8600
1628389017251000,1,3.67011000,483.3100
1628389017303000,1,0.27543000,483.3100
1628389189535000,1,3.49596000,484.4900
1628390048804000,0,45.52857000,485.0800
1628390048873000,1,5.67168314,485.0800
1628390048877000,1,1.00000000,485.0800
1628390048943000,1,3.41840000,485.0800
1628390048965000,0,2.06319112,485.1300
1628390048965000,0,3.43680888,485.1300
1628390048967000,1,2.30649751,485.0800
1628390049042000,1,5.02484935,485.0800
1628391249253000,0,0.05980000,485.3700
1628394555437000,0,0.55970000,488.9600
1628397281970000,1,2.60622000,487.8000
1628397282114000,1,40.42986000,487.5800
1628397282182000,0,13.05636240,487.5800
1628397282197000,0,9.44377760,487.5800
1628398315042000,0,0.22320000,485.7200
1628399458844000,0,0.09960000,486.0300
1628399890889000,0,0.07220000,486.0100
1628401328418000,1,8.31507000,488.8600
1628401342499000,1,0.12259842,488.0300
1628401443132000,0,0.10192111,489.3000
1628402067558000,0,3.03295589,489.8200
1628402067558000,0,0.93133313,489.9500
1628402067849000,0,0.05076028,489.9500
1628402137160000,0,1.01288828,490.0300
1628402289759000,0,0.40802143,489.8800
1628402290792000,0,0.40500433,489.8800
1628402291789000,0,0.40500432,489.8800
1628402292816000,0,0.40500433,489.8800
1628402293816000,0,0.40500432,489.8800
1628402294847000,0,0.40500433,489.8800
1628402295871000,0,0.16630841,489.8800
1628402297947000,0,0.40500432,489.8800
1628402298937000,0,0.40500433,489.8800
1628402443029000,0,2.16392367,490.4600
1628402520303000,0,0.22053319,490.6100
1628402527772000,0,0.17196286,490.8200
1628402593520000,0,1.99025994,490.8200
1628402593520000,0,2.05398339,490.8800
1628402650331000,0,0.05125938,491.5100
1628402650331000,0,0.15074518,491.5100
1628402726790000,0,0.58512625,491.5100
1628402756213000,0,2.15854362,491.6500
1628402756213000,0,1.87845838,491.7700
1628402758757000,0,2.15850000,491.6500
1628402787255000,0,0.10113401,490.9800
1628402882998000,0,0.20224741,491.1300
1628402972287000,1,2.03843000,490.0500
1628402986028000,1,0.00000676,490.0500
1628403111397000,0,2.25990000,490.0900
1628403359311000,0,0.41495491,490.6500
1628403480287000,0,0.09319956,491.0500
1628403502059000,0,0.06063715,491.0800
1628403505090000,0,0.10105781,491.0800
1628403524766000,0,1.01057814,491.1000
1628403526752000,0,0.05076359,491.1000
1628403551942000,0,0.05100000,491.1000
1628403624818000,0,0.06862289,491.7600
1628403852217000,0,0.11088893,492.3300
1628404037104000,0,0.38315374,492.3300
1628404062099000,0,17.50000000,492.5900
1628404062863000,0,10.40000000,492.9900
1628404063263000,0,0.05041250,493.3300
1628404066442000,0,0.00904072,493.3300
1628404069688000,0,9.13401250,493.7900
1628404070024000,1,2.02481000,493.2900
1628404070248000,0,0.59732018,493.4800
1628404093332000,1,0.39761268,493.0300
1628404093332000,1,1.62815509,493.0300
1628404093332000,1,2.00000000,493.0300
1628404093332000,1,2.02617001,493.0200
1628404093332000,1,1.40808629,493.0100
1628404093337000,1,1.16413344,493.0400
1628404093694000,1,2.00000000,492.8900
1628404093694000,1,0.87820000,492.8800
1628404093695000,1,1.30110000,492.8800
1628404093708000,1,0.08000000,492.8800
1628404093771000,1,2.80587977,492.8800
1628404094190000,0,0.06689039,492.8200
1628404145561000,1,2.03038000,491.8900
1628404402341000,0,0.10084834,491.9500
1628404602326000,0,0.12630000,494.0500
1628404719503000,0,2.02570000,493.9400
1628404721257000,1,6.20558910,493.3500
1628405056321000,0,0.05000000,496.9900
1628405067318000,0,0.00076359,496.9900
1628405453034000,0,2.00000000,497.6200
1628405453034000,0,3.06162800,497.6300
1628405527910000,1,0.05000000,497.0000
1628405591110000,0,0.85334556,498.0700
1628405980623000,1,0.45000000,497.0000
1628406007376000,0,3.10719000,497.0000
1628406047504000,1,0.28106160,496.0700
1628406053075000,1,0.10362580,496.0700
1628406063729000,1,2.01453000,495.7900
1628406064111000,1,4.14243933,495.8500
1628406232728000,1,2.01548700,495.7300
1628406232728000,1,2.00000000,495.6900
1628406232728000,1,7.71963173,495.6800
1628406232728000,1,5.03897939,495.5300
1628406232728000,1,1.71028538,495.5200
1628406232728000,1,7.15246945,495.3700
1628406232728000,1,13.10379786,495.3600
1628406232728000,1,1.70910683,495.3500
1628406232728000,1,9.55024236,495.3400
1628406247171000,1,1.90000000,495.7100
1628406247171000,1,2.01465866,495.7000
1628406247171000,1,5.03684754,495.7000
1628406247171000,1,5.03824821,495.6800
1628406247171000,1,1.70998607,495.6700
1628406247171000,1,8.27219358,495.5400
1628406247171000,1,12.50000000,495.5300
1628406247171000,1,1.71028538,495.5200
1628406247171000,1,11.81778056,495.5200
1628406255881000,1,5.03686767,495.7200
1628406255881000,1,2.01464242,495.7200
1628406255881000,1,13.09892712,495.6800
1628406255881000,1,1.70998607,495.6700
1628406255881000,1,2.02806000,495.5400
1628406255881000,1,1.71028538,495.5200
1628406255881000,1,1.70910683,495.3500
1628406255881000,1,22.69212451,495.3400
1628406263992000,1,2.01556012,495.5300
1628406263992000,1,5.03869518,495.5300
1628406263992000,1,13.10184490,495.5300
1628406263992000,1,1.71028538,495.5200
1628406263992000,1,20.66406000,495.3500
1628406263992000,1,1.70910683,495.3500
1628406263992000,1,5.76044759,495.1700
1628406270649000,1,2.01610464,495.3600
1628406270649000,1,5.04052368,495.3600
1628406270649000,1,1.70910683,495.3500
1628406270649000,1,13.10597480,495.2400
1628406270649000,1,0.11879916,495.0100
1628406270649000,1,1.71047148,495.0100
1628406270649000,1,16.29901941,494.9900
1628406282740000,1,2.01643800,495.3700
1628406282740000,1,5.04030027,495.3700
1628406282740000,1,12.94326173,495.3600
1628406295415000,1,2.01647866,495.3600
1628406295415000,1,5.04145885,495.3600
1628406295415000,1,12.94206249,495.3600
1628406304075000,0,1.79103925,496.4500
1628406551261000,1,2.01379043,496.0500
1628406572436000,1,1.74405518,495.7700
1628406572579000,1,0.27101000,495.7700
1628406572866000,1,0.00000756,495.7700
1628406586033000,0,0.07777543,496.0600
1628406594773000,0,1.28362439,496.0300
1628406594773000,0,0.66867561,496.0600
1628406888119000,0,0.39030000,496.2900
1628406969911000,1,2.01200000,496.5400
1628406969985000,1,0.00000766,496.5400
1628406980758000,1,2.01313000,496.1400
1628406981091000,1,0.00000368,496.1400
1628406989795000,1,1.70000000,495.8800
1628406989846000,1,2.01426097,495.8700
1628406989846000,1,5.03596903,495.8700
1628406990475000,1,2.01508899,495.5900
1628407010898000,0,1.00057403,495.6800
1628407026801000,1,2.01591000,495.4500
1628407026812000,1,0.00000769,495.4500
1628407039579000,1,2.01446000,495.6600
1628407039591000,1,0.00000385,495.6600
1628407049638000,0,0.26980684,496.3500
1628407052064000,1,2.01446000,495.4000
1628407052698000,1,5.03948727,495.0700
1628407052698000,1,5.03954823,495.0700
1628407052698000,1,2.01741450,495.0700
1628407062475000,1,2.01820000,494.7900
1628407062528000,1,0.00000420,494.7900
1628407062528000,1,2.01825580,494.7700
1628407067877000,1,2.01995000,494.5100
1628407200298000,0,0.14262641,495.5900
1628407458219000,0,4.95940000,495.8200
1628407477509000,0,2.00000000,496.3000
1628407477509000,0,6.28875943,496.3000
1628407583508000,0,0.50128975,496.2200
1628407684515000,0,0.40000000,495.8400
1628408179573000,0,0.08000000,492.9200
1628408182638000,0,0.00101205,492.9200
1628408217720000,0,0.11920000,493.9400
1628408265629000,0,0.19631856,493.9100
1628408503311000,1,0.08000000,494.3100
1628408503317000,1,0.12000000,494.3100
1628408678255000,1,2.02700000,492.9800
1628408679323000,0,0.50000000,493.2700
1628408679323000,0,1.32626501,493.5600
1628408683250000,1,2.02700000,492.8200
1628408705240000,1,0.10192111,492.5000
1628408867228000,0,0.09275113,492.5900
1628408875766000,0,0.40303562,492.6000
1628408920214000,0,0.90745337,492.0000
1628409083922000,0,0.05644608,492.6800
1628409110854000,0,0.20125379,492.9300
1628409199659000,0,0.08050139,493.1400
1628409200717000,0,1.60974852,493.1400
1628409232735000,0,2.00000000,493.2600
1628409308292000,0,0.27984500,492.9800
1628409472794000,1,2.03428999,491.2600
1628409472794000,1,0.04512904,491.2500
1628410000804000,0,0.18627864,493.7300
1628410066280000,0,0.65405929,493.7400
1628410076441000,0,1.41561220,494.0200
1628410076441000,0,0.59476157,494.0300
1628410184440000,0,0.08032674,494.2600
1628410210573000,0,0.06522511,494.2600
1628410219601000,0,0.52298349,494.5500
1628410337241000,0,0.05975129,494.5400
1628410350449000,0,0.10035348,494.5400
1628410397339000,0,3.01052331,494.5400
1628410407865000,0,1.00350779,494.5400
1628410996405000,0,0.64710539,492.6400
1628413111360000,1,0.33333333,490.0000
1628413509588000,0,0.19690000,491.7700
1628413573984000,1,1.99999999,491.3000
1628413598221000,1,2.03561512,490.9300
1628413624333000,0,0.19720000,490.9900
1628413644883000,0,0.09860000,491.0500
1628413700472000,1,2.03881000,490.1400
1628413700640000,1,0.00000912,490.1400
1628413700698000,1,4.63900000,489.9500
1628413700920000,1,0.45806000,489.9500
1628414074920000,1,4.31419758,491.5300
1628414075361000,1,2.03316000,491.3700
1628414233506000,0,0.10138342,491.6300
1628414461410000,0,0.09826479,490.7000
1628414521755000,0,0.20224334,490.8500
1628414522796000,0,0.20224334,490.8500
1628414523829000,0,0.20224334,490.8500
1628414524867000,0,0.20224334,490.8500
1628414525890000,0,0.20224334,490.8500
1628414526935000,0,0.20224334,490.8500
1628414527965000,0,0.20224334,490.8600
1628414528991000,0,0.20224334,490.8600
1628414530010000,0,0.20224334,490.8600
1628414531105000,0,0.20224333,490.8600
1628414783308000,0,0.05920000,490.3700
1628415452541000,0,0.10043437,490.8000
1628415475409000,0,2.03955929,490.7100
1628415475409000,0,0.49181071,490.7100
1628415475470000,0,4.60705000,490.7100
1628416412968000,0,0.19740000,490.6100
1628416475735000,1,1.50000000,490.0300
1628417141767000,0,0.09840000,491.9000
1628417220122000,0,0.09850000,491.2600
1628417903869000,0,0.19790000,489.3000
1628417933236000,0,0.19810000,488.7800
1628418051880000,0,0.10541950,487.2300
1628418088187000,0,0.17880000,487.0000
1628418183890000,0,0.21850000,487.6100
1628418348099000,1,0.21579994,486.5000
1628418355023000,0,4.00000000,486.8700
1628418355088000,0,3.50000000,486.8700
1628418355175000,0,6.39164000,486.8700
1628418355200000,0,0.00000140,486.8700
1628418466315000,0,0.09940000,487.2800
1628418495448000,0,1.01868230,487.1200
1628418600439000,1,0.06348702,485.8700
1628418747976000,1,0.20886966,486.7300
1628418848254000,0,0.05825987,486.9200
1628418849291000,0,0.05825987,486.9200
1628418850328000,0,0.05825987,486.9200
1628418851323000,0,0.05825987,486.9000
1628418852416000,0,0.05825987,486.9100
1628418853634000,0,0.05825986,486.9100
1628418854567000,0,0.05825987,486.9100
1628418964370000,0,0.06119477,486.4300
1628419200305000,1,0.09917098,485.7400
1628419326814000,0,0.09970000,485.4700
1628419355711000,1,0.05731001,484.5100
1628419355711000,1,2.94268999,484.3300
1628419418922000,1,0.22887402,484.1600
1628419419999000,1,0.20806417,484.1600
1628419420979000,1,0.20806417,484.1600
1628419422038000,1,0.20806417,484.1600
1628419423027000,1,0.20806417,484.0100
1628419424105000,1,0.16806417,483.8600
1628419425095000,1,0.20806418,483.9700
1628419426111000,1,0.20806417,483.8500
1628419427097000,1,0.20806418,483.8700
1628419428123000,1,0.20806417,483.7500
1628419445756000,1,2.54973896,483.7800
1628419553660000,1,0.06501000,484.1700
1628419559861000,1,0.11961068,484.1700
1628419588314000,0,0.20000000,484.9700
1628419615481000,1,2.00548445,484.5000
1628419636019000,0,0.06650000,485.2400
1628419862110000,0,0.70000000,485.4500
1628419862110000,0,0.08763416,485.4600
1628419999754000,0,0.35737360,486.2400
1628420004803000,0,0.30626690,486.2000
1628420040328000,1,2.00000000,485.1700
1628420040328000,1,1.16536089,485.1600
1628420101391000,0,0.20435453,485.7000
1628420122795000,0,2.06110000,485.6800
1628420361575000,1,0.09713000,485.4500
1628420361638000,1,0.00000667,485.4500
1628420484773000,0,2.00000000,487.3000
1628420484773000,0,2.04616849,487.3100
1628420514978000,0,0.06063902,487.2000
1628420528995000,0,0.05820724,487.2900
1628420529297000,0,0.05820724,487.2900
1628420530000000,0,0.05820724,487.2900
1628420531028000,0,0.05820724,487.2900
1628420532047000,0,0.05820723,487.2900
1628420533066000,0,0.05820724,487.2900
1628420534074000,0,0.05820723,487.2900
1628420546256000,1,0.20704644,486.6300
1628420582985000,0,0.10238305,487.1900
1628420640268000,1,0.08706355,486.6400
1628420666863000,1,0.09352322,486.4900
1628420724316000,1,6.00000000,486.4800
1628420724380000,1,5.50000000,486.4800
1628420724446000,1,3.50000000,486.4800
1628420725085000,1,12.09501129,486.4800
1628421018388000,0,1.02038480,486.3000
1628421044015000,0,0.07144966,485.6800
1628421044345000,1,6.80000000,485.4200
1628421070568000,0,0.06133420,485.3400
1628421134882000,0,0.14731239,485.1600
1628421237961000,1,1.02500000,484.7900
1628421480281000,1,0.43612743,483.4000
1628421557220000,0,0.09950000,486.4800
1628421569583000,0,0.10212859,485.6500
1628421596168000,1,0.05210142,485.8300
1628421637165000,0,2.05861000,486.3900
1628421659313000,0,0.08000000,486.8200
1628421663841000,1,0.13905303,486.5200
1628421720290000,1,1.06679960,486.2100
1628421740010000,0,2.05606000,486.7900
1628421740701000,0,0.01291000,486.8200
1628421740701000,0,0.06827341,487.2200
1628421762307000,0,0.30000000,487.5200
1628421762307000,0,0.71854480,487.5300
1628421792222000,0,0.93352384,486.7700
1628422239668000,0,0.29760000,488.1100
1628422243333000,0,1.98410000,488.1000
1628422257381000,0,2.57790000,488.1100
1628422258212000,0,14.33424000,488.1100
1628422276213000,0,2.05056698,488.1000
1628422276213000,0,0.01211071,488.1000
1628422406437000,0,2.05012000,488.1000
1628422433721000,0,0.22820000,488.1000
1628422464911000,0,0.05637594,487.8800
1628422465903000,0,0.05637594,487.8800
1628422466912000,0,0.05637594,487.8800
1628422467940000,0,0.05637594,487.8800
1628422468963000,0,0.05637594,488.0400
1628422469980000,0,0.05637594,488.0400
1628422470997000,0,0.05637595,488.0400
1628422472021000,0,0.05637594,488.0600
1628422473058000,0,0.05637595,488.0700
1628422721569000,0,0.99052800,487.3900
1628423040572000,0,0.32635198,486.4300
1628423190326000,0,1.01791486,487.0400
1628423265134000,0,0.84000000,487.3400
1628423265134000,0,0.22952455,487.4200
1628423385027000,0,1.98760000,487.1000
1628423520273000,1,0.20359897,486.3100
1628423549387000,1,0.20000000,486.4400
1628423653666000,0,0.05970000,486.8700
1628423787096000,0,0.12238791,486.4600
1628423871438000,0,0.10400272,486.7700
1628423917092000,0,1.98990000,486.6900
1628424062657000,0,0.09970000,486.0800
1628424072563000,0,0.08560000,486.8200
1628424081115000,0,0.13561303,486.9900
1628424134932000,1,0.96661985,487.5100
1628424145308000,0,0.00000344,488.1100
1628424183318000,1,1.56030000,487.5900
1628424183325000,1,1.12170000,487.5900
1628424307544000,0,1.52819042,487.2800
1628424547938000,0,0.22436762,486.4700
1628424568802000,0,0.05610856,486.6600
1628424569817000,0,0.05610856,486.6600
1628424970121000,1,0.08000000,486.6600
1628424970128000,1,1.03317963,486.6600
1628425128911000,0,0.33728115,486.7400
1628425219763000,0,2.05040000,488.0500
1628425303637000,1,0.77620774,488.6300
1628425310723000,0,0.20307512,489.6000
1628425336007000,1,0.91177323,489.3300
1628425336738000,1,0.91177323,489.3300
1628425394689000,0,0.16870478,489.8900
1628425407701000,1,0.15424193,489.2700
1628425653890000,0,0.34003448,490.5600
1628425856821000,1,0.91056715,490.6800
1628425857030000,1,0.91056715,490.6800
1628425998502000,0,2.04090796,490.4100
1628425998502000,0,0.30000000,490.4200
1628425998502000,0,2.47357988,490.4300
1628426575259000,0,0.84000000,489.5700
1628426575259000,0,1.15825291,489.7300
1628426629182000,0,0.19770000,489.8000
1628426838091000,0,0.14352751,490.3200
1628426974457000,0,0.07878817,489.5300
1628427007770000,0,1.02031214,489.4900
1628427043302000,0,1.01580333,489.7700
1628427129648000,0,0.23710000,490.1500
1628427197919000,0,0.19254772,490.3200
1628427284994000,0,0.05856619,491.0000
1628427288025000,0,0.05196203,491.0000
1628427289075000,0,0.05196203,491.0000
1628427290051000,0,0.05196203,491.0000
1628427291087000,0,0.05196203,491.0000
1628427292103000,0,0.05196203,490.8500
1628427294099000,0,0.10392405,490.8600
1628427636914000,0,0.30311186,491.4500
1628427746338000,0,0.06058423,491.6500
1628427791367000,0,0.19690000,491.8400
1628428059734000,0,0.98361515,491.8600
1628428215293000,0,0.20238778,490.0900
1628428371948000,0,1.01288837,489.6200
1628428475293000,0,5.62563000,489.0600
1628428475701000,1,0.19254772,488.8500
1628428492359000,0,0.00000415,489.0600
1628428492359000,0,0.24536451,489.4900
1628428513679000,1,2.04602743,488.2700
1628428533144000,1,1.73439210,488.4600
1628428677185000,0,0.24060000,489.1500
1628428694963000,0,0.09900000,489.1400
1628428746913000,1,4.31606732,487.8900
1628428952451000,1,0.06278231,487.8700
1628429162704000,0,0.47107436,489.3300
1628429228267000,0,0.06091558,488.8200
1628429369870000,0,0.40713352,487.5500
1628429443392000,0,1.03730687,488.2700
1628429457872000,1,0.08802091,487.5100
1628429696155000,0,0.40705891,487.8300
1628429777247000,0,0.25410927,488.2600
1628430004576000,0,0.05807393,487.0700
1628430410122000,1,1.61908154,485.5600
1628430627780000,1,0.08092272,485.5600
1628430822629000,0,0.30764485,486.3400
1628430874777000,0,0.05551156,486.2300
1628431552709000,0,0.71630000,486.7800
1628431560282000,1,2.00000000,485.5200
1628431560282000,1,7.10111831,485.5200
1628431680028000,1,1.90000000,485.9800
1628431680028000,1,2.05589569,485.9800
1628431680028000,1,6.90000000,485.9700
1628431680028000,1,7.93597579,485.8700
1628431680028000,1,15.90707799,485.8600
1628432195371000,1,0.05700000,485.0000
1628432280282000,1,0.10211340,485.0000
1628432280282000,1,0.08984826,484.9600
1628432305549000,1,1.60267163,484.6800
1628432587620000,1,0.12318522,484.0400
1628432618006000,1,0.45110457,483.8400
1628432718130000,1,1.00000000,483.7200
1628432814525000,0,2.06000000,484.4500
1628432817318000,0,0.00574825,484.4500
1628432817318000,0,2.06425175,484.6100
1628433102150000,1,12.50000000,482.0000
1628433102213000,1,7.50000000,482.0000
1628433102394000,1,1.83763091,481.8100
1628433117459000,0,0.21290341,482.0500
1628433234317000,1,3.08349324,481.0400
1628433234317000,1,0.07318033,480.9900
1628433287045000,1,0.18260743,480.3900
1628433287511000,1,0.10999579,480.3900
1628433288053000,1,0.17211147,480.3900
1628433289068000,1,0.17211146,480.3400
1628433290114000,1,0.11211147,480.0400
1628433538964000,0,0.62051761,481.0500
1628433548309000,1,0.40572832,480.8600
1628433659636000,1,1.00000000,480.0000
1628433659636000,1,5.00000000,480.0000
1628433665427000,0,1.75020025,480.3100
1628433692869000,0,0.06201133,480.1700
1628433749235000,0,0.08000000,480.0400
1628433933707000,0,2.08707000,479.7400
1628433969717000,1,0.81986424,479.1700
1628434039215000,0,1.33620000,480.2300
1628434056097000,0,0.10090000,480.0800
1628434643986000,0,1.04510000,478.0400
1628434763429000,1,0.08000000,476.6400
1628434810360000,0,0.08000000,476.9100
1628434835511000,0,0.05242079,478.0900
1628434864317000,1,12.55512000,477.0100
1628434864672000,1,1.05374000,477.0100
1628435254858000,1,0.09484709,477.2200
1628435411947000,1,1.77540367,477.3100
1628435411947000,1,1.30000000,477.2500
1628435411947000,1,1.14515662,477.2400
1628435506794000,0,0.10405772,478.1000
1628435708033000,0,6.30000000,476.9900
1628435880331000,1,1.02024022,477.0800
1628435904980000,1,0.10000000,476.4500
1628435904980000,1,0.15984768,476.4400
1628435980864000,1,0.08194084,477.2300
1628436000321000,1,1.24955616,477.2300
1628436000321000,1,1.97538750,477.1700
1628436108044000,0,7.87000000,477.7500
1628436123511000,1,0.24547017,477.4000
1628436258093000,0,7.77918018,478.5000
1628436277801000,0,4.61119691,478.3800
1628436277801000,0,21.65010317,478.3900
1628436354593000,0,2.00000000,478.0000
1628436354593000,0,51.50155000,478.0100
1628436354593000,0,3.27838063,478.1100
1628436360311000,1,0.19667309,477.9000
1628436448289000,0,2.09456371,477.7700
1628436448289000,0,4.44011352,477.7800
1628436774698000,0,2.09828000,477.0800
1628436925076000,1,0.21055548,479.0100
1628436941172000,1,3.20851000,479.0000
1628436945691000,1,0.00000774,479.0000
1628436960309000,1,1.32733464,478.5400
1628436960309000,1,1.32645501,478.3300
1628436960309000,1,1.26028306,478.3000
1628437346803000,1,0.10830222,478.5700
1628437560257000,1,0.50709939,478.9000
1628437906232000,0,0.14120000,480.2500
1628438208667000,0,0.60670000,478.8700
1628438471111000,0,0.06650280,477.6100
1628438478097000,0,0.06230815,477.5900
1628438479105000,0,0.06230816,477.5900
1628438480092000,0,0.06230815,477.5900
1628438540107000,0,0.57073620,476.8800
1628438654334000,0,2.10112963,476.3900
1628438654389000,1,1.36838000,476.4200
1628438654394000,1,0.00000781,476.4200
1628438772058000,0,0.17683220,478.2500
1628438783584000,1,0.13119380,477.6900
1628438822733000,1,1.32731000,478.5300
1628438927194000,0,2.00000000,478.2000
1628438927194000,0,2.14889136,478.2100
1628438933882000,0,0.20808934,478.1600
1628438975972000,1,1.33153116,477.0700
1628438975972000,1,2.00000000,477.0500
1628438975972000,1,7.00000000,477.0400
1628438975972000,1,1.33072608,476.8400
1628438975972000,1,8.16347373,476.8400
1628438975972000,1,1.33155012,476.8300
1628438975972000,1,0.12885207,476.7000
1628438975972000,1,2.09607753,476.6200
1628438975972000,1,40.76231000,476.5800
1628438975972000,1,2.09607753,476.5500
1628438975972000,1,13.62630707,476.5500
1628438975972000,1,0.12972998,476.5400
1628438975972000,1,0.12366411,476.3700
1628438975972000,1,13.05636240,476.3400
1628438975972000,1,16.96680000,476.3300
1628438975972000,1,0.12885807,476.1900
1628438975972000,1,0.82000000,476.1700
1628438975972000,1,2.60000000,475.8500
1628438975972000,1,8.66000000,474.6700
1628438975972000,1,0.06590902,474.6600
1628438975972000,1,84.24000000,474.1700
1628438975972000,1,41.65000000,473.0400
1628438975972000,1,0.68296951,472.1000
1628438975972000,1,0.27403816,470.9500
1628438975972000,1,16.46000000,470.2400
1628438975972000,1,0.50000000,470.0000
1628438975972000,1,0.97708510,470.0000
1628438975972000,1,0.50000000,469.0000
1628438975972000,1,1.00000000,468.0000
1628438975972000,1,0.70000000,467.0000
1628438975972000,1,0.11507803,465.0100
1628438975972000,1,0.70000000,465.0000
1628438975972000,1,4.78260033,462.1300
1628438976065000,1,0.13029735,477.0400
1628438976066000,1,0.12032079,477.0400
1628438976319000,1,0.30000000,477.0600
1628438976766000,0,2.09469000,477.8000
1628438977773000,0,13.05636240,477.6100
1628438977773000,0,2.00000000,477.6100
1628438977773000,0,16.44363760,477.6200
1628438977839000,0,2.00000000,477.6100
1628438977839000,0,7.50000000,477.6200
1628438993043000,0,0.20270000,477.7100
1628438993161000,0,0.61730000,477.7100
1628438993224000,0,2.09457000,477.8100
1628438993285000,0,0.00000264,477.8100
1628438993285000,0,8.31657736,477.8200
1628438994852000,1,1.33068000,477.3400
1628439003229000,1,0.00000043,477.3400
1628439003229000,1,1.33153116,477.0700
1628439003330000,1,8.11379000,476.8600
1628439003350000,0,1.33153116,477.0700
1628439003384000,1,2.00000000,476.8700
1628439003435000,1,2.00000000,476.8500
1628439003435000,1,1.33072608,476.8400
1628439003435000,1,4.99999392,476.8400
1628439003497000,0,5.99693000,477.0700
1628439003893000,0,0.00000725,477.0700
1628439006651000,1,0.88749382,477.0700
1628439006713000,0,7.77250000,477.0700
1628439006759000,0,0.00000618,477.0700
1628439006795000,1,0.50000000,477.0700
1628439011466000,1,0.88755111,477.1000
1628439011550000,1,0.50000000,477.0300
1628439011601000,1,47.12831000,477.0200
1628439012431000,0,3.07059000,477.1000
1628439012471000,0,0.88749603,477.1000
1628439012501000,0,3.81436286,477.1000
1628439012650000,0,0.82000000,477.3100
1628439015621000,1,0.88749382,476.9100
1628439015621000,1,7.00000000,476.9100
1628439015682000,0,0.77250000,476.9100
1628439015736000,0,0.00000618,476.9100
1628439016006000,0,0.82000000,477.1400
1628439020965000,1,0.88729959,477.2000
1628439022598000,0,0.88729959,477.2000
1628439022681000,0,4.50000000,477.2000
1628439024023000,0,2.08038027,477.2000
1628439024116000,0,0.30502000,477.2000
1628439025854000,1,0.88748764,476.9100
1628439026598000,0,0.88749382,476.9100
1628439026670000,0,6.88501854,476.9100
1628439030145000,1,0.88761010,476.5600
1628439030360000,0,7.77238990,476.5600
1628439030486000,0,0.82000000,476.7800
1628439030486000,0,0.11987360,476.8600
1628439031438000,0,2.48012640,476.8600
1628439034624000,1,0.37392983,476.5600
1628439034624000,1,0.88811417,476.5600
1628439034825000,0,1.00000000,476.5600
1628439034829000,0,6.39795600,476.5600
1628439035620000,0,0.82000000,476.8000
1628439035766000,0,2.60000000,476.8400
1628439039971000,0,8.66000000,477.2300
1628439040430000,0,0.82000000,477.2400
1628439040570000,0,8.66000000,477.2400
1628439041029000,0,0.11508000,477.1900
1628439041217000,0,0.00000502,477.1900
1628439041279000,0,0.82000000,477.4700
1628439041829000,0,7.06227000,477.5400
1628439042032000,0,1.59773000,477.5400
1628439042157000,0,2.60000000,477.5500
1628439053382000,0,0.82000000,477.9800
1628439070298000,0,0.82000000,478.2400
1628439189610000,1,3.21200000,478.2900
1628439189610000,1,0.88523119,478.2800
1628439189610000,1,15.90276881,478.1700
1628439212728000,0,2.60000000,478.5800
1628439212837000,0,0.82000000,478.6500
1628439236663000,0,0.82000000,478.9600
1628439236889000,0,2.60000000,478.9800
1628439243199000,0,0.82000000,479.4000
1628439243586000,0,2.60000000,479.4800
1628439326597000,0,0.82000000,479.6000
1628439330524000,0,0.06864438,479.9000
1628439355114000,0,0.82000000,480.0500
1628439362723000,0,0.82000000,480.1100
1628439370712000,0,0.82000000,480.2300
1628439386933000,0,2.60000000,480.5000
1628439386933000,0,0.82000000,480.5900
1628439386933000,0,2.00000000,480.8500
1628439386933000,0,0.77455925,480.8900
1628439401774000,0,0.51624511,480.1300
1628439406826000,0,0.20170000,480.1300
1628439494200000,1,0.08000000,479.3800
1628439720251000,1,0.07538606,479.0800
1628439723088000,0,0.10404021,479.4300
1628439798754000,0,0.82000000,479.4200
1628439798911000,0,2.60000000,479.5000
1628439823692000,0,2.00000000,480.1000
1628440014195000,0,0.82000000,479.4800
1628440014195000,0,2.60000000,479.5300
1628440014195000,0,2.08658369,479.6600
1628440014195000,0,8.02670823,479.7100
1628440014195000,0,2.08658369,479.8000
1628440014195000,0,5.07758157,479.8100
1628440039645000,0,0.82000000,479.4900
1628440039717000,0,2.60000000,479.5300
1628440096645000,0,0.46450000,479.5500
1628440150724000,0,0.82000000,479.5600
1628440184556000,0,0.08000000,479.8200
1628440184631000,0,0.74000000,479.8200
1628440334743000,1,0.85304035,479.2000
1628440464452000,0,1.37562323,479.5600
1628440569973000,0,0.06060000,479.1400
1628440851049000,0,0.05294760,479.1200
1628440859070000,0,0.09208795,479.0600
1628440869842000,0,0.82000000,479.0300
1628441139416000,0,0.82000000,478.5900
1628441139416000,0,2.09065794,478.6400
1628441139416000,0,2.60000000,478.6500
1628441139416000,0,2.09145357,478.8200
1628441139416000,0,4.43648330,478.8300
1628441139416000,0,1.45117583,478.9900
1628441147474000,0,0.06740000,478.5900
1628441350544000,0,0.10140000,477.5700
1628441400348000,1,0.05884710,476.4100
1628441444668000,1,0.22185998,474.9600
1628441517914000,0,0.20800836,475.9300
1628441521251000,0,0.81400000,475.9100
1628441533221000,0,0.10430114,475.2100
1628441604401000,0,0.24483392,474.5000
1628441611647000,0,3.20852000,474.0000
1628441611807000,0,0.00000610,474.0000
1628441638919000,1,0.43996878,473.4800
1628441687759000,0,2.10859000,474.7500
1628441710208000,1,0.82545394,473.9800
1628441793139000,0,0.20890076,474.6500
1628441853890000,0,0.20918258,475.1700
1628441899795000,1,0.08000000,474.9400
1628441899805000,1,9.92000000,474.9400
1628441977437000,0,0.08000000,474.6500
1628441977567000,0,2.02877687,474.6500
1628442040978000,1,0.30475086,474.9100
1628442071555000,1,0.13000000,474.5400
1628442151609000,0,0.82000000,474.9900
1628442151609000,0,4.18000000,475.0100
1628442254406000,0,0.22500000,473.4600
1628442311731000,0,0.10240000,473.1500
1628442588730000,1,0.89682266,472.1000
1628442588730000,1,0.89664640,472.0200
1628442588730000,1,1.87883236,471.9200
1628442600311000,1,0.17855298,471.9300
1628442664840000,1,0.89501000,472.9900
1628442670041000,1,0.00000003,472.9900
1628442735824000,0,0.08393430,473.5800
1628442752240000,1,0.89519561,472.3700
1628442879454000,1,0.08000000,471.2000
1628443016203000,1,0.89577219,472.5800
1628443134769000,0,0.08000000,473.1800
1628443135083000,0,2.03512000,473.1800
1628443135237000,0,2.11475000,473.1900
1628443271053000,1,1.33683157,475.0800
1628443271053000,1,1.33720271,474.9000
1628443271446000,0,0.05229294,475.5900
1628443323821000,1,0.08000000,475.6200
1628443340464000,1,0.30891027,475.6600
1628443483878000,0,2.10123577,476.3600
1628443483878000,0,2.00000000,476.4400
1628443483878000,0,3.71146837,476.5300
1628443484245000,0,2.10092676,476.5200
1628443484245000,0,5.25210084,476.5300
1628443484245000,0,5.25110798,476.5400
1628443484560000,0,0.82000000,476.7400
1628443496869000,0,0.16437334,477.1700
1628443520976000,0,0.08318258,477.4800
1628443558920000,0,0.20260000,478.0000
1628443560272000,1,1.32991262,477.6100
1628443560272000,1,2.00000000,477.4200
1628443560272000,1,1.67930185,477.4100
1628443563365000,0,0.06234023,478.0100
1628443618399000,0,0.22566927,477.3800
1628443820970000,1,1.00278285,477.6200
1628443847113000,0,2.09206000,478.3600
1628443847150000,0,0.00000729,478.3600
1628443847311000,0,2.00000000,478.5100
1628443847350000,0,0.08000000,478.5100
1628443847445000,0,3.00000000,478.5100
1628443847638000,0,2.09136000,478.5100
1628443914442000,1,1.76740311,479.1400
1628444132872000,1,0.20791800,478.9600
1628444299306000,0,0.06050000,480.3900
1628444590329000,1,0.08000000,479.9000
1628444591629000,1,5.53200000,479.9000
1628444591724000,1,3.00000000,479.9000
1628444591774000,1,1.65251000,479.9000
1628444627045000,1,0.00000865,479.9000
1628444679483000,0,0.22746713,479.8900
1628444710709000,0,0.30280000,479.7100
1628444885949000,1,0.63235361,478.5900
1628444939302000,1,0.21027425,479.0900
1628445120310000,1,1.12025679,478.1500
1628445437443000,1,0.10526000,477.3800
1628445439531000,1,0.00000210,477.3800
1628445465128000,1,0.06269220,477.3200
1628445480334000,1,0.20441043,477.1200
1628445627622000,0,2.09400000,477.8500
1628445750192000,1,0.81000000,476.4500
1628445886228000,0,0.06180000,476.3000
1628445966597000,0,0.06233531,477.8300
1628446003649000,0,0.51892055,477.8200
1628446172018000,1,0.20217954,477.3200
1628446187163000,0,1.03862285,477.7400
1628446741471000,0,1.62140000,477.8400
1628447054627000,1,0.30000000,475.7000
1628447264399000,0,0.50274431,477.0800
1628447285024000,0,0.18705497,477.0700
1628447354200000,0,0.49350932,477.5500
1628447400428000,1,0.07087458,477.4100
1628447417369000,0,0.82000000,477.8400
1628447517875000,0,0.09833413,478.3400
1628447569486000,0,0.18450000,478.4200
1628447795689000,1,0.21147027,476.4600
1628447923923000,0,27.25000000,476.7600
1628448259279000,1,7.10000000,475.2800
1628448259279000,1,2.00000000,475.2800
1628448259345000,0,40.90000000,475.2800
1628448264496000,1,0.21800000,475.1500
1628448282764000,0,0.33175976,476.0800
1628448490671000,1,0.07381600,477.2400
1628448594006000,0,0.45738364,477.0500
1628448916782000,0,0.06959113,475.6100
1628448917842000,0,0.06959112,475.6100
1628448918861000,0,0.06959113,475.6100
1628449193714000,0,0.08000000,476.2600
1628449193872000,0,2.02200000,476.2600
1628449324463000,0,0.82000000,476.1800
1628449325408000,0,0.82000000,476.2500
1628449503580000,0,0.50000000,475.8400
1628450289121000,0,0.51000000,474.7400
1628450471093000,0,0.10433327,475.5000
1628450640299000,1,0.89120871,474.9200
1628450656058000,1,0.26815731,474.9200
1628450742629000,1,0.19000000,474.9100
1628450760294000,1,0.25564850,475.2700
1628450885886000,0,0.06868906,478.3200
1628451302094000,0,0.04206300,477.8900
1628451394546000,0,0.21014334,478.2400
1628451508275000,0,0.06178906,477.7400
1628451533088000,0,0.10357400,477.8000
1628451799663000,0,0.06240843,477.0200
1628451942427000,0,0.70000000,475.6600
1628451942427000,0,1.37826700,475.6700
1628452135177000,1,0.89344226,473.6800
1628452135177000,1,3.18554605,473.6000
1628452396596000,0,1.05204833,474.1700
1628452453854000,0,0.12926637,473.9600
1628452508893000,0,0.63013629,474.0100
1628452561964000,0,0.20000000,474.2500
1628452686885000,1,0.06650100,474.2600
1628452783639000,0,0.04186653,475.3200
1628452801277000,0,2.10340661,475.8500
1628452801277000,0,8.44065978,475.8600
1628452801277000,0,5.25992443,476.0100
1628452801277000,0,49.00899000,476.0200
1628452801277000,0,5.25777836,476.1100
1628452801277000,0,0.82000000,476.1900
1628452801277000,0,0.12150903,476.2200
1628452801277000,0,4.45129447,476.2500
1628452801277000,0,28.10643732,476.3000
1628452801889000,0,1.04000000,475.8500
1628452804391000,1,7.00000000,475.6500
1628452804435000,0,0.12658495,476.0600
1628452804435000,0,0.12292092,476.2100
1628452804435000,0,4.45049413,476.2500
1628452807437000,0,1.61000000,476.0600
1628452809458000,0,0.23000000,476.0600
1628452810782000,0,1.05000000,476.0600
1628452810800000,0,0.14606969,476.0600
1628452834134000,0,0.00080034,476.2500
1628452834134000,0,4.44919966,476.4200
1628452834224000,0,0.00533098,476.4200
1628452834224000,0,0.12747199,476.6100
1628452834410000,0,0.82000000,476.6400
1628452835216000,0,1.50185000,476.6900
1628452835216000,0,7.74815000,476.7000
1628452835422000,0,0.60000000,476.6900
1628452837757000,0,0.83000000,476.6900
1628452837768000,0,0.83000000,476.6900
1628452840534000,0,2.67000000,476.6900
1628452852139000,1,2.09765019,476.3500
1628452852139000,1,2.20924981,476.3400
1628452858271000,1,0.27553500,475.8200
1628452876341000,1,8.51288000,475.3700
1628452898406000,1,2.10402000,474.8600
1628452898463000,1,0.00000289,474.8600
1628452898463000,1,5.26001711,474.8400
1628452904385000,1,2.10480000,474.6900
1628452919150000,0,0.12485291,474.7800
1628452920694000,1,2.10746000,474.2100
1628452968746000,1,1.65340000,472.9900
1628452968764000,1,0.45899719,472.9900
1628452968780000,1,2.11320000,472.9100
1628452968836000,1,0.00003706,472.9100
1628452969028000,1,5.28329000,472.7700
1628452975109000,0,8.06020000,472.8400
1628452975203000,0,1.17960000,472.8400
1628452975272000,0,2.42600000,472.8400
1628452976146000,0,0.13420000,472.8400
1628453040306000,1,0.06256453,472.7200
1628453069188000,0,0.20993992,472.6900
1628453115779000,0,0.20997973,472.7800
1628453184983000,0,13.47000000,472.3100
1628453201113000,0,4.49000000,472.1300
1628453204973000,0,4.49000000,472.7900
1628453211437000,0,9.50000000,472.6600
1628453216982000,0,0.00416856,472.7900
1628453216982000,0,4.48583144,473.0600
1628453220832000,0,7.91000000,473.1800
1628453229744000,0,1.50000000,473.1400
1628453231750000,0,12.00000000,473.6200
1628453315842000,0,5.50000000,472.8200
1628453315908000,0,5.50000000,472.8200
1628453331497000,0,6.50000000,473.2000
1628453331569000,0,4.50000000,473.2000
1628453331741000,0,5.00000000,473.2000
1628453331982000,0,10.00000000,473.2000
1628453332060000,0,4.16206000,473.2000
1628453332258000,0,10.00000000,473.2000
1628453353502000,0,10.50000000,473.9400
1628453379816000,0,1.56000000,474.4300
1628453379856000,0,7.24000000,474.4300
1628453400296000,1,1.43616344,473.8300
1628453434200000,0,14.10000000,474.2300
1628453476362000,0,0.06287131,474.1300
1628453490797000,0,7.90000000,473.9900
1628453520329000,1,0.10000000,474.2300
1628453562736000,0,4.00000000,473.9400
1628453569028000,0,4.00000000,474.1000
1628453569103000,0,3.70209000,474.1000
1628453569329000,0,2.39582000,474.1000
1628453569394000,0,3.70209000,474.1000
1628453600703000,0,2.11107388,474.0100
1628453600703000,0,0.68892612,474.0100
1628453601877000,0,10.20000000,474.0200
1628453612287000,0,13.50000000,474.5500
1628453617955000,1,10.99600000,474.4200
1628453618215000,1,1.03220000,474.4200
1628453678376000,0,2.10720000,475.0700
1628453697418000,0,2.10686671,475.0300
1628453697418000,0,3.05563329,475.0400
1628453703881000,0,1.52790000,474.9500
1628453704772000,0,1.06270000,474.9500
1628453705691000,0,1.05920000,474.9500
1628453705959000,0,8.95000000,474.9500
1628453811801000,1,0.24172005,477.0900
1628453813057000,0,2.09486689,477.8800
1628453813290000,0,2.09371298,478.0300
1628453813290000,0,1.40628702,478.0300
1628453832048000,1,1.04752030,478.2700
1628453913993000,1,0.78393471,479.1700
1628453914486000,1,0.78393471,479.1700
1628453963105000,0,1.55084727,479.3900
1628453993574000,0,0.44843152,479.4300
1628454008633000,0,0.12302282,479.4800
1628454008633000,0,0.00148700,479.5000
1628454081692000,0,0.61226224,478.3700
1628454115873000,0,1.03584800,479.0200
1628454133660000,1,2.50000000,478.3200
1628454133715000,1,5.85057000,478.3200
1628454245545000,1,4.43683625,477.8100
1628454245545000,1,0.90416375,477.6500
1628454268860000,1,0.10188000,477.3200
1628454502500000,1,1.17188000,477.1700
1628454502547000,1,0.00000842,477.1700
1628454509036000,0,0.28000000,477.5500
1628454516912000,1,2.09400000,477.2000
1628454968572000,0,1.07202195,475.2000
1628455221051000,1,0.23962500,474.1300
1628455243965000,0,0.69532183,474.2900
1628455311085000,1,2.11185000,473.1700
1628455311317000,1,7.11100000,473.2200
1628455311518000,1,4.82972838,473.0200
1628455311518000,1,5.27970909,473.0000
1628455440281000,1,1.00000000,472.7700
1628455441203000,0,0.58900000,473.5900
1628455502720000,0,0.70876617,473.1300
1628455747909000,0,0.23977917,473.9100
1628455947892000,0,2.10220752,476.1100
1628455947892000,0,2.07139651,476.2100
1628455959760000,1,2.11982147,476.0200
1628455998805000,1,0.78602776,476.5000
1628456017933000,0,0.20804459,476.9800
1628456192042000,1,0.09528135,474.2900
1628456302669000,0,0.10000000,473.7300
1628456302669000,0,0.30424303,473.7400
1628456333798000,0,1.04673706,474.6300
1628456599960000,0,0.06561745,476.2800
1628456671403000,0,0.20681112,476.1100
1628456683476000,1,0.07077436,475.1700
1628456782927000,0,0.19770000,475.1800
1628456791351000,0,0.05238015,475.1800
1628457013467000,0,0.06267834,475.2200
1628457080566000,0,0.50000000,473.6200
1628457094988000,0,0.20958447,473.5100
1628457120711000,0,3.58720000,473.3400
1628457643835000,1,0.07594452,474.0400
1628457711631000,0,0.31339122,475.0700
1628457712722000,0,0.31339122,475.0700
1628457713674000,0,0.31339122,475.0700
1628457714711000,0,0.31339122,475.0700
1628457715719000,0,0.31339122,475.0700
1628457716789000,0,0.31339122,475.0700
1628457717805000,0,0.31339122,475.0700
1628457718790000,0,0.31339122,475.0700
1628457719810000,0,0.31339122,475.0700
1628457720957000,0,0.31339122,475.0700
1628457799989000,0,0.08560000,475.2200
1628457974445000,1,1.98516731,475.3900
1628458182613000,1,0.78570523,476.9400
1628458587802000,1,0.09791525,476.6500
1628458588820000,1,0.09791525,476.6500
1628458589824000,1,0.09791525,476.6500
1628458590844000,1,0.09791525,476.6500
1628458591926000,1,0.09791525,476.6500
1628458861261000,0,0.10436019,477.9600
1628458935433000,0,0.08303281,478.1500
1628459054119000,0,0.10371708,478.7300
1628459068017000,1,0.92234339,478.2200
1628459116365000,1,0.25000000,478.1400
1628460108261000,0,0.31152930,477.8800
1628460181152000,1,0.26733700,477.0500
1628460345721000,0,0.50000000,478.3600
1628460351280000,0,0.29004727,478.0600
1628460377041000,0,7.92864291,478.3200
1628460377041000,0,2.16455075,478.3600
1628460467982000,0,0.09447179,479.2200
1628460469051000,0,0.09447179,479.2200
1628460470049000,0,0.09447179,479.2200
1628460471034000,0,0.09447179,479.2200
1628460472059000,0,0.09447179,479.2200
1628460473068000,0,0.09447179,479.2200
1628460474115000,0,0.09447179,479.2200
1628460475128000,0,0.09654476,479.2200
1628460476155000,0,0.09447179,479.2200
1628460477162000,0,0.09447179,479.2200
1628460521463000,0,0.38315729,479.2200
1628460521463000,0,2.00000000,479.3200
1628460521463000,0,0.72338228,479.3300
1628460604173000,1,2.08337000,479.3900
1628460604304000,1,0.00000210,479.3900
1628460604304000,1,5.20887790,479.3800
1628460624446000,1,2.08454734,479.2100
1628460880951000,1,4.74100000,479.6400
1628460912783000,1,1.04120000,479.4000
1628460913024000,1,1.04188224,479.4000
1628460971144000,0,0.12070902,479.6900
1628461014465000,1,2.08174000,479.4700
1628461030857000,1,2.08370000,479.0700
1628461151043000,1,2.00000000,478.7800
1628461228326000,1,2.08467000,479.0000
1628461234775000,1,2.08663000,478.7500
1628461234793000,1,0.00000051,478.7500
1628461360871000,0,0.44392060,478.7200
1628461360871000,0,0.05607940,478.8000
1628461973402000,1,0.08000000,478.2100
1628462037373000,0,0.44426485,478.4100
1628462037373000,0,0.59283048,478.4400
1628462485935000,0,0.40000000,479.0400
1628462485935000,0,0.42829912,479.1600
1628462514719000,0,0.44401452,478.6400
1628462514771000,1,23.50000000,478.6400
1628462514800000,1,0.44401452,478.6400
1628462514873000,1,11.50000000,478.6400
1628462514984000,1,17.61197000,478.6400
1628462515162000,1,11.50000000,478.6400
1628462516549000,1,0.00000096,478.6400
1628462608863000,0,0.10353397,479.3400
1628462867035000,0,0.20200000,479.4200
1628463035619000,1,0.92084699,479.6900
1628463035838000,1,0.92084699,479.6900
1628463073578000,0,0.09299525,480.3000
1628463517483000,1,0.65000000,479.2900
1628463967073000,0,2.02565230,480.3000
1628464026337000,0,3.00000000,480.4000
1628464044054000,1,0.90084000,480.3700
1628464382297000,1,1.51910000,479.5800
1628464382478000,1,0.56390000,479.5800
1628464382624000,1,0.00000505,479.5800
1628464953964000,1,1.23360000,477.1700
1628464955974000,1,6.86640000,477.1700
1628464961216000,1,2.00000000,477.0000
1628465643348000,1,2.09087000,477.8400
1628466085691000,1,0.10941284,473.6100
1628466097556000,1,2.11047000,473.0200
1628466120019000,0,5.00000000,473.3400
1628466129755000,0,0.05428921,474.3500
1628466221140000,0,4.49240000,473.5900
1628466758980000,0,0.08000000,472.9300
1628466759019000,0,10.88262000,472.9300
1628466759097000,0,2.83738000,472.9300
1628466792752000,0,0.20460000,473.0700
1628467465640000,1,3.57770000,473.2900
1628467652677000,1,2.00000000,470.3400
1628467652677000,1,2.12483237,470.3400
1628467652677000,1,4.54819363,470.3300
1628467892354000,0,0.07393211,469.2600
1628467892907000,1,0.12000000,468.5300
1628468027883000,1,0.25000000,468.2900
1628468040322000,0,2.00000000,468.9300
1628468040322000,0,1.59956937,468.9400
1628468169117000,0,0.21154105,469.8300
1628468317093000,0,0.14759120,470.8500
1628468872854000,0,0.08449339,469.9400
1628469055484000,0,0.50628223,470.7700
1628469120685000,0,0.21084015,470.7600
1628469145696000,1,3.48760000,470.2200
1628469601904000,0,0.21119466,469.7500
1628470001942000,1,8.20148622,466.6100
1628470001942000,1,2.00000000,466.6000
1628470001942000,1,2.75495075,466.5900
1628470013272000,1,1.90000000,466.1100
1628470013272000,1,4.55396226,466.1000
1628470013272000,1,1.41011357,466.0500
1628470064724000,1,3.51272000,465.5500
1628470064822000,1,0.00000259,465.5500
1628470200708000,0,0.06382171,466.7100
1628470214926000,1,0.58210900,466.0700
1628470331856000,0,2.14730000,466.0100
1628470659976000,1,0.70000000,465.0000
1628470680553000,1,0.70000000,465.0000
1628470680680000,1,1.55047312,465.0000
1628470685200000,0,1.01255838,465.1500
1628470734848000,1,0.58000000,464.7000
1628470759382000,1,0.00555607,464.7000
1628470878690000,0,2.15246844,464.9200
1628470878690000,0,2.00000000,464.9900
1628470878690000,0,1.33187984,465.0000
1628471178868000,1,0.68000000,463.9200
1628471182596000,1,0.07654553,463.7900
1628471182596000,1,0.59345447,463.5500
1628471295733000,0,2.15480000,464.4000
1628471300796000,0,0.51095675,465.0100
1628471305350000,0,0.55435285,465.0100
1628471311956000,0,1.08690000,465.0100
1628471311993000,0,0.00001795,465.0100
1628471311993000,0,1.16588205,465.0200
1628471318611000,1,4.56997000,464.9000
1628471321047000,1,0.00000692,464.9000
1628471502696000,1,5.00933000,463.0000
1628471505594000,1,0.00000045,463.0000
1628471612901000,1,0.75000000,462.0000
1628471613019000,1,1.00000000,462.0100
1628471634141000,1,0.63000000,462.2600
1628471692111000,1,0.66000000,462.4400
1628471692196000,1,0.66000000,462.4400
1628471692387000,1,0.64000000,462.2800
1628471801968000,0,2.15380000,464.6200
1628471930031000,1,2.15225387,464.2600
1628471959514000,1,2.15264347,463.9800
1628472004444000,1,2.15090482,464.4400
1628472004444000,1,2.15095518,464.4400
1628472004560000,1,0.00000542,464.4400
1628472017625000,1,2.15339000,463.9700
1628472066931000,1,2.15289529,464.0000
1628472066931000,1,0.63721471,464.0000
1628472066999000,1,4.00000000,464.0000
1628472067061000,1,0.74514000,464.0000
1628472067131000,1,0.00000748,464.0000
1628472199668000,1,2.14822162,464.8600
1628472199668000,1,5.37185838,464.8600
1628472275038000,1,2.15026000,464.5200
1628472275061000,1,0.00000160,464.5200
1628472340390000,0,7.16540000,465.6000
1628472597359000,1,2.14871550,464.9000
1628472611386000,0,0.13820000,464.9000
1628472885487000,1,2.14587000,465.4600
1628472885626000,1,0.00000182,465.4600
1628472885626000,1,5.36629818,465.4000
1628472885723000,1,0.00000609,465.4000
1628473144202000,1,2.14568000,465.6900
1628474158718000,0,0.07496931,463.8600
1628475491257000,0,0.15811840,463.8200
1628475556384000,0,0.23530168,463.9300
1628475576744000,1,2.15720000,463.1800
1628475576784000,1,0.00003168,463.1800
1628475577009000,1,11.00000000,462.9400
1628475577062000,1,3.02468810,462.9400
1628475577062000,1,3.97531190,462.9400
1628475577115000,1,1.41812000,462.9400
1628476125057000,1,2.14680000,465.4100
1628476567815000,1,0.79468787,466.1900
1628476568353000,0,4.55665091,466.7600
1628476568353000,0,6.12958486,466.7800
1628476609701000,0,0.22336895,466.7400
1628477019213000,1,0.93321431,467.2200
1628477278348000,0,0.47296592,467.9500
1628477290813000,1,0.76913938,467.7600
1628477602246000,1,0.78000000,467.2800
1628477602654000,1,0.75000000,467.1300
1628477607798000,0,0.12590897,467.5600
1628477744305000,1,0.12590897,466.8200
1628477960176000,0,0.10621420,467.3700
1628478215267000,0,1.00000000,466.7700
1628479437055000,0,0.06905140,467.3400
1628479846146000,0,0.14993193,468.1400
1628480280300000,1,1.05102236,467.4200
1628480952923000,0,0.12005071,469.3200
1628481182050000,0,0.14807819,469.5600
1628482118854000,1,0.53795682,467.8900
1628482150883000,1,0.53824420,468.2000
1628482288270000,1,10.80170000,468.1600
1628482288354000,1,7.50855000,468.1600
1628482932449000,0,0.05716230,468.2300
1628483074304000,0,1.07958734,468.3000
1628483194525000,0,4.54733000,467.7300
1628483382985000,0,2.02541833,468.6200
1628483619968000,0,0.15546030,470.5800
1628483724727000,0,0.14752558,470.9800
1628483737196000,1,0.25000000,470.3900
1628483775346000,0,2.12504000,470.8800
1628483783067000,0,0.00000333,470.8800
1628483783067000,0,5.31294667,471.0700
1628483841914000,1,0.28061000,470.2900
1628483864670000,0,0.21274202,470.7400
1628483893930000,1,1.80000000,469.9600
1628484136832000,0,0.05469016,470.5200
1628484138017000,0,0.22640000,470.5400
1628484240292000,0,0.10691984,470.8200
1628484360270000,1,0.23957724,470.5300
1628484619644000,0,0.06486896,469.9600
1628484834569000,0,0.41944375,469.7900
1628484842415000,1,2.00000000,469.3800
1628484974476000,0,1.00000000,469.9900
1628485133216000,0,2.12890000,470.1200
1628485175501000,0,0.05412703,470.3300
1628486418021000,0,0.04252333,470.4500
1628486839722000,0,2.12733069,470.4400
1628486839855000,0,5.31810000,470.5300
1628487075954000,0,10.84249000,471.5200
1628487096901000,0,1.65240000,471.9400
1628487279001000,1,0.08000000,472.2000
1628487279986000,1,3.12530000,472.2000
1628487297440000,1,0.00001554,472.2000
1628487450665000,0,0.50000000,471.5400
1628487758063000,1,0.11200800,470.8200
1628488001996000,1,0.10000000,470.1100
1628488962805000,0,4.50627000,472.0400
1628488962832000,0,0.00000174,472.0400
1628488963033000,0,1.17970000,472.2200
1628488963085000,0,0.93985750,472.2200
1628488963085000,0,0.07264250,472.2300
1628488990907000,1,0.12446013,472.3400
1628489048567000,0,0.30720000,472.4900
1628489280248000,1,0.34681850,468.5400
1628489403878000,0,0.92445000,469.4000
1628489405683000,0,0.00000183,469.4000
1628489638266000,0,0.49846527,469.1400
1628489738844000,0,0.92984012,467.9500
1628489937002000,1,0.12873426,466.4200
1628490036157000,1,0.59000000,467.7700
1628490036302000,1,0.59000000,467.6800
1628490036348000,1,0.58000000,467.6800
1628490054589000,1,0.68000000,467.0400
1628490054620000,1,1.45796163,467.0400
1628490534455000,0,0.08656300,468.2300
1628490600365000,1,0.09321843,466.7400
1628490763359000,1,5.00933045,467.8000
1628490775949000,0,2.00000000,468.4100
1628490775949000,0,2.34180000,468.4200
1628491085235000,0,1.72526900,470.1900
1628491124785000,0,0.21640000,469.7100
1628491257813000,0,2.12788000,470.2700
1628491257886000,0,0.00000293,470.2700
1628491464016000,1,0.14240150,467.9900
1628491531040000,0,1.05950124,469.5700
1628491582025000,0,1.00000000,469.2900
1628492029603000,1,1.00000000,470.4000
1628492098419000,1,0.92983754,470.5100
1628492129622000,0,0.16450000,471.1600
1628492381561000,0,0.07900000,469.8200
1628492381571000,0,0.00089000,469.8200
1628492423677000,0,0.81597200,470.5100
1628492853467000,1,0.99633917,470.7600
1628492939066000,0,1.68642000,470.6700
1628492939130000,0,0.00000988,470.6700
1628493031604000,1,0.92862308,471.7400
1628493032012000,1,0.92862308,471.7400
1628493033471000,0,3.00000000,472.4200
1628493033603000,0,0.21006689,472.4200
1628493033603000,0,2.13573311,472.4300
1628493079720000,0,0.10000000,473.6000
1628493094183000,0,0.10000000,474.3300
1628493106461000,1,6.50000000,472.8000
1628493206896000,0,0.98382575,473.4700
1628493691249000,1,1.90000000,470.9700
1628493840205000,0,0.26700000,471.5000
1628493872467000,1,10.00000000,470.1300
1628493872991000,1,0.10000000,470.1100
1628494001533000,0,0.14330000,471.0700
1628494144250000,1,1.67000000,470.7700
1628494150728000,1,0.20000000,470.6100
1628494150728000,1,4.12260091,470.6000
1628494313191000,1,0.48207500,469.7500
1628494932077000,0,1.54120000,473.4000
1628494932522000,0,1.12000000,473.4000
1628494932632000,0,1.02130000,473.4000
1628494932930000,0,1.04000000,473.4000
1628494933183000,0,2.37750000,473.4000
1628494955854000,0,0.06748199,473.8500
1628495454809000,1,0.50000000,474.2500
1628495468933000,1,2.10784797,474.0800
1628495468933000,1,4.47709327,474.0700
1628495468933000,1,5.27003668,473.9400
1628495468933000,1,4.47413136,473.9200
1628495468933000,1,8.51974455,473.8300
1628495468933000,1,40.05602000,473.8100
1628495468933000,1,3.21200000,473.8100
1628495469064000,1,0.07900000,474.0800
1628495834111000,1,3.14019000,475.3200
1628495834430000,1,6.85981000,475.3200
1628496040563000,0,0.08000000,476.3800
1628496105269000,1,0.08000000,475.5200
1628496105281000,1,2.01958929,475.5200
1628496141424000,1,0.51095675,474.6600
1628496147256000,0,0.73625310,475.3800
1628496528983000,0,0.52965271,476.6400
1628496751623000,0,0.90000000,476.4900
1628497107729000,0,0.22340000,476.7900
1628497290330000,1,2.09810000,476.2000
1628498017688000,0,0.10000000,477.3000
1628498280881000,1,0.08818421,477.8200
1628498333380000,0,0.28562852,478.7700
1628498410212000,0,2.08961824,478.9000
1628498410212000,0,8.20793608,478.9200
1628498410212000,0,0.23406976,478.9900
1628498419419000,0,0.06169231,478.9600
1628498419591000,0,0.82000000,479.0000
1628498442277000,0,0.10000000,479.3000
1628498453966000,0,6.50000000,479.8800
1628498472976000,1,2.08491813,479.3000
1628498472976000,1,1.52217522,479.2900
1628498485749000,1,1.52210000,479.3000
1628498651282000,1,0.40000000,479.0300
1628498770749000,0,2.00000000,479.9700
1628498770907000,0,2.50000000,479.9700
1628498891148000,0,3.00000000,480.7000
1628498891203000,0,2.50000000,480.7000
1628498938814000,0,0.08000000,481.0900
1628499059439000,0,0.20673606,481.2900
1628499073466000,0,0.11430114,481.3600
1628499110486000,0,0.10050000,481.6600
1628499307312000,0,2.00000000,482.0300
1628499307312000,0,5.00000000,482.0400
1628499307312000,0,3.06927514,482.1600
1628499556050000,0,1.20531000,482.0000
1628499600498000,0,0.00000554,482.0000
1628499600498000,0,1.99999446,482.0000
1628499601261000,0,0.00000554,482.0000
1628499601261000,0,5.49999446,482.1200
1628499601340000,0,1.50000000,482.1200
1628499602199000,0,2.73198000,482.2300
1628499686694000,1,2.97080000,481.9000
1628499707705000,0,3.50000000,481.6000
1628499734385000,1,0.42369600,481.5100
1628499791298000,0,0.06811154,481.4900
1628499915634000,1,7.66495829,480.3700
1628500237321000,1,0.21005068,479.6900
1628500319000000,1,0.31372867,481.6600
1628500333096000,1,0.60000000,481.7900
1628500333275000,1,0.59000000,481.7900
1628500333373000,1,0.59000000,481.6300
1628500333394000,1,0.59000000,481.6300
1628500365148000,1,0.60000000,481.7600
1628500394042000,1,0.49846527,483.0500
1628500408083000,0,0.10000000,484.3000
1628500508042000,1,7.00000000,484.2800
1628500508099000,1,0.95085000,484.2800
1628500687731000,1,4.38778000,484.1000
1628500751335000,1,0.09900399,483.9700
1628500782217000,0,1.25370000,484.6200
1628500782247000,0,0.81212510,484.6200
1628500828970000,0,4.39000000,484.4000
1628500829011000,0,0.00235752,484.4000
1628500847779000,0,2.06000000,484.3000
1628500847969000,0,0.00657640,484.3000
1628500965721000,0,7.91000000,484.8300
1628500983665000,0,7.85000000,485.1300
1628500996455000,0,0.07497745,485.4000
1628500997002000,0,0.10000000,485.4400
1628500997024000,0,0.00691984,485.4400
1628501075927000,1,0.41107000,485.4800
1628501172498000,1,0.06021423,485.3000
1628501215468000,0,0.19940000,485.7400
1628501246603000,0,2.00000000,486.2900
1628501246939000,1,2.00000000,485.7100
1628501246939000,1,6.33287000,485.7000
1628501396692000,1,0.40122831,485.2700
1628501522111000,1,4.37974000,485.2300
1628501522168000,1,0.00000620,485.2300
1628501537299000,1,0.08000000,484.9300
1628501864837000,0,1.02130000,485.5400
1628501897030000,1,0.18600000,484.8600
1628502331659000,0,0.05999467,485.3900
1628503111900000,0,0.32780000,487.4000
1628503126304000,0,4.03607187,487.4000
1628503126304000,0,1.52742813,487.4800
1628503203125000,0,1.36650000,487.5000
1628503203506000,0,3.05124000,487.5000
1628503203577000,0,0.08000000,487.5000
1628503203614000,0,3.00000000,487.5000
1628503203679000,0,3.00000000,487.5000
1628503203740000,0,1.12600000,487.5000
1628503203814000,0,4.00000000,487.5000
1628503203851000,0,11.47127129,487.5000
1628503235084000,1,0.73625310,487.4600
1628503683387000,1,0.08000000,488.2000
1628503684950000,1,3.06944000,488.2000
1628503814158000,1,0.00000694,488.2000
1628504163656000,0,0.14123310,488.5900
1628504173573000,0,0.10158323,488.4200
1628504176358000,0,0.05118545,488.4200
1628504260111000,0,0.12790000,487.2900
1628504418981000,1,1.50000000,486.2200
1628504418981000,1,21.82457278,486.2100
1628504616721000,1,1.02470000,485.5300
1628504617582000,1,0.00001525,485.5300
1628504853420000,1,0.06300942,485.4300
1628505034827000,0,0.48579475,486.4400
1628505582958000,0,4.35962869,488.0700
1628505582958000,0,0.46684131,488.2100
1628505708584000,0,0.82000000,488.7500
1628505745170000,0,0.10000000,489.3000
1628505746643000,1,0.50000000,488.7600
1628505746643000,1,1.03550000,488.7500
1628505748390000,1,0.40791479,488.7600
1628505837386000,0,1.02490000,489.3100
1628506458478000,0,0.19728107,489.3800
1628506459475000,0,0.19728107,489.4700
1628506461595000,0,0.19728107,489.5300
1628506462714000,0,0.19728107,489.5300
1628506463686000,0,0.19728107,489.5300
1628506464684000,0,0.19728107,489.5300
1628506465703000,0,0.19728107,489.5300
1628506615881000,0,0.50000000,489.0700
1628506727522000,0,0.19830000,488.3000
1628506839721000,0,0.08000000,490.0000
1628506839729000,0,0.89708510,490.0000
1628506839951000,0,0.05229294,490.1000
1628506839951000,0,1.16420706,490.3600
1628506936972000,0,0.39530000,489.9500
1628507146664000,0,0.09900000,489.3500
1628507209937000,0,0.98832124,489.2300
1628507378222000,1,0.16083000,491.1600
1628507534554000,1,0.50000001,491.3600
1628507595155000,1,0.10000000,491.2000
1628507613506000,0,0.05167859,492.0000
1628507613506000,0,0.25647141,492.0000
1628507613579000,0,0.05167921,492.0000
1628507713833000,0,0.10000000,491.9100
1628507971414000,0,1.46880000,491.5100
1628508091868000,0,0.19690000,491.8300
1628508263285000,0,4.11571692,491.8900
1628508397237000,0,1.51657284,492.0700
1628508559997000,0,0.05915393,492.0100
1628508679029000,0,1.00000000,491.6400
1628509145792000,0,0.40700000,490.1100
1628509245019000,0,1.54840063,490.7100
1628509292191000,1,1.63565066,490.7000
1628509322397000,0,0.39706915,491.0600
1628509600500000,0,0.15000000,492.0200
1628509831869000,0,0.10443848,492.0600
1628509859605000,1,0.06075904,491.3100
1628509871137000,0,0.40096884,491.7100
1628509920273000,1,0.10427858,491.2700
1628510164127000,1,1.09000000,490.9100
1628510410702000,0,0.39330000,492.7100
1628510426054000,1,0.70000000,491.0500
1628510512768000,0,0.49230000,491.9500
1628510551706000,0,0.33110288,491.6300
1628510622846000,1,0.10000000,491.9000
1628510702330000,1,0.62000000,491.8300
1628510704318000,1,0.62000000,491.8300
1628510704420000,1,11.96006000,491.8300
1628510704598000,1,0.00000815,491.8300
1628510949384000,1,2.03680000,490.2300
1628510963689000,1,0.05652985,490.3000
1628511032103000,1,0.95020634,490.0900
1628511311287000,1,4.67573000,490.3500
1628511311309000,1,6.43270000,490.3500
1628511311344000,1,8.50000000,490.3500
1628511311363000,1,0.08000000,490.3500
1628511311396000,1,4.00000000,490.3500
1628511311448000,1,13.50000000,490.3500
1628511311534000,1,6.52417000,490.3500
1628511311637000,1,6.00000000,490.3500
1628511314972000,1,4.50000000,490.3500
1628511315422000,1,5.50000000,490.3500
1628511316204000,1,1.50000000,490.3500
1628511329936000,1,0.00000300,490.3500
1628511400114000,1,2.02199109,488.7800
1628511465473000,0,0.19790000,489.3100
1628511497678000,0,0.09900000,489.1500
1628511561169000,1,0.19999999,487.5600
1628511561205000,1,0.00000001,487.5600
1628511561382000,1,0.68704038,487.3100
1628511736230000,0,0.82000000,488.8700
1628512013266000,0,0.08000000,489.0000
1628512016824000,0,0.22000000,489.0000
1628512039286000,1,2.04322000,489.0000
1628512112808000,0,0.06911361,488.9000
1628512201185000,1,0.08000000,488.4900
1628512213272000,0,1.71008000,488.6700
1628512231647000,0,0.00000500,488.6700
1628512499324000,0,0.09900000,489.0100
1628512599976000,0,0.22547984,488.9300
1628512964920000,0,0.05970811,488.1300
1628513047274000,0,0.32970000,487.7800
1628513110738000,1,0.72920229,487.1900
1628513355243000,1,0.77821870,487.8700
1628513370967000,1,0.64000000,488.1100
1628513415082000,1,2.00000000,488.7200
1628513447971000,1,0.10000000,488.0200
1628514187981000,1,1.00000000,491.0000
1628514286012000,0,2.03912000,490.8900
1628514321841000,0,2.04059000,490.4800
1628514330950000,1,4.33620000,490.3200
1628514335999000,0,1.30000000,490.6100
1628514336181000,0,0.73985000,490.6100
1628514389042000,1,0.00002244,490.3200
1628514389042000,1,2.55337756,490.2100
1628514406573000,0,1.50000000,490.3500
1628514406926000,0,2.00000000,490.3600
1628514407140000,0,0.04174136,490.3600
1628514407140000,0,1.95825864,490.3600
1628514407202000,0,2.00000000,490.3600
1628514407264000,0,1.14586000,490.3600
1628514439800000,0,2.00000000,490.1600
1628514439869000,0,0.04207491,490.1600
1628514503330000,1,1.03055200,488.8400
1628514504812000,0,2.04650000,489.2200
1628514642881000,1,0.22280599,489.0000
1628515123031000,1,0.67000000,489.5300
1628515123051000,1,0.67000000,489.5300
1628515125462000,1,0.66000000,489.3900
1628515125619000,1,1.10000000,489.3900
1628515202401000,0,2.04000000,490.2300
1628515239132000,0,0.20092610,490.6300
1628515293615000,1,0.68000000,490.5300
1628515293877000,1,0.68000000,490.5300
1628515296823000,1,0.68000000,490.3900
1628515297895000,1,0.67000000,490.3900
1628515298399000,1,0.68000000,490.3900
1628515298642000,1,0.68000000,490.3900
1628515298680000,1,0.68000000,490.3900
1628515298708000,1,0.27440000,490.3900
1628515299043000,1,0.30000000,490.3900
1628515299075000,1,0.36689861,490.3900
1628515312373000,1,0.59000000,490.6000
1628515314058000,1,0.59000000,490.6000
1628515314174000,1,3.15153000,490.6000
1628515314327000,1,0.00000498,490.6000
1628515314327000,1,0.57999502,490.3900
1628515314346000,1,0.58000000,490.3900
1628515455424000,1,0.61000000,491.5000
1628515455451000,1,0.61000000,491.5000
1628515646780000,0,0.20832656,492.1600
1628515696524000,1,0.61000000,491.9800
1628515696676000,1,0.61000000,491.9800
1628515712564000,1,0.62000000,492.0100
1628515712664000,1,0.61000000,492.0100
1628515796572000,0,0.19999000,492.3000
1628515809855000,0,0.00000999,492.3000
1628515809855000,0,0.00000001,492.3000
1628515852548000,0,0.22169516,493.1000
1628515890760000,1,0.98992050,492.1500
1628515899379000,0,0.75649060,492.7200
1628516056206000,1,4.31000000,492.3800
1628516056337000,1,0.00534251,492.3800
1628516200440000,0,0.29520000,492.3500
1628516305649000,0,2.03100000,492.7800
1628516376321000,0,0.08000000,493.2500
1628516376542000,0,1.94860000,493.2500
1628516394920000,1,4.30432000,493.4700
1628516413850000,1,2.00000000,493.4500
1628516413850000,1,0.70532001,493.4400
1628516444019000,0,0.04252333,493.9700
1628516444019000,0,0.69747667,494.0000
1628516594619000,1,1.00000000,493.5000
1628516795571000,0,1.00000000,493.0700
1628516842595000,1,0.70000000,491.7000
1628517032047000,1,6.80000000,490.9400
1628517108302000,1,1.55720000,490.6100
1628517108349000,1,0.25000000,490.6100
1628517108686000,1,4.32637012,490.4300
1628517108686000,1,4.32941179,490.1100
1628517143913000,1,1.02880000,490.2400
1628517143917000,1,0.97120000,490.2400
1628517197155000,1,0.90000000,488.8300
1628517197155000,1,1.53521557,488.8200
1628517197180000,1,0.51434342,488.8200
1628517219299000,1,3.06977253,487.4200
1628517241916000,1,0.10404021,487.8500
1628517242131000,1,0.10436019,487.8500
1628517242603000,0,0.10209595,488.5600
1628517248423000,1,8.21000000,487.4200
1628517248528000,1,8.60000000,487.3600
1628517258202000,0,0.05099301,487.9100
1628517263766000,1,0.05145527,487.5300
1628517273616000,1,0.00105011,487.5300
1628517582123000,0,3.47000000,487.5100
1628517732803000,0,9.58000000,489.5200
1628517950074000,0,4.34000000,489.6700
1628517950089000,0,0.00623434,489.6700
1628517950225000,0,4.34000000,489.6700
1628517977149000,0,2.00000000,490.3800
1628517977523000,0,4.34284045,490.4200
1628517977584000,0,1.80000000,490.6900
1628517977584000,0,5.09942832,490.7000
1628517977584000,0,2.04015848,490.7000
1628517977584000,0,4.34087523,490.7400
1628517977584000,0,3.35953797,490.8400
1628517978115000,0,1.27420000,490.8300
1628517989726000,0,0.50000000,492.0000
1628518000704000,0,2.02000000,493.5500
1628518001050000,0,4.32000000,493.6300
1628518007372000,0,0.00252333,494.0000
1628518007372000,0,0.10000000,494.3000
1628518007372000,0,0.09747667,494.3000
1628518009597000,0,0.00252333,494.3000
1628518009597000,0,4.29747667,495.0500
1628518014618000,0,8.52000000,495.5800
1628518081425000,1,3.74270000,496.0800
1628518251130000,0,2.01838344,495.7400
1628518251130000,0,0.91191656,495.7500
1628518251263000,0,4.50000000,495.7500
1628518274236000,0,5.13000000,496.6900
1628518274305000,0,1.53060000,496.6900
1628518361767000,1,0.42000022,495.6400
1628518463620000,1,0.14444440,495.6300
1628518509348000,1,0.38976139,495.6900
1628518537737000,1,0.67000000,494.9300
1628518597265000,0,0.05970541,495.1700
1628518634261000,0,0.30000000,495.1700
1628518654822000,0,4.00837915,496.4700
1628518783715000,0,0.07320000,497.1300
1628518783942000,0,0.00000583,497.1300
1628518793586000,0,0.68600000,498.0000
1628518793707000,0,0.01400000,498.0000
1628518809285000,1,0.12200000,498.1700
1628518828103000,1,6.70000000,498.2500
1628518881718000,1,0.09205165,498.0000
1628518902371000,0,0.70000000,499.0000
1628518925583000,0,0.10000000,499.3000
1628518954398000,1,0.05562500,498.1900
1628518993837000,1,0.21065619,499.4300
1628518997147000,1,0.11600000,499.7500
1628519152211000,1,6.00008194,497.0700
1628519160286000,1,0.19160329,496.7200
1628519172925000,0,4.10318000,497.9400
1628519172989000,0,3.50000000,497.9400
1628519173056000,0,3.19682000,497.9400
1628519251293000,1,0.22656711,498.2100
1628519296012000,0,1.14944000,498.2000
1628519300487000,0,0.00000694,498.2000
1628519319117000,1,1.24070000,498.3600
1628519325222000,1,0.53000000,498.1800
1628519362476000,1,2.00000000,497.8400
1628519362476000,1,0.06046756,497.8300
1628519392653000,0,1.00000000,498.3000
1628519412410000,0,1.00000000,498.6900
1628519412442000,1,1.12430000,498.0700
1628519441921000,0,1.00000000,498.7000
1628519444830000,1,0.06932722,497.9700
1628519584358000,0,0.27310000,496.5500
1628519668681000,1,1.50670000,496.0400
1628519668741000,1,3.52651000,496.0400
1628519689366000,1,0.00000731,496.0400
1628519711542000,1,0.10000000,495.5600
1628519996393000,0,0.29160000,498.0900
1628520026066000,0,4.26628283,498.8000
1628520026066000,0,2.00000000,498.8600
1628520026066000,0,1.54446586,498.8800
1628520026068000,0,2.00519747,498.9900
1628520026068000,0,4.26843751,499.0200
1628520026219000,0,1.47410000,498.9600
1628520026235000,0,1.04850000,498.9600
1628520026470000,0,2.00405621,499.2900
1628520026470000,0,0.10000000,499.3000
1628520036376000,1,2.00000000,499.1100
1628520036485000,1,1.53100000,499.1000
1628520036505000,1,5.21975000,499.1000
1628520036583000,1,3.50000000,499.1000
1628520037626000,1,1.04040000,499.1100
1628520103286000,1,2.00000000,498.7000
1628520190226000,0,3.50000000,499.6200
1628520257044000,0,0.38780000,499.1600
1628520297588000,0,0.07770000,498.5400
1628520341594000,1,0.10570800,498.6100
1628520371486000,1,0.08000000,498.3500
1628520371523000,1,1.92498841,498.3500
1628520380439000,1,2.00498841,498.0100
1628520380439000,1,1.57003159,498.0100
1628520380520000,1,3.44264000,498.0100
1628520380854000,1,0.00001825,498.0100
1628520380936000,1,13.03426000,497.9900
1628520381410000,1,2.00498000,497.9900
1628520422357000,1,2.00498000,497.7900
1628520422527000,1,0.00000841,497.7900
1628520422527000,1,0.51313159,497.7800
1628520478455000,1,0.06037817,497.2900
1628520596166000,1,0.40000000,496.6600
1628520642997000,0,3.50000000,496.5800
1628520753090000,0,0.27250000,497.4700
1628521056439000,0,2.95047000,497.3900
1628521082211000,0,0.00000312,497.3900
1628521127553000,1,0.10314890,498.1600
1628521197057000,1,0.05986377,496.8400
1628521198065000,1,0.05986377,496.8400
1628521199089000,1,0.05986378,496.8300
1628521200112000,1,0.05986377,496.5900
1628521320260000,1,0.05315530,498.3700
1628521437951000,0,6.50050000,499.7000
1628521501613000,1,2.05627575,500.3100
1628521508657000,1,0.46529272,500.3100
1628521576646000,1,4.24994000,500.4900
1628521576648000,1,0.00000591,500.4900
1628521590472000,0,1.99873000,500.9100
1628521590633000,0,0.00000680,500.9100
1628521612556000,0,0.70000000,501.0000
1628521677869000,1,3.11000000,501.0000
1628521677969000,1,0.00806387,501.0000
1628521779581000,1,0.75000000,501.0300
1628521907026000,0,0.10117278,501.6700
1628521920262000,0,0.10117278,501.9600
1628522009285000,1,0.50690872,501.8500
1628522054450000,1,4.24268813,501.2400
1628522067494000,1,4.24065000,501.4400
1628522143256000,0,0.08000000,502.2200
1628522143261000,0,1.91257169,502.2200
1628522176743000,1,4.11000000,501.6500
1628522230449000,0,6.70000000,502.2200
1628522273390000,1,4.14846346,502.2900
1628522274047000,1,0.08296927,502.2900
1628522277860000,1,0.00169325,502.2900
1628522277860000,1,4.22830675,502.2900
1628522277884000,1,0.00481923,502.2900
1628522278010000,1,4.23000000,502.2900
1628522283278000,1,0.00312598,502.2900
1628522283278000,1,4.14864590,502.2900
1628522293046000,0,0.19270000,502.6900
1628522328791000,0,0.70000000,503.0000
1628522328791000,0,0.35080000,503.0000
1628522329047000,0,0.64722977,503.0000
1628522329067000,0,0.00197023,503.0000
1628522330724000,0,1.59000000,503.2000
1628522339183000,1,3.02060000,503.4900
1628522339299000,1,0.08000000,503.4900
1628522400264000,0,0.05077997,504.6700
1628522400264000,0,1.87263553,504.8000
1628522445390000,1,4.21000000,504.2900
1628522477724000,0,1.78174537,504.6500
1628522480099000,1,4.21000000,504.4000
1628522480204000,1,0.00561969,504.4000
1628522480456000,1,4.21561000,504.4000
1628522490132000,1,4.21000000,504.0600
1628522499895000,0,1.96731433,504.4900
1628522520268000,0,1.96158343,504.6700
1628522547432000,1,0.09964500,504.2900
1628522547432000,1,0.09964500,504.2900
1628522553468000,1,4.21000000,504.2300
1628522553489000,1,0.00593439,504.2300
1628522566943000,0,0.10527489,504.4000
1628522624779000,0,1.98675234,503.7300
1628522624779000,0,1.07276367,503.7300
1628522695766000,0,0.19745547,502.6300
1628522700352000,1,4.14826594,502.3000
1628522755242000,0,0.15410000,502.8000
1628522760940000,0,0.08000000,502.8200
1628522789272000,1,4.22000000,502.5900
1628522789298000,1,0.00967496,502.5900
1628522831295000,1,0.23000001,502.5700
1628522843266000,0,0.15400000,503.1300
1628522880007000,1,4.22000000,502.4800
1628522906519000,0,2.00000000,502.9600
1628522906519000,0,4.23107222,502.9800
1628522906614000,1,4.23107222,503.0000
1628522906891000,0,1.98786233,503.6100
1628522906891000,0,1.56853767,503.6100
1628522906943000,0,1.70700000,503.6100
1628522907004000,0,1.24250000,503.6100
1628522907066000,0,0.45145635,503.6100
1628522908242000,0,1.78530000,504.0700
1628522908330000,0,3.21470000,504.0700
1628522950666000,0,6.00000000,505.0000
1628522950666000,0,0.50000000,505.0000
1628522950666000,0,30.00000000,505.0000
1628522954632000,0,4.50000000,505.9400
1628522976102000,1,1.20000000,506.1800
1628522986924000,1,1.97389718,506.3000
1628522986951000,1,3.71590000,506.2300
1628522987001000,1,1.03600000,506.2300
1628522987013000,1,0.18247129,506.2300
1628522987013000,1,5.97642871,506.0900
1628522987209000,1,1.97363227,506.2400
1628522987209000,1,2.96073773,506.2400
1628522987239000,1,1.04230000,506.2400
1628522987286000,1,0.93127499,506.2400
1628522987882000,1,1.97363227,505.6500
1628522987882000,1,3.02636773,505.6400
1628522987987000,1,0.08000000,505.6400
1628522988079000,1,1.89363000,505.6400
1628523295138000,1,0.08815573,505.3200
1628523404054000,0,0.90000000,507.0000
1628523404721000,0,0.08000000,507.3900
1628523802981000,0,0.11470000,506.7900
1628523809875000,1,0.46386315,506.2500
1628523859598000,0,0.19634928,506.7500
1628523986747000,0,0.25160000,506.6300
1628524285764000,0,0.12000000,508.0000
1628524286024000,0,0.00998079,508.0000
1628524320326000,1,1.22897102,508.2100
1628524333426000,0,2.67820000,508.2100
1628524333428000,0,0.00006681,508.2100
1628524345093000,0,0.11177268,508.8900
1628524372591000,0,1.96697837,508.8600
1628524372591000,0,5.72192902,508.9700
1628524372984000,0,4.91621518,508.9900
1628524373040000,1,1.96623580,508.9900
1628524373123000,0,0.81157526,509.0000
1628524375154000,0,2.00000000,509.0200
1628524392203000,0,0.05805273,509.8100
1628524440236000,1,0.83198884,509.5800
1628524469283000,1,0.04967408,509.6100
1628524485794000,1,0.08000000,509.6100
1628524500903000,0,4.67611428,510.0000
1628524500903000,0,0.39998572,510.0000
1628524758962000,0,0.00001428,510.0000
1628524851945000,1,1.90000000,509.0700
1628524961999000,1,19.57011000,507.1900
1628524962211000,1,32.02479000,507.1900
1628525027835000,0,1.93737177,506.8300
1628525287647000,0,1.98910000,510.7300
1628525307461000,0,0.08000000,510.5600
1628525328455000,1,1.95809673,510.3600
1628525328455000,1,4.89400327,510.3600
1628525339052000,1,1.95772000,510.4500
1628525475701000,1,1.96324000,507.8000
1628525475745000,1,0.00000800,507.8000
1628525476827000,0,0.99080000,508.5200
1628525515962000,1,1.00000000,505.4000
1628525515962000,1,2.50000000,505.3900
1628525577428000,0,0.62349895,506.0300
1628525663984000,0,0.40641104,507.0000
1628525670036000,1,1.68520000,506.5100
1628525670955000,1,1.97195173,506.4000
1628525670955000,1,4.72804827,506.3900
1628525671085000,1,1.97195173,506.3900
1628525671085000,1,0.52804827,506.2700
1628525671224000,1,0.76500000,506.2700
1628525683696000,1,3.26500000,506.3900
1628525761782000,0,0.59358000,507.0000
1628525766329000,0,0.00000896,507.0000
1628525823733000,1,4.19190000,507.3200
1628525838655000,0,1.00000000,507.5000
1628525838659000,0,0.00000004,507.5000
1628525878225000,1,4.19102000,507.5300
1628525880263000,0,0.09473414,507.7800
1628525887834000,1,0.00000024,507.5300
1628525893763000,1,0.04137686,507.1100
1628525898489000,1,4.19183000,507.4500
1628525924646000,1,0.00000968,507.4500
1628525931022000,1,0.08000000,507.0000
1628525931024000,1,19.54571992,507.0000
1628526169389000,1,0.10443848,507.8000
1628526429192000,0,2.00000000,506.7800
1628526429192000,0,7.90997783,506.7900
1628526429192000,0,5.44687819,506.8100
1628526552437000,1,4.20810000,505.3800
1628526552450000,1,0.00002679,505.3800
1628526552501000,1,2.00000000,505.2600
1628526552631000,1,0.96137146,505.2300
1628526552700000,1,1.01623596,505.2300
1628526552984000,1,1.08960000,505.0100
1628526603667000,1,0.10238305,504.1400
1628526603879000,1,0.09977791,504.1400
1628526604084000,1,0.10209595,504.1400
1628526647288000,1,4.21032000,505.2000
1628526647553000,1,0.00000585,505.2000
1628526647553000,1,4.76492415,505.1700
1628526647630000,1,1.83507000,505.1700
1628526709594000,0,3.11800000,505.6000
1628526717304000,0,0.00006387,505.6000
1628526726298000,0,0.06000000,505.8800
1628526726298000,0,0.02000000,505.8800
1628526745594000,1,0.21000000,505.6500
1628526864479000,0,0.40000000,505.6500
1628526919786000,1,1.26705100,504.7000
1628526996549000,0,0.40000000,504.7000
1628527022651000,0,0.06322983,505.3200
1628527094897000,1,0.82339152,504.9700
1628527181471000,0,0.99810000,505.1600
1628527316562000,1,1.97736315,505.4000
1628527325624000,0,0.38320000,505.4300
1628527577615000,0,3.05810000,505.3700
1628527578723000,0,0.14190000,505.3700
1628527599267000,0,0.04000000,505.8800
1628527599267000,0,0.30000000,505.9000
1628527633038000,1,3.60000000,505.7700
1628527657216000,1,0.59915075,506.5000
1628527670658000,0,0.40000000,507.0000
1628527957515000,1,0.40000000,507.6000
1628527971556000,1,0.40000000,507.8300
1628527997083000,1,0.30000000,508.2100
1628528025901000,0,0.40000000,508.4000
1628528040819000,1,1.96550000,508.3500
1628528139975000,1,0.40000000,508.8200
1628528187289000,1,0.20808934,508.6100
1628528738782000,1,1.22098491,508.8800
1628528978106000,1,0.50000000,507.1300
1628529102404000,1,3.74450000,507.1200
1628529398716000,1,4.19802000,506.2600
1628529480477000,1,1.97457000,506.1200
1628529480833000,1,1.97532000,505.9300
1628529480885000,1,0.00000401,505.9300
1628529481011000,1,1.97532401,505.7300
1628529589378000,1,4.19836000,506.6600
1628529589542000,1,0.00000815,506.6600
1628529589704000,1,1.97321000,506.4300
1628529590031000,1,1.97438000,506.1400
1628529590114000,1,0.00000991,506.1400
1628529590465000,1,1.97438000,505.9700
1628529608892000,1,1.97557000,505.8300
1628529609253000,1,1.97557000,505.7100
1628529609473000,1,1.97557872,505.4800
1628529645925000,1,4.21369000,504.7700
1628529646151000,1,0.00000528,504.7700
1628529646151000,1,1.97908504,504.6700
1628529646151000,1,0.60000000,504.6300
1628529646151000,1,4.20977357,504.6200
1628529646151000,1,6.60000000,504.5900
1628529646151000,1,1.61113611,504.4800
1628529680818000,1,4.20852000,505.3600
1628529717147000,1,1.97899000,504.9800
1628529717517000,1,1.52870000,504.8200
1628529717569000,1,3.41726875,504.8200
1628529717725000,1,12.86302000,504.7000
1628529718604000,1,1.98061000,504.2900
1628529718759000,1,0.00000886,504.2900
1628529718759000,1,1.97867114,504.1300
1628529904682000,0,9.82850000,504.4000
1628529904682000,0,55.17150000,504.4000
1628530194574000,1,1.03500782,505.0000
1628531025965000,0,0.21090000,505.1300
1628531293385000,1,0.20107789,504.1000
1628531418804000,0,0.06225372,504.7700
1628531533866000,1,0.08000000,503.6400
1628531534214000,1,1.98471011,503.3300
1628531534214000,1,2.12268989,503.3300
1628531534236000,1,2.17510000,503.3300
1628531534407000,1,0.66417833,503.3300
1628531534407000,1,0.77082167,503.1700
1628531859124000,0,0.09610000,504.0300
1628531895155000,1,1.98343781,503.8500
1628531895155000,1,3.88563209,503.8400
1628531942889000,0,0.09610000,503.9000
1628531982606000,1,1.98706000,502.9500
1628531982843000,1,0.00000921,502.9500
1628531982852000,1,4.96786000,502.7400
1628531983360000,1,6.70000000,502.3400
1628531983536000,1,1.98706921,502.1900
1628531983536000,1,4.97296079,502.1900
1628531985316000,1,1.98706000,501.6600
1628531985489000,1,0.00000921,501.6600
1628531985489000,1,4.97297428,501.3900
1628531985489000,1,8.02701651,501.3900
1628531985538000,1,4.88943000,501.3900
1628531987661000,0,1.99360000,502.2400
1628532107001000,0,0.99463423,503.1900
1628532444120000,0,6.70000000,504.4400
1628532444120000,0,4.22029426,504.4600
1628532474362000,1,0.11000000,503.7500
1628532474388000,1,0.00235800,503.7500
1628532839918000,1,0.31317300,504.8500
1628533342460000,1,0.10000000,506.5600
1628533435709000,0,4.19819286,507.0700
1628533435709000,0,1.78671336,507.1000
1628533508272000,0,0.05885020,507.2200
1628533559294000,1,1.32316358,506.4900
1628533679393000,1,1.97466000,506.0000
1628533716894000,0,4.20260000,506.5700
1628534000589000,0,0.10000000,507.7400
1628534064181000,1,1.97076696,507.1000
1628534064181000,1,0.50000000,507.1000
1628534064181000,1,4.19256879,507.0900
1628534064181000,1,4.33666425,507.0600
1628534066729000,0,0.08000000,507.5700
1628534156990000,0,2.00000000,507.7700
1628534274528000,1,0.24415600,507.2300
1628534352626000,0,0.84000000,507.8700
1628534352727000,1,0.05172412,507.4000
1628534355441000,0,4.17660000,508.0000
1628534355529000,0,1.13550000,508.0000
1628534358510000,0,0.00000843,508.0000
1628534480690000,1,3.08230000,509.0000
1628534480871000,1,0.00009685,509.0000
1628534480871000,1,4.17800315,508.8300
1628534514955000,0,1.00000000,509.4600
1628534543358000,0,0.07349871,509.8200
1628534551078000,0,0.00149997,509.8200
1628534576653000,1,3.65933000,509.9000
1628534576987000,1,1.95993000,509.8100
1628534577168000,1,1.95952000,509.7300
1628534585008000,1,1.90000000,509.4400
1628534686945000,1,0.15000000,508.7100
1628534791146000,1,0.10013327,508.5600
1628534843829000,0,0.07150000,508.6800
1628534880273000,1,0.33512817,508.3100
1628534940130000,0,0.99100000,508.7100
1628534953918000,0,0.05710000,508.7200
1628534981182000,0,0.34290000,508.4300
1628535019266000,1,0.19848902,507.6000
1628535563579000,0,0.99520000,506.7400
1628535566702000,0,0.11781189,506.7400
1628536042612000,0,0.17091131,506.5200
1628536080857000,0,1.90530000,507.2600
1628536080933000,0,0.00001252,507.2600
1628536080933000,0,5.86278748,507.2700
1628536082283000,0,6.50000000,507.2700
1628536082355000,0,5.00000000,507.2700
1628536082440000,0,1.05220000,507.2700
1628536082441000,0,11.00000000,507.2700
1628536082587000,0,17.50000000,507.2700
1628536382356000,0,0.09809242,508.5000
1628536435126000,1,1.50027078,508.1500
1628536490772000,0,0.06840628,509.2300
1628536502342000,0,1.96401000,509.5300
1628536502386000,0,0.00000145,509.5300
1628536553639000,1,0.89325902,510.3100
1628536785915000,1,0.05986993,509.5000
1628536877979000,0,0.13100000,510.1000
1628537002068000,0,0.09736986,510.0500
1628537003091000,0,0.09736987,510.0500
1628537767388000,0,0.92500000,507.7600
1628537811050000,0,4.19595416,507.7200
1628537811100000,1,16.14456000,507.7900
1628537811155000,1,10.50160000,507.7900
1628537811177000,1,2.08170385,507.7900
1628537811206000,1,47.94000000,507.7900
1628537811220000,1,3.85618199,507.7900
1628537811721000,0,3.00000000,507.9500
1628537811780000,0,1.22000000,507.9500
1628537855134000,0,1.96659000,508.8000
1628538043048000,0,0.09500000,509.5500
1628538125296000,1,0.33300000,509.0100
1628538128467000,0,1.70000000,509.5300
1628538128467000,0,21.18000000,509.5400
1628538128467000,0,4.08546061,509.5500
1628538128467000,0,0.84000000,509.7000
1628538128467000,0,1.96307842,509.7100
1628538128467000,0,6.60000000,509.7200
1628538128467000,0,8.41619148,509.7600
1628538128467000,0,6.75665308,509.8200
1628538145657000,0,5.00000000,509.5400
1628538184275000,0,3.92293945,509.2100
1628538234647000,0,0.95150000,508.9000
1628538493749000,1,0.08104595,508.0100
1628538498316000,0,1.00000000,508.0000
1628538512281000,0,0.28580000,508.3600
1628538687924000,1,0.14384950,506.4300
1628538693259000,1,0.15165670,506.4400
1628538698451000,1,0.10348660,506.4400
1628538704022000,1,0.10526210,506.4400
1628538752986000,1,1.97845266,506.2600
1628538794432000,0,0.19130000,506.2500
1628538867290000,1,0.09366940,505.4100
1628538871656000,1,8.10021630,505.0500
1628538871656000,1,4.20804199,505.0300
1628538871656000,1,0.09174171,505.0000
1628538879141000,1,0.00825829,505.0000
1628538931323000,1,0.10896549,504.2000
1628538938578000,0,1.96873825,505.4100
1628538971772000,0,0.42847536,505.4000
1628538992411000,0,0.38320000,505.4100
1628539006159000,0,5.31341000,505.4100
1628539006275000,0,10.00000000,505.4100
1628539006352000,0,3.51465000,505.4100
1628539010164000,1,1.42868198,505.1000
1628539102171000,0,0.00000175,505.4100
1628539156895000,0,0.38200000,507.0300
1628539278753000,0,4.19000000,507.3500
1628539295420000,1,0.20377695,507.4000
1628539318011000,0,21.18000000,508.6900
1628539318011000,0,0.30000000,508.7000
1628539346550000,1,1.96489000,508.5700
1628539346719000,1,1.96489904,508.5500
1628539376204000,0,0.30000000,508.9000
1628539377720000,0,4.00000000,509.1900
1628539377730000,0,7.84360000,509.1900
1628539377779000,0,0.13640000,509.1900
1628539377835000,0,0.40000000,509.2000
1628539430199000,0,1.00000000,510.0500
1628539518051000,0,0.10000000,510.7100
1628539518051000,0,0.18440000,510.8200
1628539617833000,0,0.05977644,511.4000
1628539785727000,0,0.37500000,511.1500
1628539800287000,1,0.38964279,510.5500
1628539880078000,0,0.19292919,511.3000
1628539981644000,1,0.05100000,510.5000
1628540120244000,0,4.17000000,510.4900
1628540135147000,0,4.50000000,510.9600
1628540215727000,1,1.38893948,511.1400
1628540353546000,0,0.09470000,511.4400
1628540444903000,1,0.40000000,510.3900
1628540444903000,1,1.60000000,510.3900
1628540575657000,1,0.19754722,510.1200
1628541007430000,1,3.27310000,507.6200
1628541007702000,1,4.18800000,507.4600
1628541007844000,1,0.00002509,507.4600
1628541007844000,1,1.30967491,507.3400
1628541007845000,1,0.65961209,507.3400
1628541044049000,0,0.89410477,506.1000
1628541047051000,1,0.90000000,504.9300
1628541047051000,1,8.15701057,504.9100
1628541047051000,1,3.30298943,504.9000
1628541057945000,0,0.12320578,505.0000
1628541068013000,0,0.12322918,505.0100
1628541071814000,0,0.39636140,504.5900
1628541136247000,1,3.69000000,502.8400
1628541136358000,1,0.54020089,502.8400
1628541136358000,1,2.72148045,502.6300
1628541154322000,0,1.80000000,501.3600
1628541154333000,0,1.99760000,501.3700
1628541154441000,0,0.00004278,501.3700
1628541155323000,0,3.07580000,501.6100
1628541159983000,0,0.09650000,501.5900
1628541328548000,1,4.26000000,499.3800
1628541329260000,1,0.00048570,499.3800
1628541329260000,1,0.51479459,499.3200
1628541331872000,1,1.48534000,499.3200
1628541335913000,1,0.00000942,499.3200
1628541335913000,1,12.99999058,499.1000
1628541340797000,1,0.00626088,499.1000
1628541447143000,1,4.25336000,500.1400
1628541480307000,1,0.08735221,500.4800
1628541652764000,0,3.67000000,501.5800
1628542356212000,1,0.30000000,500.1000
1628542402674000,1,4.25000000,499.7100
1628542440262000,1,0.31712050,500.3300
1628542501139000,0,0.38700000,500.2500
1628542518212000,1,4.25260716,500.2300
1628542791124000,0,2.00000000,498.7200
1628542791124000,0,5.11226494,498.7600
1628542951378000,1,1.96873825,501.0000
1628542974847000,1,2.00000000,500.6300
1628543004575000,0,0.80000000,500.0200
1628543015200000,1,0.95258853,500.0900
1628543372375000,1,0.30764485,499.6700
1628543508285000,1,0.10000000,500.1300
1628543508285000,1,0.05161105,500.1200
1628543509303000,1,0.15000000,500.1200
1628543510314000,1,0.15000000,499.9500
1628543511343000,1,0.15000000,499.9600
1628543512367000,1,0.15000000,499.9500
1628543513404000,1,0.15000000,499.9500
1628543514413000,1,0.15000000,499.9500
1628543515486000,1,0.15000000,499.9500
1628543516456000,1,0.15000000,499.9500
1628543517508000,1,0.15000000,499.9500
1628543670412000,1,8.00373770,497.5600
1628543670412000,1,4.27407112,497.5400
1628543670412000,1,48.25570000,497.5200
1628543671019000,1,0.12984777,497.1400
1628543758372000,1,4.27000000,497.5800
1628543758406000,1,0.00381758,497.5800
1628543773222000,1,3.88000000,497.4100
1628543792782000,1,0.00665789,497.4100
1628543844026000,1,0.08000000,496.3200
1628543944708000,1,0.76530204,497.4000
1628544075656000,0,0.05820000,499.6800
1628544170962000,1,0.23748243,497.2500
1628544234592000,1,0.08130319,496.5200
1628544653155000,0,0.29120000,498.9100
1628544881151000,0,1.00790000,500.6900
1628545993143000,1,0.41733300,500.6900
1628546246856000,0,1.99557780,501.5400
1628546246856000,0,1.52332220,501.5600
1628546470016000,1,0.89928391,503.0000
1628546491523000,1,0.12381581,503.9000
1628546494841000,1,0.39813672,504.1700
1628546494842000,1,0.76456270,504.1700
1628546819163000,0,0.04958644,501.1500
1628547443009000,0,4.23451000,502.8600
1628547443065000,0,0.00000339,502.8600
1628547485814000,1,1.98623000,503.0300
1628547485974000,1,0.00000144,503.0300
1628547486327000,1,1.98623144,502.9400
1628547486327000,1,3.01376856,502.9300
1628547486471000,1,1.98623144,502.9300
1628547486471000,1,4.96472943,502.9200
1628547571834000,1,0.05892079,503.0500
1628547659374000,0,2.00000000,504.1000
1628547659374000,0,3.76097984,504.1100
1628547726012000,0,4.22000000,503.9200
1628547727931000,0,0.00290119,503.9200
1628547727931000,0,4.21709881,503.9200
1628547727976000,0,0.00580238,503.9200
1628547750109000,1,1.98279725,503.7500
1628547752278000,1,1.98353000,503.6100
1628547752398000,1,0.00000665,503.6100
1628547752398000,1,3.49999335,503.6000
1628547752458000,1,1.45880000,503.6000
1628547752506000,1,0.00000883,503.6000
1628547752574000,1,2.00000000,503.5900
1628547767873000,1,1.98353665,503.4600
1628547810113000,1,1.98400000,503.4400
1628547810220000,1,0.00000102,503.4400
1628547810220000,1,3.32194898,503.4300
1628547810270000,1,1.63929000,503.4300
1628547949797000,1,1.98308822,503.4900
1628547949797000,1,3.01691178,503.4900
1628547949933000,1,1.94215000,503.4900
1628547949949000,1,0.00001583,503.4900
1628547956416000,1,1.98434000,503.2300
1628547956475000,1,0.00000747,503.2300
1628547970009000,1,1.98569000,502.9600
1628547970126000,1,0.00000507,502.9600
1628547970316000,1,4.96110000,502.9400
1628548042114000,1,1.98559255,503.0400
1628548042114000,1,4.96420745,503.0400
1628548082935000,1,1.98628000,502.6500
1628548097982000,1,0.00000672,502.6500
1628548097982000,1,4.96902328,502.6000
1628548098518000,1,1.98824000,502.6000
1628548101645000,1,1.98847000,502.4600
1628548101905000,1,0.00000495,502.4600
1628548101905000,1,0.22566432,502.2900
1628548104439000,1,1.98896000,502.2900
1628548213074000,1,0.10147170,502.4900
1628548224505000,1,0.27984500,502.7200
1628548253525000,1,4.11665000,502.8300
1628548253585000,1,8.79396513,502.8300
1628548253585000,1,4.96512496,502.8300
1628548253585000,1,1.98596324,502.8300
1628548296928000,1,1.98508802,503.0500
1628548296928000,1,3.01491198,503.0500
1628548297037000,1,1.25495000,503.0500
1628548297189000,1,0.69402081,503.0500
1628548297189000,1,12.90734729,503.0500
1628548303383000,1,1.98644455,502.8100
1628548421200000,1,1.98440000,503.2200
1628548422950000,1,0.00000260,503.2200
1628548512209000,1,1.98509000,503.0600
1628548512398000,1,0.00000590,503.0600
1628548513472000,1,1.53051000,502.8300
1628548731922000,0,0.08000000,503.4600
1628548747822000,0,0.09197137,503.6300
1628548806705000,0,0.81670000,504.0000
1628548830185000,1,1.98517000,503.3300
1628548832117000,0,0.27775760,503.5500
1628549065836000,0,4.21950000,504.4400
1628549096784000,1,1.98030782,504.2400
1628549161245000,0,1.20380000,504.2700
1628549161323000,0,1.05260000,504.2700
1628549161396000,0,1.01070000,504.2700
1628549182250000,0,2.26000000,504.9700
1628549182403000,0,1.69658183,504.9700
1628549182518000,0,4.21805665,505.2000
1628549197020000,1,1.97709730,505.1500
1628549197020000,1,1.99999270,505.1500
1628549197267000,1,2.94381000,505.1500
1628549222452000,0,4.21000000,505.2800
1628549222640000,0,0.00293134,505.2800
1628549388367000,0,1.21930000,506.2700
1628549402359000,1,1.97373355,506.1700
1628549415363000,0,0.41161148,506.4500
1628549497647000,0,1.91000000,505.5800
1628549497679000,0,2.30170995,505.5800
1628549535374000,0,4.20902000,505.7600
1628549546006000,0,0.00000220,505.7600
1628549546006000,0,0.05842472,505.9100
1628549816020000,1,1.02995928,504.6400
1628550283205000,0,0.86060000,506.7900
1628550304834000,1,0.12347889,506.5300
1628550502627000,1,2.00000000,506.0300
1628550502627000,1,15.61000000,506.0200
1628550502643000,1,22.93865000,506.0200
1628550509638000,0,2.00000000,506.3700
1628551016200000,1,0.77571946,507.0600
1628551111418000,0,0.05720000,507.5700
1628551231993000,1,4.19610000,507.1400
1628551232038000,1,0.00000245,507.1400
1628551597325000,1,1.97364000,506.3500
1628551666221000,1,4.12398951,505.6900
1628551667938000,1,0.08247979,505.6900
1628551695747000,1,0.00168326,505.6900
1628551765839000,1,3.13446000,505.9900
1628551822486000,0,0.47850000,505.9900
1628551908793000,1,4.21150000,505.3900
1628551908814000,1,0.00002050,505.3900
1628551908967000,1,3.26000000,505.1100
1628551952233000,1,2.98027335,503.9900
1628551982891000,0,1.98443000,504.2200
1628551984314000,0,0.12560000,504.4400
1628552000393000,1,4.22000000,503.8800
1628552000421000,1,0.00376715,503.8800
1628552000489000,1,1.10000000,503.7400
1628552000489000,1,2.16500000,503.7100
1628552290784000,1,0.07643287,502.7500
1628552577723000,0,0.07700000,503.2000
1628552656308000,1,4.23000000,502.2400
