timestamp ms,type,amount,price
1628640116298000,0,0.10000000,504.4000
1628640193217000,0,1.97363227,507.0300
1628640243703000,1,8.90000000,505.5900
1628640243791000,1,24.85000000,505.5900
1628640244120000,1,13.25000000,505.5900
1628640386638000,1,3.00000000,506.5000
1628640793457000,0,0.57000000,506.8200
1628640793629000,0,2.52000000,506.8200
1628640800848000,0,1.12000000,506.8200
1628640821330000,0,4.21000000,507.3200
1628640824876000,0,0.00239511,507.3200
1628640824876000,0,4.20760489,507.3200
1628640830874000,0,0.08000000,507.5000
1628642148930000,1,1.96000000,507.0100
1628642149446000,1,0.00995426,507.0100
1628642639567000,0,0.05700000,508.7800
1628642701385000,1,2.00000000,509.1600
1628642741167000,0,2.00000000,509.9600
1628642741167000,0,1.68019920,509.9700
1628642742816000,0,2.45596187,509.9700
1628642745470000,0,0.04911924,509.9700
1628642751495000,0,0.00100243,509.9700
1628642751495000,0,2.10763394,509.9700
1628642756486000,0,2.03707582,509.9700
1628642758756000,0,0.04157298,509.9700
1628642758756000,0,0.29201643,510.0200
1628642761141000,0,4.10255709,509.9700
1628642761878000,0,0.08205114,509.9700
1628642766527000,0,0.00167451,509.9700
1628642766527000,0,4.18628274,509.9700
1628642766527000,0,0.20000000,510.1400
1628642766527000,0,7.99841312,510.1500
1628642766527000,0,3.85802881,510.1600
1628642768451000,0,4.18628274,509.9700
1628642768451000,0,11.85644000,510.1400
1628642768451000,0,0.00403353,510.1600
1628642771731000,0,4.18628274,509.9700
1628642771731000,0,0.23720947,510.1600
1628642774888000,0,0.08846984,510.1600
1628642776495000,0,0.00180551,510.1600
1628642776495000,0,4.10572011,510.1600
1628642777491000,0,0.08382705,510.1600
1628642777491000,0,0.84000000,510.2700
1628642777491000,0,4.08568338,510.3400
1628642778716000,0,0.10019021,510.3400
1628642780912000,0,0.00204470,510.3400
1628642780912000,0,4.18791829,510.3400
1628642780912000,0,24.41620074,510.5800
1628642780984000,1,2.00000000,510.3500
1628642781799000,0,2.14415992,510.3400
1628643033559000,0,4.17000000,510.8500
1628643033600000,0,0.00943015,510.8500
1628643080763000,0,4.17730000,511.0200
1628643139485000,1,6.50000000,510.6800
1628643168975000,1,0.08000000,509.9600
1628643298370000,0,4.18000000,510.2000
1628643298417000,0,0.00445459,510.2000
1628643345091000,0,4.18000000,510.1000
1628643373738000,0,4.18000000,509.9100
1628643685419000,0,4.19000000,509.0400
1628643914964000,0,4.19000000,509.5000
1628643915164000,0,0.00071945,509.5000
1628643915965000,0,4.19000000,509.5000
1628643916035000,0,0.00071945,509.5000
1628643939343000,0,4.19000000,509.5100
1628643939398000,0,0.00088909,509.5100
1628643958753000,0,4.18000000,509.6800
1628643958955000,0,0.00921188,509.6800
1628643973328000,0,1.00000000,510.0000
1628643973581000,0,4.18000000,510.0200
1628644228726000,0,1.00000000,510.0000
1628644228726000,0,1.03000000,510.0000
1628644228754000,0,0.03146419,510.0000
1628644383119000,0,0.08000000,510.1400
1628644390604000,0,0.57000000,510.1400
1628644390645000,0,0.35000000,510.1400
1628644587495000,1,5.00000000,510.4600
1628644696149000,1,5.00000000,511.1600
1628644696251000,1,5.00000000,511.1300
1628644788476000,0,4.17000000,511.4000
1628644801024000,0,0.00414720,511.4000
1628644801024000,0,4.17585280,511.5600
1628644801220000,0,0.00217219,511.5600
1628644973445000,0,4.17000000,511.5600
1628644973470000,0,0.00264563,511.5600
1628645115716000,0,4.17000000,511.5500
1628645115754000,0,0.00287873,511.5500
1628645133119000,0,0.20000000,511.5600
1628645133152000,0,3.97269350,511.5600
1628645133381000,0,3.97000000,511.5600
1628645147116000,0,4.17000000,511.5200
1628645152302000,0,0.00305713,511.5200
1628645152302000,0,4.16694287,511.5200
1628645388408000,1,7.92000000,511.4300
1628645404511000,0,4.16000000,511.9900
1628645413174000,0,4.17123845,512.2200
1628645414703000,0,4.17123000,512.2200
1628645414978000,0,1.30210000,512.3900
1628645612381000,1,2.28680000,511.7300
1628645675100000,1,0.10215360,511.0500
1628645881008000,0,4.17000000,510.8200
1628645905442000,1,6.60000000,510.3600
1628646751305000,1,4.50000000,510.4300
1628647128158000,1,6.60000000,512.3800
1628647128731000,1,5.00000000,512.0700
1628647360895000,0,4.15000000,513.7500
1628647373874000,1,6.50000000,513.3400
1628647990477000,0,4.16000000,511.8700
1628648308190000,0,4.17000000,511.3400
1628648308445000,0,0.00239557,511.3400
1628648408277000,1,0.08000000,510.4300
1628648429508000,1,0.01844640,510.4300
1628648665416000,1,0.40000000,510.0600
1628648876638000,0,4.18000000,509.4700
1628649377114000,1,0.06301600,506.7400
1628649597901000,0,4.20000000,507.2100
1628649613950000,1,8.33000000,506.5800
1628649739223000,0,7.91000000,506.5500
1628649806109000,1,4.12814583,505.8300
1628649808153000,1,0.08256291,505.8300
1628649809975000,1,0.00168496,505.8300
1628649809975000,1,4.12811213,505.8300
1628649812903000,1,0.08259594,505.8300
1628649820485000,1,0.00168563,505.8300
1628649820485000,1,4.12953800,505.6500
1628650298658000,0,0.05740000,505.7500
1628650350358000,1,1.17188842,505.7300
1628650630289000,0,0.06330000,506.3200
1628650980923000,0,0.09849921,506.4000
1628651262677000,0,0.07600000,506.0500
1628651485175000,1,1.68980000,506.8200
1628652136490000,1,3.48866974,509.1200
1628653206230000,0,0.15610000,508.7600
1628654640289000,0,0.58393978,510.5300
1628654822286000,1,0.51200000,508.7200
1628656132983000,1,3.92293945,510.4300
1628656403706000,1,4.18050000,509.9900
1628656403706000,1,0.00008953,509.9900
1628657369994000,0,0.04883556,509.2600
1628657698497000,0,4.20100000,508.2400
1628657698552000,0,0.00006083,508.2400
1628657698907000,0,1.96808000,508.4600
1628658003733000,1,4.19379000,508.5100
1628658540082000,1,4.18193000,509.9100
1628658739438000,0,0.09744059,508.9400
1628659008638000,0,0.05710000,508.5300
1628659423651000,0,0.18970000,510.4100
1628659528275000,1,1.00000000,511.0600
1628659554259000,1,0.89218675,511.0400
1628659583959000,0,0.05760000,511.9100
1628659585143000,0,1.89764063,511.9100
1628659585143000,0,1.10000000,511.9200
1628659585143000,0,6.60000000,511.9300
1628659585143000,0,0.16970128,511.9400
1628659686507000,1,6.50000000,510.7000
1628659761068000,0,6.50000000,510.5000
1628659799255000,0,3.84774553,510.7100
1628659973570000,0,0.84385902,511.1500
1628659984465000,0,5.74840000,511.1500
1628660147426000,0,6.60000000,512.3400
1628660147496000,0,1.95294000,512.3500
1628660150603000,0,0.06231701,512.8900
1628660160402000,1,2.00000000,512.1800
1628660160904000,1,2.46980000,511.9500
1628660161332000,1,1.82660000,511.8100
1628660257113000,1,0.10000000,512.3300
1628660278076000,0,6.60000000,513.0000
1628660290312000,1,0.10000000,512.7000
1628660318084000,1,4.15350000,513.3000
1628660318087000,1,0.00008604,513.3000
1628660318087000,1,6.59991396,513.2700
1628660376507000,1,0.89008848,513.4800
1628660386216000,1,3.26175000,513.4800
1628660446792000,0,0.04840970,513.7400
1628660525338000,0,0.08000000,514.2500
1628660525420000,0,3.50000000,514.2500
1628660538685000,0,1.94484422,514.5800
1628660538685000,0,0.05515578,514.5900
1628660538699000,0,5.81510000,514.6000
1628660538852000,0,1.94507876,514.5900
1628660538924000,0,0.68490000,514.6000
1628660549616000,1,1.90000000,514.4000
1628660604221000,0,0.07530000,514.7700
1628660640276000,0,2.00000000,514.3100
1628660640276000,0,1.92058418,514.3200
1628660829734000,1,6.60000000,512.4900
1628661526525000,0,0.09450000,512.6600
1628661628738000,0,0.33333333,515.0000
1628661628738000,0,0.95246667,515.0000
1628661628876000,0,0.00012186,515.0000
1628661637923000,1,2.00000000,514.7200
1628661637923000,1,4.50000000,514.7100
1628661651258000,1,3.02170000,514.6800
1628661651496000,1,1.94180790,514.6000
1628661651923000,1,1.94180000,514.3900
1628661701155000,0,6.50000000,514.9100
1628661716054000,0,0.87821363,515.2500
1628661723119000,1,1.00000000,514.6600
1628661723119000,1,1.94180790,514.6500
1628661723119000,1,3.85341210,514.6500
1628661743436000,0,6.50000000,514.3600
1628661779629000,0,0.48204475,514.8300
1628661852995000,0,0.13487034,515.2000
1628661868455000,0,2.00000000,515.1200
1628661868455000,0,4.14455557,515.1300
1628661874001000,0,7.98000000,515.9100
1628661874022000,0,0.00098859,515.9100
1628661877989000,1,6.50000000,515.5000
1628661895357000,1,1.93751000,515.7700
1628661953866000,0,1.70000000,516.8700
1628661953866000,0,12.18333521,516.8800
1628661972375000,0,1.50476322,517.0400
1628661973072000,0,2.61960000,516.4800
1628661973075000,0,0.00000584,516.4800
1628661973251000,0,2.63072022,517.0400
1628661973251000,0,46.72679380,517.0900
1628661974475000,0,4.05277377,517.0400
1628661976428000,0,0.08105548,517.0400
1628661979821000,0,0.00165419,517.0400
1628661982803000,0,4.12885773,517.8000
1628661983500000,0,4.12885773,517.8000
1628661983500000,0,0.40000000,518.0000
1628661983500000,0,0.50000000,518.0000
1628661983500000,0,0.12293707,518.0100
1628661983500000,0,3.94168791,518.0300
1628661986225000,0,4.12885773,517.8000
1628661986225000,0,1.98967023,517.8900
1628661987621000,0,4.12885773,517.8000
1628661987621000,0,4.01272723,518.0000
1628662095482000,0,4.12644541,517.5900
1628662095482000,0,49.59137000,517.7600
1628662095482000,0,2.97192427,517.8000
1628662138211000,0,3.71560000,518.1100
1628662138261000,0,2.78440000,518.1100
1628662140203000,1,0.78519821,517.8600
1628662141493000,1,0.88627357,517.8700
1628662161675000,1,1.00000000,518.0000
1628662303066000,0,0.45347450,517.8600
1628662303066000,0,4.12486811,517.8700
1628662303066000,0,6.50000000,517.9800
1628662303066000,0,1.93161317,518.0700
1628662303066000,0,7.49365458,518.0800
1628662303066000,0,1.16244903,518.1000
1628662363799000,0,0.04942406,518.6000
1628662363799000,0,0.90743927,518.7600
1628662388672000,0,1.00000000,519.1900
1628662398082000,0,4.03162747,519.2000
1628662399268000,0,0.08063255,519.2000
1628662401195000,0,0.00164556,519.2000
1628662401195000,0,4.03159456,519.2000
1628662402156000,0,0.08231102,519.2000
1628662402156000,0,0.90000000,519.4000
1628662402156000,0,4.01034280,519.4100
1628662403241000,0,4.11390558,519.2000
1628662403241000,0,3.94770816,519.4000
1628662405214000,0,0.10189089,519.4100
1628662405214000,0,12.54317510,519.5600
1628662407496000,0,4.02998902,519.4100
1628662408927000,0,0.08059978,519.4100
1628662410191000,0,0.00164489,519.4100
1628662410191000,0,4.11223369,519.4100
1628662410191000,0,3.94937244,519.6300
1628662411128000,0,1.38476000,519.6200
1628662411128000,0,0.13356982,519.6300
1628662412376000,0,4.11223369,519.4100
1628662412376000,0,0.07901072,519.6200
1628662413237000,0,4.06035561,519.4100
1628662414135000,0,0.05187808,519.4100
1628662440520000,0,0.10466715,519.8900
1628662440520000,0,4.11232961,519.9800
1628662440520000,0,0.10000000,519.9900
1628662440520000,0,0.05700000,520.0000
1628662440520000,0,0.10211340,520.0000
1628662440520000,0,1.01538999,520.0000
1628662440520000,0,0.15872739,520.0200
1628662454156000,0,0.18620000,520.1400
1628662511583000,1,3.67270000,519.6400
1628662512084000,1,2.19790000,519.5800
1628662512171000,1,3.00000000,519.5900
1628662512445000,1,1.09450000,519.4400
1628662512446000,1,5.40550000,519.4400
1628662512840000,1,1.92340000,519.3000
1628662526019000,1,0.08000000,518.7600
1628662526331000,1,0.01686560,518.7600
1628662526331000,1,0.23975440,518.7600
1628662526331000,1,0.09686560,518.7600
1628662526331000,1,0.41600270,518.7600
1628662627934000,0,6.50000000,517.4500
1628662835860000,0,0.19230000,518.7600
1628662903613000,0,1.92853616,518.9600
1628662903613000,0,2.18726384,519.0000
1628662903935000,0,4.82080000,519.1300
1628663053370000,0,0.08783815,520.1400
1628663053373000,0,0.00000001,520.1400
1628663053497000,0,0.08000000,520.6700
1628663064525000,1,4.10120000,520.1400
1628663127308000,1,4.10000000,519.8200
1628663215560000,1,4.09000000,520.3700
1628663215778000,1,0.00894298,520.3700
1628663379734000,1,0.62000000,520.5100
1628663379740000,1,4.38000000,520.5100
1628663421639000,0,0.50618670,520.8300
1628663424559000,1,8.40000000,520.5100
1628663424592000,1,3.60000000,520.5100
1628663448291000,0,1.00000000,520.8500
1628663608482000,1,0.29400000,520.5200
1628663610218000,0,3.00046996,520.8700
1628663740733000,0,0.39200000,522.0000
1628663748789000,0,0.00800000,522.0000
1628663748789000,0,4.08251381,522.1300
1628663749280000,0,0.00847987,522.1300
1628663749280000,0,0.07500000,522.2200
1628663750160000,0,0.06990343,522.2400
1628663751898000,0,0.00142660,522.2400
1628663751898000,0,4.01168345,522.3300
1628663753431000,0,0.08190021,522.3300
1628663753431000,0,1.09877134,522.4900
1628663754098000,0,4.01024571,522.5600
1628663755039000,0,4.09358366,522.3300
1628663755039000,0,4.09208746,522.5700
1628663757199000,0,4.09358366,522.3300
1628663757199000,0,3.92837404,522.5700
1628663758185000,0,0.16371342,522.5700
1628663758185000,0,0.12350454,522.6700
1628663758185000,0,0.84000000,522.6800
1628663758185000,0,4.07504652,522.6900
1628663759841000,0,4.00765992,522.8900
1628663761726000,0,0.08178898,522.8900
1628663761726000,0,1.49776422,522.9000
1628663763404000,0,4.08944890,522.8900
1628663763404000,0,0.03223578,522.9000
1628663763404000,0,0.04504223,523.0300
1628663763404000,0,3.10515180,523.0900
1628663764706000,0,4.08944890,522.8900
1628663764706000,0,3.92449964,523.1300
1628663765828000,0,4.08944890,522.8900
1628663765828000,0,0.07848999,523.1300
1628663766914000,0,0.08505998,523.1300
1628663766914000,0,8.15372943,523.3000
1628663766914000,0,34.29653006,523.3100
1628663768124000,0,4.00628862,523.1300
1628663770399000,1,2.24719101,522.5200
1628663770621000,0,0.08176099,523.1300
1628663770621000,0,4.08628790,523.4000
1628663770621000,0,0.12744569,523.4200
1628663770621000,0,26.33083995,523.4900
1628663771418000,0,4.08804961,523.1300
1628663771418000,0,0.12039178,523.4200
1628663771418000,0,0.65095179,523.4900
1628663773467000,0,4.08804961,523.1300
1628663773467000,0,4.08628790,523.4000
1628663773467000,0,1.18668865,523.4800
1628663775523000,0,4.08804961,523.1300
1628663775523000,0,3.92280115,523.4000
1628663777745000,0,0.16348675,523.4000
1628663777745000,0,38.30931086,523.6700
1628663778886000,0,4.00238047,523.4000
1628663781773000,0,4.08406170,523.7500
1628663781773000,0,3.91957655,523.9500
1628663785866000,0,4.08406170,523.7500
1628663785866000,0,0.16333956,523.9500
1628663785866000,0,0.73825197,524.1700
1628663788962000,0,4.08406170,523.7500
1628663788962000,0,3.91957655,523.9500
1628663795737000,1,5.50000000,522.8600
1628663795802000,1,2.56995000,522.8600
1628663821454000,0,2.85901026,523.4800
1628663821454000,0,4.68864670,523.7400
1628663821454000,0,3.85142733,523.7500
1628663845802000,1,2.22056722,523.2200
1628663850299000,0,2.04140860,523.3000
1628663850299000,0,2.56312744,523.4000
1628663850299000,0,1.90848971,523.4100
1628663853800000,0,0.05645670,523.3000
1628663882300000,1,2.00000000,523.3100
1628663882826000,1,0.16148930,523.3100
1628663883464000,1,7.61933935,523.3000
1628663922336000,0,1.22470000,523.4100
1628663923315000,0,0.00000912,523.4100
1628663923315000,0,1.21999088,523.6500
1628663980838000,0,1.00000000,523.8000
1628663980838000,0,1.17912853,523.8900
1628664028317000,1,0.08000000,523.2400
1628664103924000,0,0.49950102,522.4700
1628664114930000,0,2.00000000,521.4000
1628664175007000,0,0.41179027,518.8600
1628664175007000,0,0.20000000,518.9000
1628664175007000,0,5.78820973,518.9100
1628664175074000,0,0.61179027,518.9100
1628664175074000,0,0.20000000,518.9100
1628664175074000,0,1.11640973,518.9200
1628664192980000,0,0.41179027,519.1000
1628664200834000,0,0.41179027,519.4300
1628664200834000,0,0.58812932,519.4500
1628664241963000,1,2.00000000,519.9500
1628664298038000,0,1.92445000,519.9600
1628664298064000,0,0.00000365,519.9600
1628664385518000,1,1.50000000,518.2500
1628664385854000,1,1.50000000,518.2400
1628664391471000,0,1.80000000,518.2700
1628664422764000,1,0.09849921,517.9800
1628664423063000,1,0.09815806,517.9800
1628664459133000,1,0.32051317,517.0300
1628664460655000,0,0.19158966,517.5500
1628664506235000,1,0.74030198,518.4100
1628664660341000,0,0.41098879,519.5700
1628664665134000,1,51.17412000,519.8600
1628664720293000,0,0.27781827,520.1100
1628664744782000,0,0.22049257,520.3300
1628664782395000,0,0.05727788,519.7600
1628664916243000,1,3.03021000,522.0000
1628665006491000,0,0.39999999,522.0000
1628665006496000,0,0.00000001,522.0000
1628665006745000,0,1.91672000,522.1400
1628665074833000,1,2.11749000,522.4700
1628665077419000,1,0.00000956,522.4700
1628665081281000,0,0.40000000,522.1400
1628665176366000,0,0.28658423,522.7100
1628665268895000,0,0.40000000,523.6100
1628665287175000,0,0.40000000,523.4300
1628665324166000,0,1.21581588,523.3200
1628665339796000,0,0.40000000,523.4000
1628665359507000,0,0.50000000,523.5900
1628665359507000,0,0.11336862,523.6000
1628665359507000,0,0.00803385,523.6100
1628665364598000,0,0.12950000,523.6100
1628665371873000,0,0.40000000,523.9000
1628665442193000,0,0.16000000,523.3200
1628665511580000,0,0.04882148,524.9100
1628665511580000,0,0.42109771,525.0000
1628665527192000,0,0.07732424,525.0000
1628665543201000,1,2.00000000,524.6000
1628665543201000,1,0.20501956,524.5900
1628665552832000,0,1.30000000,524.9900
1628665565539000,0,0.00157805,525.0000
1628665638159000,1,0.04900000,524.6800
1628665638396000,1,0.00100000,524.6800
1628665715988000,0,1.09146229,524.2500
1628665758698000,0,0.23505611,524.6700
1628665840980000,0,0.40707853,524.6600
1628665840980000,0,2.00000000,524.6800
1628665840980000,0,0.54662147,524.6900
1628665908706000,0,0.37825816,524.7200
1628666022069000,1,0.19303000,524.2900
1628666140389000,0,0.05530000,525.1000
1628666152724000,1,0.07497000,524.7000
1628666227992000,0,0.28358555,524.6800
1628666254474000,0,0.80000000,524.7000
1628666254474000,0,1.20000000,524.7100
1628666341989000,0,0.61364848,525.0400
1628666383262000,0,1.90920581,524.1500
1628666383262000,0,7.92821407,524.1600
1628666383262000,0,6.40000000,524.1600
1628666383262000,0,1.66335117,524.2900
1628666571377000,0,0.05550000,523.6500
1628666626464000,0,1.90935162,524.1700
1628666626464000,0,0.00084616,524.1800
1628666640310000,0,0.55260522,523.9300
1628666879719000,1,0.19332406,522.3700
1628666896790000,0,1.91180000,523.3900
1628666977179000,1,5.00000000,524.0100
1628666987269000,1,4.07000000,523.6300
1628667095080000,1,4.07000000,523.7400
1628667225158000,0,0.40782485,523.7200
1628667225158000,0,0.54170209,523.7500
1628667229188000,0,0.40782485,523.7200
1628667248986000,0,0.06281255,523.7300
1628667840300000,0,0.06364528,523.2100
1628667960330000,0,0.40833032,523.0500
1628668241334000,0,2.96730000,521.1800
1628668241343000,0,2.23270000,521.1800
1628668241421000,0,1.30000000,521.1800
1628668247530000,0,6.40000000,521.4100
1628668247565000,0,0.07617124,521.6100
1628668248410000,0,1.91811196,521.8400
1628668248410000,0,0.81959255,521.9400
1628668248410000,0,0.06689549,522.1300
1628668255618000,0,0.81922970,521.5100
1628668284210000,0,6.50000000,520.6600
1628668325769000,1,0.05645670,520.5600
1628668395199000,1,2.81900000,520.7200
1628668435178000,0,0.09516476,521.6300
1628668653930000,0,0.51570000,522.0800
1628668677212000,1,1.34827340,521.1800
1628668780215000,0,0.10000000,521.8900
1628668780215000,0,0.08899421,521.9000
1628668955962000,1,4.08610000,521.8700
1628668961355000,1,1.91591000,521.6100
1628669028584000,0,1.00000000,522.3600
1628669216446000,0,1.89809039,522.3100
1628669240802000,0,1.00725921,521.9300
1628669268944000,1,12.20682888,520.9700
1628669269021000,1,0.24911896,520.9700
1628669269458000,0,0.05672112,521.2100
1628669301413000,1,0.07801122,520.4000
1628669340332000,0,0.05678324,520.9800
1628669520304000,0,1.90194421,519.5400
1628669571976000,1,1.92543323,519.0600
1628669571976000,1,2.00000000,519.0500
1628669571976000,1,4.10354116,519.0400
1628669571976000,1,8.01247480,518.8600
1628669571976000,1,4.80849961,518.8600
1628669571976000,1,4.10485962,518.8500
1628669571976000,1,6.50000000,518.8400
1628669571976000,1,12.50430683,518.7500
1628669571976000,1,0.12462710,518.7400
1628669571976000,1,0.91625765,518.6700
1628669694055000,0,6.50000000,519.5600
1628669694055000,0,1.92595103,519.6200
1628669694055000,0,2.00000000,519.6200
1628669694055000,0,7.90171062,519.6300
1628669694055000,0,2.05390475,519.6400
1628669694055000,0,48.67354000,519.6400
1628669962545000,1,2.00000000,518.7400
1628669962545000,1,6.28040000,518.7400
1628670034713000,0,0.38392529,518.3300
1628670035820000,1,1.92000000,517.6500
1628670035824000,1,0.00984623,517.6500
1628670036047000,1,4.82574936,517.6300
1628670053417000,1,1.00000000,518.0000
1628670063447000,0,0.09625627,518.2000
1628670104199000,1,7.88000000,516.3600
1628670160446000,1,1.93000000,515.9400
1628670160485000,1,4.12877310,515.9300
1628670166699000,0,0.05727521,516.3500
1628670240728000,0,0.37534748,516.3600
1628670253991000,0,0.60000000,516.4500
1628670253991000,0,0.37067558,516.4600
1628670323016000,0,1.44991319,517.0400
1628670346189000,1,4.12000000,516.7200
1628670372212000,1,4.12000000,517.0200
1628670372212000,1,0.00439708,517.0200
1628670374324000,1,4.12430000,517.0200
1628670383057000,1,4.12521000,516.9000
1628670383113000,1,0.00000513,516.9000
1628670383113000,1,0.39999487,516.8800
1628670401375000,1,4.12382906,517.0800
1628670401375000,1,5.64351285,516.9100
1628670437724000,1,4.11985000,517.5600
1628670636737000,0,0.08960000,518.5700
1628670654162000,1,3.50000000,518.2300
1628670888724000,1,4.12000000,517.0900
1628670888776000,1,0.00418195,517.0900
1628671074824000,0,0.09569508,518.6000
1628671195624000,1,4.11678000,518.0900
1628671760438000,0,0.18036512,519.2800
1628671895647000,0,0.18219669,518.7800
1628672077291000,0,1.73950000,519.7900
1628672101841000,1,4.50000000,519.7500
1628672114239000,0,0.27930000,520.2400
1628672238774000,1,1.86320000,520.1800
1628672484256000,1,2.99000000,520.1000
1628672484280000,1,0.00398192,520.1000
1628672568349000,0,0.27225721,520.7700
1628673078527000,0,1.02337204,519.9300
1628673093962000,0,0.38180347,519.6600
1628673094966000,0,0.38180347,519.6400
1628673101135000,0,0.38180347,519.4600
1628673102129000,0,0.38180346,519.4000
1628673103164000,0,0.38180347,519.4000
1628673292888000,0,0.10000000,518.8600
1628673292888000,0,0.09724183,518.8700
1628673385216000,1,3.06253000,518.6200
1628673422430000,1,0.53747000,518.6200
1628673478341000,1,0.00000388,518.0900
1628673478341000,1,4.10999612,517.8600
1628673546361000,1,1.92853616,518.2200
1628673599714000,0,0.09350000,517.7400
1628673600343000,0,0.94241021,517.7400
1628673601025000,0,1.44639201,517.6400
1628673849701000,0,0.28040000,518.1700
1628673884449000,0,4.13875531,518.2400
1628673884449000,0,2.12523226,518.2500
1628674039509000,0,0.05670000,519.0600
1628674127257000,1,1.00000000,517.9500
1628674567105000,0,0.85556409,520.0900
1628674641478000,1,1.92007865,520.4800
1628674764788000,0,0.25563242,521.1000
1628674771798000,0,0.38094393,521.1000
1628674893588000,0,0.46520000,520.4400
1628675006288000,0,0.05677888,521.0600
1628675088701000,0,0.13147018,520.7700
1628675102991000,0,0.09529633,520.7700
1628675104381000,1,3.00000000,520.4000
1628675121157000,0,0.05678324,521.0300
1628675231853000,0,0.80000000,520.4900
1628675231853000,0,0.35840006,520.5000
1628675304903000,1,0.75649060,519.3500
1628675309997000,1,0.09964500,519.3700
1628675316533000,0,3.81691058,520.0800
1628675317590000,1,0.27775760,519.4000
1628675323163000,1,0.09844640,519.5400
1628675737457000,1,0.47933000,520.8300
1628675760933000,1,0.04032026,520.9100
1628675769569000,0,0.10000000,521.5200
1628675769569000,0,5.41680000,521.5300
1628675769636000,0,0.10000000,521.5200
1628675769636000,0,0.88320000,521.5300
1628676109496000,0,4.09825952,521.6700
1628676109496000,0,7.58660622,521.6800
1628676109496000,0,3.39885432,521.7700
1628676125352000,0,2.48670000,521.6700
1628676178381000,1,1.42089500,522.6400
1628676211990000,0,2.13594069,523.3900
1628676257718000,1,6.50000000,523.1100
1628676262255000,1,2.00000000,523.0000
1628676266227000,1,0.50000000,522.8000
1628676343300000,1,0.05677888,521.7800
1628676438718000,0,4.09340000,521.8500
1628676438845000,0,0.00001654,521.8500
1628676454321000,0,1.09781431,522.1300
1628676455890000,0,2.99000000,522.1300
1628676455936000,0,0.00306818,522.1300
1628676468967000,1,1.91355332,522.2600
1628676475872000,1,1.91350205,522.1400
1628676480724000,1,1.91374374,522.0300
1628676481241000,1,1.91400747,521.9400
1628676489578000,1,0.34708461,521.9500
1628676521460000,1,1.91441786,521.9600
1628676528584000,1,2.00000000,521.7000
1628676528584000,1,0.84078135,521.6900
1628676531109000,1,0.84078000,521.7000
1628676531109000,1,1.60000000,521.7000
1628676643498000,0,4.09000000,521.2700
1628676702528000,0,0.19500000,521.5300
1628676741107000,0,0.09280000,521.6500
1628676778315000,1,0.27505450,521.5300
1628676949918000,1,1.91799000,521.0600
1628677021038000,1,0.00000424,521.0600
1628677021038000,1,4.78999576,520.9100
1628677021039000,1,0.00520762,520.9100
1628677021792000,1,1.91799424,520.8000
1628677021792000,1,4.79520338,520.8000
1628677066925000,1,0.20000000,520.8100
1628677113200000,0,0.50000000,521.7600
1628677162248000,0,1.91728000,521.9000
1628677162964000,0,0.00000819,521.9000
1628677162964000,0,0.96050181,522.1400
1628677400820000,0,0.74663057,523.1700
1628677442934000,0,0.28625585,522.7900
1628677455927000,1,0.18169000,522.1400
1628677505515000,1,1.31668179,522.1400
1628677506326000,1,1.50162000,522.1400
1628677508307000,1,0.00000821,522.1400
1628677598563000,1,6.50000000,520.7800
1628677598687000,1,5.28172000,520.7800
1628677601848000,1,1.91799424,520.7900
1628677601848000,1,4.58244576,520.7900
1628677604174000,1,0.21275762,520.7900
1628677606500000,1,1.52000000,520.4200
1628677606521000,1,0.39799424,520.4200
1628677606884000,1,1.91799424,520.4000
1628677606884000,1,1.91799424,520.3900
1628677606884000,1,4.79401152,520.3900
1628677606914000,1,0.00119186,520.3900
1628677620116000,1,1.55146554,519.9800
1628677627490000,1,1.91799000,519.5800
1628677627802000,1,0.00000424,519.5800
1628677629692000,1,1.10000000,519.1700
1628677633777000,0,0.23113816,520.0300
1628677636825000,1,0.20000000,519.2000
1628677640623000,1,1.38159000,519.2100
1628677640623000,1,8.34200000,519.2000
1628677672349000,1,1.91799000,519.2500
1628677672461000,1,0.00000424,519.2500
1628677672461000,1,4.79519576,519.1900
1628677673842000,1,1.91799424,519.1900
1628677678307000,1,1.91799424,518.9800
1628677678307000,1,4.79520338,518.9800
1628677679724000,1,1.91799000,518.7800
1628677679795000,1,0.00000424,518.7800
1628677679795000,1,1.91799424,518.7700
1628677679795000,1,3.08200152,518.7700
1628677693283000,1,11.87553527,518.8000
1628677694473000,1,1.91799424,518.7600
1628677694473000,1,4.79510576,518.7600
1628677694501000,1,0.00009762,518.7600
1628677694568000,1,1.88901571,518.7300
1628677702426000,1,0.32463527,518.3000
1628677702426000,1,1.91799424,518.3000
1628677704350000,1,0.32000000,517.9400
1628677719998000,0,0.49579000,517.7700
1628677730985000,1,3.40000000,517.4000
1628677730985000,1,7.52922951,517.3600
1628677730985000,1,14.89008569,517.3400
1628677732541000,1,10.02867332,517.3400
1628677766688000,0,0.00000794,517.7700
1628677813109000,1,1.25219760,518.2500
1628677817901000,1,0.83700000,518.2800
1628677830832000,1,4.79520338,518.2800
1628677830832000,1,1.91798662,518.2800
1628677870375000,1,0.23160832,517.3500
1628677874311000,1,4.79520338,517.0700
1628677874311000,1,1.04281347,517.0700
1628677892620000,1,4.12418614,517.0400
1628677899922000,1,4.67370252,517.6000
1628677899922000,1,1.91789748,517.6000
1628677900128000,1,0.00009676,517.6000
1628677900937000,1,1.91000000,517.4700
1628677900965000,1,0.00799424,517.4700
1628677911451000,1,0.65859349,516.8900
1628677928942000,1,4.12344905,517.3400
1628677963490000,0,0.56266229,517.9000
1628677965371000,1,1.85604303,517.3700
1628677965371000,1,4.12370758,517.3400
1628677965416000,1,0.00000001,517.3400
1628677969025000,1,1.18082713,516.5900
1628677969025000,1,7.58096593,516.5800
1628677969025000,1,4.12533709,516.5700
1628678032821000,1,0.12391286,518.2400
1628678032821000,1,4.11440481,518.2400
1628678032821000,1,0.12111209,518.0600
1628678032821000,1,11.96179778,518.0500
1628678033915000,1,1.50000000,518.0600
1628678033915000,1,3.27857045,518.0500
1628678055083000,0,0.28020000,518.4200
1628678189068000,0,0.09808438,518.8300
1628678428329000,1,1.01000000,517.5600
1628678586672000,0,0.51916007,519.0700
1628678592843000,0,0.50000000,519.0600
1628678593856000,0,0.50000000,519.0300
1628678594884000,0,0.50000000,519.0400
1628678595924000,0,0.50000000,519.0500
1628678640317000,0,0.11451160,518.6800
1628678768308000,0,0.14823582,519.2100
1628678828670000,0,0.19111010,519.1900
1628678846015000,0,0.37320000,519.0800
1628679108148000,0,0.81911874,518.6900
1628679222678000,1,0.32000000,518.7300
1628679240289000,0,0.11528516,519.2500
1628679322223000,0,0.38222756,519.1600
1628679326410000,0,0.49206440,519.1600
1628679476583000,0,0.47811587,518.8700
1628679744427000,0,0.11475371,519.1300
1628679749951000,1,0.05909075,518.9900
1628679754956000,0,0.11190000,519.4000
1628679789373000,1,0.41241875,518.5600
1628679909500000,1,0.41127891,518.8300
1628679989183000,1,0.14900000,519.0600
1628680003771000,0,1.31000000,519.7500
1628680016787000,0,1.92766205,520.1000
1628680090127000,0,0.82700000,520.3900
1628680097238000,0,10.65000000,520.4200
1628680097252000,0,0.00951619,520.4200
1628680117093000,0,3.72000000,520.4200
1628680120222000,0,1.48820000,520.8100
1628680263123000,0,0.47663725,520.6000
1628680320286000,0,0.06718367,520.4400
1628680324932000,1,0.98000000,520.0000
1628680324986000,1,0.00057883,520.0000
1628680414159000,0,6.40000000,520.8700
1628680554535000,0,0.74380000,520.8100
1628680680267000,0,0.70000000,521.9500
1628680680267000,0,0.05803981,521.9600
1628680779011000,1,1.91799000,521.0400
1628680826591000,0,1.90730127,521.6900
1628680911453000,1,0.11340000,521.3300
1628680945323000,1,0.00000225,521.3300
1628680948778000,1,0.39129038,520.9200
1628680955429000,1,2.87720000,520.9200
1628680988349000,1,1.87720000,520.7300
1628680990722000,1,1.70000000,520.7300
1628680995477000,0,0.19046465,521.1200
1628681025455000,1,3.60825400,520.7200
1628681025455000,1,0.45858600,520.7200
1628681025832000,1,3.00000000,520.7200
1628681026139000,1,4.50000000,520.7200
1628681026629000,1,1.32813939,520.7200
1628681026634000,1,0.00000001,520.7200
1628681026718000,1,1.91799424,520.4400
1628681035432000,1,4.83939521,519.9400
1628681040891000,1,1.66060479,519.9400
1628681054806000,1,0.20000000,520.2000
1628681054806000,1,2.47685352,520.1800
1628681055894000,1,13.50000000,520.2000
1628681055894000,1,4.02314648,520.1800
1628681065673000,1,4.79520338,520.0800
1628681065673000,1,1.91799424,520.0800
1628681065673000,1,5.36881238,520.0800
1628681065952000,1,3.83063000,520.0800
1628681069328000,1,6.50000000,519.7200
1628681113353000,1,1.91799424,520.2700
1628681113353000,1,4.79519576,520.2700
1628681113483000,1,0.00000762,520.2700
1628681113483000,1,1.91798238,520.2600
1628681118905000,1,1.91799000,520.2600
1628681120569000,1,0.00000424,520.2600
1628681126341000,1,1.91799424,520.0600
1628681126341000,1,3.70220576,520.0600
1628681126365000,1,0.67000000,520.0600
1628681126474000,1,0.42299762,520.0600
1628681136520000,1,13.05636240,519.7100
1628681137573000,1,3.04700000,519.7100
1628681152939000,0,0.32000000,520.0200
1628681174992000,1,0.40334823,519.7100
1628681185752000,0,0.05224815,520.1500
1628681205160000,1,1.91799424,519.9900
1628681205160000,1,4.20601576,519.9900
1628681299939000,1,2.99829096,520.0300
1628681375109000,0,0.06180000,520.4100
1628681400312000,0,0.18933703,520.5900
1628681407759000,0,1.20920000,520.4100
1628681414769000,1,1.91799424,520.0400
1628681414769000,1,0.58200576,520.0400
1628681414823000,1,3.86725222,520.0400
1628681415217000,1,0.34594540,520.0400
1628681415217000,1,9.26926915,520.0400
1628681525600000,1,0.20846460,519.6900
1628681529133000,0,0.55850000,520.1800
1628681598247000,0,0.09310000,520.0200
1628681656145000,0,0.19181954,520.0200
1628681731810000,0,3.91450000,520.0200
1628681749172000,1,1.91799424,519.7100
1628681749172000,1,4.79520338,519.7100
1628681749172000,1,6.51680238,519.7100
1628681749269000,1,0.58699379,519.7100
1628681807404000,0,1.37953000,519.8500
1628681807404000,0,2.72757000,519.8600
1628681842999000,1,1.91799424,519.3900
1628681842999000,1,4.79200576,519.3900
1628681858816000,1,0.00319762,519.3900
1628681859586000,1,1.91000000,519.1400
1628681870753000,0,2.87410217,519.3100
1628681871075000,0,1.23800000,519.3100
1628681876717000,1,1.91799424,519.1500
1628681876717000,1,4.79520338,519.1500
1628681876717000,1,9.72680238,519.1500
1628681876768000,1,0.00131679,519.1500
1628681884132000,1,6.50000000,518.7000
1628681895038000,1,6.40000000,518.3900
1628681908543000,1,1.91799424,518.1400
1628681908543000,1,4.79520338,518.1400
1628681908543000,1,12.46680238,518.1400
1628681908653000,1,0.00194816,518.1400
1628681912109000,0,4.11900000,518.2900
1628681925471000,1,1.39853703,517.9900
1628681925471000,1,4.69231216,517.9800
1628681929343000,1,4.69231000,517.9900
1628681929343000,1,1.80768784,517.9800
1628681930227000,1,6.40000000,517.9100
1628681931754000,1,2.30423670,517.8100
1628681944099000,0,4.11940000,518.1800
1628681951592000,0,0.00005131,518.1800
1628681951592000,0,0.00001094,518.2900
1628681951592000,0,4.11823775,518.3400
1628681951631000,0,0.00008956,518.3400
1628681962840000,0,4.11000000,518.3800
1628682011265000,0,0.00007223,519.3100
1628682011265000,0,0.05693228,519.3600
1628682042523000,1,1.91799424,518.9800
1628682042523000,1,4.79520338,518.9800
1628682042523000,1,1.68680238,518.9800
1628682042691000,1,2.50000000,518.9800
1628682042716000,1,5.59243867,518.9800
1628682057196000,1,0.10000000,518.6600
1628682059795000,1,9.74156000,518.6600
1628682087071000,1,4.79520338,518.7200
1628682087071000,1,9.76677230,518.7200
1628682087071000,1,1.90802432,518.7200
1628682087187000,1,0.00996992,518.7200
1628682099212000,1,7.57812073,518.1800
1628682099212000,1,4.42147995,518.1800
1628682102919000,1,2.07852005,518.1800
1628682260909000,0,1.00000000,519.2700
1628682364354000,1,1.91799424,518.9500
1628682364354000,1,2.81014576,518.9500
1628682364404000,1,1.98505762,518.9500
1628682364404000,1,2.01494238,518.9500
1628682364406000,1,1.24680391,518.9500
1628682377648000,1,6.50000000,518.3300
1628682381445000,1,2.45475843,518.3400
1628682401835000,1,4.79520338,518.1200
1628682401835000,1,1.91799424,518.1200
1628682401835000,1,1.80680238,518.1200
1628682401851000,1,1.45377589,518.1200
1628682409603000,1,0.73930017,517.8100
1628682454551000,0,0.06701240,518.1400
1628682478277000,1,0.62344696,517.8100
1628682478277000,1,4.79520338,517.8100
1628682478277000,1,1.68067964,517.8100
1628682487706000,1,0.10000000,517.4600
1628682491111000,1,1.82739183,517.4600
1628682498075000,1,2.14265817,517.4600
1628682538156000,0,4.12196686,517.8600
1628682538713000,1,3.44673532,517.4700
1628682549972000,1,0.84471146,517.4700
1628682549972000,1,1.91798854,517.4700
1628682570229000,1,1.91799000,517.3000
1628682570285000,1,0.00000424,517.3000
1628682587420000,1,1.69155297,517.0600
1628682587420000,1,4.17844703,517.0600
1628682625716000,1,3.52004852,516.8400
1628682625716000,1,0.38995148,516.8400
1628682625736000,1,1.52804276,516.8400
1628682625736000,1,6.42390028,516.8400
1628682659590000,1,3.87423573,516.1400
1628682661511000,1,0.25245543,516.1400
1628682661511000,1,6.50000000,516.1400
1628682664014000,1,4.12669116,516.1400
1628682688594000,1,1.91799000,516.0800
1628682691423000,1,0.00000424,516.0800
1628682692015000,1,0.12040213,516.0000
1628682698772000,1,0.61780028,515.6600
1628682698772000,1,1.91789972,515.6600
1628682698826000,1,0.00009452,515.6600
1628682703497000,1,6.04701762,515.2300
1628682705356000,1,0.45298238,515.2300
1628682709218000,1,4.13534295,515.5600
1628682709218000,1,6.50000000,515.5300
1628682709218000,1,4.13692778,515.3500
1628682710445000,0,0.62161408,516.0200
1628682785788000,1,1.91799424,516.1900
1628682785788000,1,4.79520338,516.1900
1628682785788000,1,6.37680238,516.1900
1628682785919000,1,3.51839805,516.1900
1628682791527000,0,4.13480000,516.2200
1628682807582000,1,1.91799424,515.8400
1628682807582000,1,4.79520338,515.8400
1628682807613000,1,7.39022845,515.8300
1628682849151000,1,0.60000000,515.6300
1628682849151000,1,4.13398151,515.6200
1628682916769000,0,0.17266851,516.4200
1628682988510000,0,1.30000000,516.2400
1628683087596000,0,1.00000000,516.4200
1628683178993000,0,1.69390000,516.0000
1628683179057000,0,0.08000000,516.0000
1628683179112000,0,1.22008192,516.0000
1628683197256000,1,10.14750983,516.0000
1628683228877000,1,1.63626605,516.4900
1628683235223000,0,0.20590000,517.3300
1628683261060000,1,1.91799424,516.8800
1628683261060000,1,4.79520338,516.8800
1628683261060000,1,5.46680238,516.8800
1628683261212000,1,4.18020000,516.8800
1628683261353000,1,0.00006991,516.8800
1628683273543000,1,4.79520338,516.4400
1628683273543000,1,12.46479662,516.4400
1628683279936000,1,1.00000000,516.0900
1628683286676000,1,0.95921490,516.0700
1628683286676000,1,4.18078510,516.0700
1628683286895000,1,0.27000000,516.0700
1628683286899000,1,0.00429947,516.0700
1628683289452000,1,12.34913022,516.0000
1628683292856000,1,8.10818636,516.0000
1628683293382000,1,39.60000000,516.0000
1628683302973000,1,14.97505178,516.0000
1628683302973000,1,1.91799424,516.0000
1628683302973000,1,12.46875054,516.0000
1628683302973000,1,3.49858039,516.0000
1628683308886000,1,6.60000000,515.5900
1628683331062000,1,6.60000000,515.6900
1628683357984000,1,4.13363821,515.7900
1628683375972000,1,6.50000000,516.3200
1628683377337000,1,6.50000000,516.4200
1628683377873000,1,0.48404758,516.3300
1628683384359000,1,1.43712360,516.3300
1628683384516000,1,0.48087064,516.3300
1628683384516000,1,4.79520338,516.3300
1628683426584000,1,1.06380000,515.4800
1628683426638000,1,0.00007594,515.4800
1628683427312000,1,1.48000000,515.3800
1628683485620000,1,2.50000000,515.0800
1628683485942000,1,2.29520338,515.0800
1628683485942000,1,1.91799424,515.0800
1628683485942000,1,9.39674952,515.0800
1628683485947000,1,0.27775402,515.0800
1628683487377000,1,0.22887378,515.0000
1628683487377000,1,9.67450354,515.0000
1628683487377000,1,1.91799424,515.0000
1628683487377000,1,4.79520338,515.0000
1628683497875000,1,6.60000000,514.3900
1628683499748000,0,2.00000000,515.1300
1628683499939000,0,2.50000000,515.1100
1628683501805000,1,4.14247188,514.5700
1628683501805000,1,7.79249051,514.4300
1628683501805000,1,13.70115484,514.4200
1628683560287000,0,0.07670238,516.3500
1628683603460000,0,3.99000000,516.3500
1628683603502000,0,3.75361182,516.3500
1628683603667000,0,4.13438000,516.5000
1628683618253000,0,0.00000116,516.5000
1628683618253000,0,8.47966002,516.8300
1628683625249000,1,3.12619000,516.3100
1628683625303000,1,3.50000000,516.3100
1628683625368000,1,3.50000000,516.3100
1628683625428000,1,0.75404172,516.3100
1628683625428000,1,1.74595828,516.3100
1628683625480000,1,0.17203596,516.3100
1628683625480000,1,3.32796404,516.3100
1628683625529000,1,1.46723000,516.3100
1628683626928000,1,0.00000934,516.3100
1628683636354000,1,6.50000000,516.1200
1628683689190000,1,0.10404435,515.9300
1628683724189000,1,2.00000000,515.9300
1628683725069000,1,0.08000000,515.9300
1628683726637000,1,1.05510000,515.9300
1628683743860000,1,3.50346249,515.6900
1628683743860000,1,6.44260340,515.6900
1628683749748000,1,6.60000000,515.3800
1628683867761000,0,0.80110000,515.3700
1628683868721000,1,1.91799424,515.2700
1628683868721000,1,4.79520338,515.2700
1628683868721000,1,9.68680238,515.2700
1628683870412000,1,0.00266366,515.2700
1628683897872000,1,0.80000000,515.2400
1628683908822000,1,6.50000000,515.1000
1628683912422000,1,4.14053076,515.0000
1628683915892000,1,4.14053076,515.0000
1628683917269000,1,2.07608443,515.0000
1628683936148000,1,0.49206440,515.0000
1628684006700000,0,2.00000000,515.6900
1628684061645000,0,4.14053000,515.6100
1628684063282000,0,0.00000672,515.6100
1628684063282000,0,4.14053672,515.6100
1628684112013000,0,0.96601346,515.8100
1628684136910000,1,2.79066584,515.3800
1628684139377000,1,4.70866000,515.4000
1628684139377000,1,3.05220245,515.4000
1628684139891000,1,3.05220245,515.4000
1628684227228000,1,1.91799424,516.0200
1628684227228000,1,4.79520338,516.0200
1628684227228000,1,8.66876238,516.0200
1628684242995000,1,1.65856556,515.9900
1628684252923000,1,6.60000000,515.9900
1628684279325000,0,0.21140108,516.5000
1628684364417000,1,4.98000000,515.9900
1628684391562000,0,0.09370000,516.5700
1628684429342000,1,0.00750022,515.9900
1628684429342000,1,4.85249978,515.9900
1628684429352000,1,4.80330064,515.9900
1628684441362000,0,0.09611952,516.0200
1628684442384000,0,0.28843678,516.0200
1628684469116000,1,0.20000000,515.4800
1628684625719000,1,0.32000000,515.7000
1628684625779000,1,1.59799424,515.7000
1628684625779000,1,1.40200576,515.7000
1628684626008000,1,3.39319762,515.7000
1628684626008000,1,9.65704729,515.7000
1628684651258000,1,4.13728693,515.2700
1628684676814000,1,1.34650000,515.2700
1628684711379000,0,0.28853181,516.0600
1628684772996000,1,1.91799424,515.4700
1628684772996000,1,4.79520338,515.4700
1628684772996000,1,9.60680238,515.4700
1628684818818000,1,12.88128350,515.1300
1628684824342000,1,19.61871650,515.1300
1628684844203000,1,1.91799424,515.0300
1628684844203000,1,4.79520338,515.0300
1628684844203000,1,1.35403238,515.0300
1628684844262000,1,0.00000932,515.0300
1628684844262000,1,1.01503068,515.0000
1628684844493000,1,0.00001786,515.0000
1628684844493000,1,1.91798214,515.0000
1628684844507000,1,0.00001210,515.0000
1628684844507000,1,1.91798790,515.0000
1628684844549000,1,2.87721548,515.0000
1628684844549000,1,1.35404170,515.0000
1628684858909000,1,6.50000000,514.3300
1628684858909000,1,3.76387595,514.2400
1628685002142000,0,6.50000000,515.3800
1628685002223000,0,4.57340000,515.4700
1628685004548000,1,0.12694029,515.1900
1628685004548000,1,5.92689271,515.1400
1628685013242000,1,0.05238015,515.3300
1628685017516000,1,0.13812875,515.6800
1628685034249000,1,1.91799424,516.3900
1628685034249000,1,2.83200576,516.3900
1628685063942000,1,1.91799424,516.7300
1628685063942000,1,2.20200576,516.7300
1628685064051000,1,2.59319762,516.7300
1628685064051000,1,9.69445354,516.7300
1628685065957000,1,9.69445354,516.3900
1628685065957000,1,4.79520338,516.3900
1628685065957000,1,1.91034308,516.3900
1628685066503000,1,0.00765116,516.3900
1628685074968000,1,1.91799424,516.0400
1628685074968000,1,2.48200576,516.0400
1628685075032000,1,0.00382767,516.0400
1628685082318000,1,3.21200000,516.0600
1628685082318000,1,4.12687490,516.0500
1628685082318000,1,12.91823365,515.9500
1628685082318000,1,25.26115600,515.9400
1628685108089000,1,1.91799424,517.2400
1628685108089000,1,4.79520338,517.2400
1628685108089000,1,9.62680238,517.2400
1628685108329000,1,0.00156679,517.2400
1628685110129000,1,0.28000000,517.0400
1628685110229000,1,4.72000000,517.0400
1628685110229000,1,1.91799424,517.0300
1628685110229000,1,4.79520338,517.0300
1628685110229000,1,9.62680238,517.0300
1628685119939000,1,4.11967576,516.9500
1628685119939000,1,4.12092194,516.7500
1628685119939000,1,3.07182928,516.6700
1628685123870000,1,4.11967576,516.9600
1628685127216000,1,1.91799424,516.9500
1628685127216000,1,4.79520338,516.9500
1628685142865000,1,1.91000000,517.2700
1628685143098000,1,0.00799424,517.2700
1628685150700000,1,0.57591797,517.1000
1628685150700000,1,4.79408203,517.1000
1628685151077000,1,0.00112135,517.1000
1628685151077000,1,8.46887865,517.0800
1628685151475000,1,1.91799424,517.0800
1628685153729000,1,1.91799424,516.8800
1628685153729000,1,1.91799424,516.8800
1628685153729000,1,4.62257954,516.8800
1628685156467000,1,0.28600000,516.8800
1628685156467000,1,1.06234995,516.8800
1628685158078000,1,4.12149515,516.7000
1628685158078000,1,2.37850485,516.6400
1628685161989000,1,3.60000000,516.9400
1628685161989000,1,0.92149515,516.9300
1628685165912000,1,3.50000000,516.9500
1628685165912000,1,0.92149000,516.9400
1628685165912000,1,3.19855766,516.9300
1628685165912000,1,6.50000000,516.8500
1628685165912000,1,1.20633668,516.7000
1628685169348000,1,4.12005281,516.9300
1628685172886000,1,3.60000000,516.7100
1628685172886000,1,2.91515847,516.7000
1628685172886000,1,6.50000000,516.6000
1628685172886000,1,4.11846219,516.4900
1628685177861000,1,3.97244588,516.7000
1628685197899000,1,9.76000000,516.4900
1628685197942000,1,3.25514554,516.4900
1628685197942000,1,1.91799424,516.4900
1628685197942000,1,4.79520338,516.4900
1628685197942000,1,3.98391684,516.4900
1628685198000000,1,5.85268046,516.4900
1628685205732000,1,6.50000000,516.2500
1628685206312000,1,6.50000000,516.3500
1628685206840000,1,2.47964166,516.3800
1628685279881000,1,5.00000000,517.3600
1628685279881000,1,0.42122000,517.3600
1628685279949000,1,1.49677000,517.3600
1628685279952000,1,0.00000424,517.3600
1628685280099000,1,4.79520338,517.3300
1628685280099000,1,9.95754418,517.3300
1628685284879000,1,5.00000000,517.0600
1628685284879000,1,6.40912880,516.9400
1628685289876000,1,6.50000000,516.9800
1628685289876000,1,1.91799424,516.9800
1628685289876000,1,4.79520338,516.9800
1628685289876000,1,4.29003238,516.9800
1628685290037000,1,2.54034000,516.9800
1628685290070000,1,0.00000917,516.9800
1628685292313000,1,3.54800977,516.5300
1628685302484000,1,5.00000000,516.3600
1628685302484000,1,6.50000000,516.2800
1628685302484000,1,6.92524632,516.1800
1628685310323000,1,5.00000000,516.3000
1628685310323000,1,6.50000000,516.2800
1628685310819000,1,6.50000000,516.3800
1628685310819000,1,4.88055001,516.3200
1628685311456000,1,4.88055001,516.4800
1628685329324000,1,5.00000000,517.2400
1628685331416000,1,3.50000000,517.3000
1628685331541000,1,1.50000000,517.3000
1628685362230000,0,5.42960000,517.5900
1628685432120000,1,0.45206113,517.4300
1628685432304000,1,0.00000001,517.4300
1628685495524000,0,0.12642000,517.1300
1628685497115000,0,7.62676240,517.1300
1628685591331000,1,1.91799424,516.6300
1628685591331000,1,1.18379925,516.6300
1628685591340000,1,3.61140413,516.6300
1628685591340000,1,0.23670617,516.6300
1628685591468000,1,6.77945976,516.6300
1628685608595000,0,2.81120000,516.7600
1628685613031000,1,0.10000000,516.5100
1628685613031000,1,6.50000000,516.5000
1628685613031000,1,4.11995473,516.4500
1628685613537000,1,16.42564000,516.5100
1628685637542000,0,2.00000000,516.9000
1628685637542000,0,2.42000000,516.9100
1628685670365000,0,4.12000000,516.7200
1628685717247000,0,0.36000000,516.5600
1628685717406000,0,3.76269830,516.5600
1628685717554000,0,3.76000000,516.5600
1628685717629000,0,0.36269830,516.5600
1628685750226000,0,0.00171590,516.7200
1628685750226000,0,0.05589867,517.0500
1628685799583000,0,0.09608230,516.7200
1628685840305000,0,0.58442231,516.7200
1628685847606000,1,2.54000000,516.2600
1628685847653000,1,2.25520338,516.2600
1628685847653000,1,1.91799424,516.2600
1628685847653000,1,11.16327236,516.2600
1628685864210000,1,2.00000000,516.1400
1628685864210000,1,4.12049075,516.1300
1628685864703000,1,0.80000000,516.1500
1628685864703000,1,8.73577255,516.1400
1628685865226000,1,8.73577000,516.1500
1628685865226000,1,1.54549660,516.1400
1628685999293000,0,0.22500000,516.5200
1628686067979000,0,0.47910220,516.7000
1628686073096000,0,9.07000000,516.5400
1628686073145000,0,0.24304000,516.5400
1628686073369000,0,1.59000000,516.5400
1628686074166000,0,61.20253000,516.5400
1628686074196000,0,2.00000000,516.5300
1628686097537000,1,4.12162000,516.1500
1628686098067000,1,0.00000780,516.1500
1628686098067000,1,6.49999220,516.0600
1628686109424000,1,2.00000000,515.9600
1628686109424000,1,0.83435888,515.9500
1628686117379000,1,0.40000000,515.9900
1628686128829000,1,1.57054795,516.2700
1628686225553000,1,0.34194990,516.2800
1628686235898000,1,0.50000000,516.3300
1628686241960000,1,1.19267927,516.2700
1628686242367000,1,3.11924435,516.2700
1628686309652000,1,0.04518349,516.2700
1628686316013000,1,4.12341198,516.2700
1628686316542000,1,2.88360315,516.2700
1628686463055000,1,0.16352406,516.6200
1628686531590000,1,0.50548473,516.6300
1628686624094000,1,0.85735654,516.6300
1628686674122000,1,1.97870547,516.9500
1628686677589000,1,1.91799424,516.9500
1628686677589000,1,4.79520338,516.9500
1628686677589000,1,1.37680238,516.9500
1628686677643000,1,6.47352296,516.9500
1628686684668000,1,1.91799424,516.6300
1628686684668000,1,1.21200576,516.6300
1628686697180000,1,4.12244604,516.3800
1628686713240000,1,4.12188335,516.2800
1628686719228000,1,4.12188335,516.2800
1628686722731000,1,4.12188335,516.2800
1628686752233000,1,1.91967667,516.4400
1628686802767000,1,1.91799424,517.6300
1628686802767000,1,4.79519576,517.6300
1628686802780000,1,0.00000762,517.6300
1628686802809000,1,7.70360498,517.6200
1628686802816000,1,2.12675795,517.6200
1628686809284000,1,2.02103216,517.0000
1628686814726000,1,6.50000000,517.0800
1628686815374000,1,5.24263840,517.1100
1628686829602000,1,2.56752000,517.1400
1628686829620000,1,1.35210000,517.1400
1628686829648000,1,0.87558338,517.1400
1628686829648000,1,1.91799424,517.1400
1628686840899000,1,1.91799424,516.8500
1628686840899000,1,4.79520338,516.8500
1628686840899000,1,12.46680238,516.8500
1628686849807000,1,6.50000000,516.3000
1628686853293000,1,4.25430444,516.1400
1628686862443000,1,4.12247773,516.2500
1628686878441000,1,6.50000000,515.9600
1628686878441000,1,3.30745215,515.8600
1628686945827000,1,4.12172283,516.2900
1628686949290000,1,6.38248414,516.6900
1628686989375000,1,6.50000000,517.4800
1628686989843000,1,4.11318250,517.5400
1628687004429000,1,0.50000000,517.5800
1628687004429000,1,3.28107297,517.5700
1628687011371000,1,1.93262169,517.7500
1628687097030000,0,4.10000000,518.5700
1628687097098000,0,0.00887616,518.5700
1628687097098000,0,0.20162094,518.7300
1628687106950000,0,0.07479950,518.7200
1628687132592000,1,0.20550882,518.2400
1628687132592000,1,3.79449118,518.2400
1628687132647000,1,1.00071220,518.2400
1628687132647000,1,3.99928780,518.2400
1628687132716000,1,4.04670000,518.2400
1628687142929000,1,6.40000000,517.8500
1628687164009000,1,0.10000000,518.0500
1628687164009000,1,4.58200576,518.0300
1628687174969000,1,3.97524292,518.1300
1628687325065000,1,2.29431271,518.3700
1628687325613000,1,1.45817900,518.3700
1628687429628000,0,2.50000000,518.6100
1628687532948000,0,0.11282248,519.4000
1628687565151000,1,1.91799424,518.9000
1628687565151000,1,4.79520338,518.9000
1628687565151000,1,10.10680238,518.9000
1628687572757000,1,6.40000000,518.7500
1628687586756000,1,0.57880797,518.8400
1628687698604000,0,0.24210277,519.8000
1628687755531000,0,0.00000704,520.0200
1628687809600000,0,6.40000000,520.7200
1628687809823000,0,5.74226289,521.1900
1628687826221000,0,3.66899240,521.5300
1628687956773000,0,0.09515928,521.3500
1628687993263000,0,0.28576827,520.7500
1628688001672000,0,3.80000000,520.7500
1628688049401000,1,0.09601536,519.6400
1628688100818000,0,0.09543928,519.9900
1628688104193000,0,2.50000000,520.0000
1628688104262000,0,2.50000000,520.0000
1628688104338000,0,3.00000000,520.0000
1628688104578000,0,1.00000000,520.0000
1628688107718000,0,2.00000000,520.0600
1628688226498000,0,6.11080000,521.7600
1628688538144000,0,0.94917225,522.7100
1628688685874000,0,2.50000000,522.9600
1628688685942000,0,2.50000000,522.9600
1628688714872000,0,0.05042468,522.5200
1628688714872000,0,0.13943882,522.5200
1628688725127000,0,0.04570072,522.5300
1628688899464000,1,1.15840006,523.1700
1628688909309000,0,1.91728819,523.8100
1628688909309000,0,0.96098181,523.8100
1628688912240000,0,0.79465955,524.0200
1628688948382000,1,0.48127000,524.0500
1628688973273000,1,5.00000000,523.3900
1628689032885000,0,2.10125000,523.4700
1628689032966000,0,0.00000247,523.4700
1628689032966000,0,1.09758753,523.4900
1628689033573000,0,1.91728000,523.4900
1628689033719000,0,0.00000819,523.4900
1628689033719000,0,1.09758181,523.5700
1628689034171000,0,0.00001585,523.5700
1628689034171000,0,1.91727415,523.5700
1628689040814000,0,2.00000000,524.2900
1628689040814000,0,7.63683327,524.3000
1628689111941000,0,1.55056171,524.8100
1628689112113000,0,0.04738857,524.8100
1628689157437000,0,0.47283171,524.9500
1628689204745000,0,0.09501857,524.9500
1628689302924000,0,1.91728819,523.8700
1628689302924000,0,0.58271181,523.8700
1628689302991000,0,1.51853000,523.8700
1628689577975000,0,0.08000000,525.3300
1628689582065000,1,0.53000000,525.0500
1628689614645000,1,4.05000000,525.3300
1628689823599000,0,4.05536000,525.5100
1628689829815000,0,0.00000740,525.5100
1628690011529000,1,5.00000000,524.5000
1628690011591000,1,5.00000000,524.5000
1628690011650000,1,4.60189000,524.5000
1628690011700000,1,11.00000000,524.5000
1628690011767000,1,14.00000000,524.5000
1628690011788000,1,3.62380000,524.5000
1628690011819000,1,8.40000000,524.5000
1628690011824000,1,3.77431000,524.5000
1628690051072000,1,5.50000000,523.7300
1628690051125000,1,0.90000000,523.7300
1628690070429000,0,0.10000000,523.6000
1628690166494000,0,0.22388099,524.9100
1628690216942000,0,0.10923267,525.5500
1628690375151000,0,0.27580000,526.6400
1628690547611000,1,8.50000000,524.8500
1628690547983000,1,12.00000000,524.8400
1628690548050000,1,6.50000000,524.8400
1628690548095000,1,8.40000000,524.8400
1628690548102000,1,9.84610000,524.8400
1628690548103000,1,8.40000000,524.8400
1628690548112000,1,0.85390000,524.8400
1628690562190000,0,0.69000000,524.8400
1628690562395000,0,0.00616734,524.8400
1628690564329000,0,0.69616000,525.1300
1628690592301000,0,0.13840000,524.6400
1628690718163000,1,1.58789900,523.4000
1628690738360000,0,0.44086534,523.6200
1628690769418000,0,4.06760000,524.0600
1628691157260000,0,1.00000000,527.0000
1628691157260000,0,0.93000000,527.0000
1628691157315000,0,0.00755392,527.0000
1628691212294000,1,0.06039751,526.3600
1628691231333000,0,0.10000000,527.1900
1628691231333000,0,0.10721581,527.2000
1628691280132000,0,3.76686247,526.9900
1628691331469000,0,0.17633000,527.3700
1628691332115000,0,0.00000360,527.3700
1628691332115000,0,0.16938306,527.7600
1628691366764000,0,0.04141874,527.7900
1628691366764000,0,0.47261154,527.7900
1628691366764000,0,1.13736972,528.0500
1628691368949000,1,0.08000000,527.7600
1628691372537000,1,0.01521370,527.7600
1628691432120000,0,0.08000000,528.1200
1628691432138000,0,3.00000000,528.1200
1628691459861000,0,1.81908532,528.5300
1628691555947000,0,0.37541056,528.6100
1628691601979000,0,0.39360000,528.8500
1628691694477000,0,0.10264000,529.0000
1628691729618000,0,0.00000023,529.0000
1628691740769000,1,4.02583000,528.9500
1628691740774000,1,0.00000190,528.9500
1628691843859000,1,0.04300000,528.4200
1628691889370000,0,0.37534722,528.9600
1628691903347000,0,0.22817846,529.0100
1628691917449000,0,1.00000000,528.5700
1628691983017000,0,0.37593721,528.0400
1628691995019000,0,0.07240550,527.8900
1628692046847000,0,0.80871216,527.8900
1628692046847000,0,1.07150801,528.0500
1628692111317000,0,0.18791166,528.2000
1628692395032000,1,12.00000000,528.2000
1628692435649000,0,0.45900000,527.4600
1628692439338000,0,3.58300000,527.4600
1628692439866000,0,0.00006648,527.4600
1628692440323000,0,0.08210350,527.8200
1628692534490000,0,0.45710000,529.8000
1628692703224000,1,0.06786552,527.5800
1628692709183000,1,0.70000000,527.7400
1628692719002000,0,0.05599348,528.2200
1628692762679000,1,0.08460225,527.8300
1628692847014000,0,1.69000000,529.4200
1628692868793000,0,1.01840000,530.0000
1628692869463000,0,0.00005652,530.0000
1628692959818000,0,0.12000000,530.7000
1628692959995000,0,0.00700000,530.7000
1628692996456000,1,0.08000000,530.0000
1628693018113000,1,0.07000000,530.0000
1628693121917000,1,2.82910000,528.3000
1628693193391000,0,1.12827288,528.4400
1628693193391000,0,1.91727712,528.4400
1628693193392000,0,0.00001107,528.4400
1628693198979000,0,0.80000000,528.7500
1628693198979000,0,1.31405030,528.7600
1628693349879000,0,4.03047813,528.8200
1628693349879000,0,4.57277187,528.8200
1628693349945000,0,1.72722000,528.8200
1628693350063000,0,0.00000813,528.8200
1628693350063000,0,3.77277187,528.8200
1628693351988000,0,0.09404714,528.9900
1628693471878000,0,0.20000000,528.2800
1628693531026000,0,0.54940000,528.7900
1628693769314000,0,0.15056022,527.5600
1628693775384000,0,0.15056022,527.5600
1628693776415000,0,0.15056022,527.5600
1628693777417000,0,0.15056022,527.5600
1628693853682000,0,1.91728819,527.3100
1628693853682000,0,2.22241181,527.3100
1628693853774000,0,0.00010363,527.3100
1628693919720000,0,1.27650000,527.5000
1628693919725000,0,0.00003048,527.5000
1628693920717000,0,1.00026402,527.8400
1628693921983000,0,0.17829251,527.9000
1628694155832000,0,0.15300000,524.7500
1628694157127000,0,4.00000000,524.7500
1628694157204000,0,2.24700000,524.7500
1628694157273000,0,1.91728000,524.7500
1628694180374000,0,0.18903422,525.2900
1628694185564000,1,0.09625627,524.5800
1628694333324000,0,0.08270000,526.6500
1628694388734000,1,1.89663000,526.9200
1628694388794000,1,0.00000348,526.9200
1628694398580000,0,4.04420000,526.9200
1628694464151000,1,0.20000000,526.8900
1628694492322000,0,0.04832135,527.5100
1628694623333000,0,0.11000000,527.3700
1628694623358000,0,0.00196963,527.3700
1628694687034000,1,6.38469203,528.6200
1628694687092000,1,2.00000000,528.6000
1628694687092000,1,5.50000000,528.5900
1628694687209000,1,25.88299000,528.5900
1628694687490000,1,4.92240000,528.5900
1628694687551000,1,21.50000000,528.5900
1628694687855000,1,1.00720000,528.5900
1628694688176000,1,0.08741000,528.5900
1628694699851000,0,1.91728819,528.4000
1628694699851000,0,1.37749181,528.4000
1628694712920000,0,1.91728819,528.3500
1628694712920000,0,1.63811181,528.3500
1628694785083000,1,0.50000000,527.6600
1628694799782000,0,2.07844957,527.8500
1628694799782000,0,0.92155043,527.8500
1628694799821000,0,0.98449605,527.8500
1628694832079000,0,1.12000000,528.5600
1628694840307000,0,0.13956504,528.5600
1628694915803000,0,0.06522438,528.6000
1628694984960000,0,1.78548361,527.5200
1628694984960000,0,2.19876803,527.5200
1628695035672000,0,1.69475275,527.4900
1628695035672000,0,1.30524725,527.4900
1628695051211000,0,0.98434000,527.4900
1628695098482000,1,0.10120600,527.1600
1628695103926000,1,0.09686560,527.1600
1628695106732000,1,3.83904000,527.1600
1628695179307000,0,1.36770000,527.1500
1628695179441000,0,0.00002536,527.1500
1628695278901000,1,3.85195900,527.6200
1628695325330000,0,0.18220000,528.1800
1628695394554000,0,1.07989000,527.9500
1628695473307000,0,4.03060000,528.8000
1628695473313000,0,0.00004103,528.8000
1628695473336000,0,2.00000000,528.8900
1628695473401000,0,13.05630000,528.9000
1628695473416000,0,0.00006240,528.9000
1628695473416000,0,1.56563760,529.0100
1628695474314000,0,3.19490000,529.7500
1628695474316000,0,0.08000000,529.7500
1628695474390000,0,1.72510000,529.7500
1628695484054000,0,1.18924709,530.1500
1628695565085000,0,4.02120000,530.0000
1628695589627000,0,0.10202669,530.2800
1628695606050000,0,0.09310000,530.2500
1628695625764000,0,0.06050000,529.9500
1628695674913000,0,0.93749528,530.6800
1628695739379000,0,4.01477000,530.7900
1628695739403000,0,0.00000772,530.7900
1628695739450000,0,1.13300000,530.9800
1628695739463000,0,1.19050000,530.9800
1628695739473000,0,1.69527803,530.9800
1628695740391000,0,3.79260000,531.8900
1628695740478000,0,1.20740000,531.8900
1628695741163000,0,1.00000000,532.0000
1628695743437000,1,5.00000000,531.5900
1628695743486000,1,10.00000000,531.5900
1628695743534000,1,2.00000000,531.6000
1628695752819000,0,1.96470000,531.6000
1628695752819000,0,0.00000438,531.6000
1628695800450000,0,0.15458478,532.0900
1628695811266000,0,0.14641220,532.1400
1628695818708000,0,0.05488470,532.1400
1628695909137000,0,1.58687730,529.8500
1628695909137000,0,0.62797270,529.8500
1628695923704000,0,1.80000000,530.7700
1628695923704000,0,0.93590000,530.7800
1628695934411000,0,4.02167372,529.9400
1628695934411000,0,6.30000000,529.9900
1628695934411000,0,43.46277397,530.0800
1628696001996000,0,1.00000000,529.8000
1628696043778000,0,0.10240000,529.2000
1628696084779000,0,0.18772330,528.4500
1628696144935000,1,0.29100000,527.6300
1628696231320000,0,0.09390961,528.3600
1628696232345000,0,0.09390961,528.3600
1628696234377000,0,0.09390960,528.3600
1628696235381000,0,0.09390961,528.3600
1628696236419000,0,0.09390960,528.5100
1628696237423000,0,0.09390961,528.5100
1628696238437000,0,0.09390960,528.3600
1628696239458000,0,0.09390961,528.3600
1628696298086000,0,0.36417000,528.2700
1628696393461000,0,0.18320000,528.5100
1628696421340000,0,0.10000000,528.3300
1628696421340000,0,4.03276071,528.3400
1628696421340000,0,6.40000000,528.3400
1628696421340000,0,62.15248000,528.4000
1628696421340000,0,6.03461446,528.5000
1628696421340000,0,3.84865541,528.5100
1628696421340000,0,43.56563000,528.8100
1628696421340000,0,0.12616339,528.8200
1628696421340000,0,0.84000000,528.8500
1628696421340000,0,4.03252547,528.9200
1628696421340000,0,0.12945444,528.9900
1628696421340000,0,6.96971886,529.0700
1628696501862000,0,0.35757518,528.7000
1628696654399000,0,0.37659437,528.4200
1628696793231000,1,1.12000000,527.6800
1628696793527000,1,2.00000000,527.6900
1628696793527000,1,4.47000000,527.6800
1628696951294000,1,9.80070677,526.9000
1628696954844000,1,0.08000000,526.9000
1628696954919000,1,0.12001442,526.9000
1628697098207000,0,0.38190000,526.1300
1628697102618000,0,0.00000435,526.1300
1628697285199000,0,0.41513199,526.5700
1628697384391000,0,0.58900000,526.0400
1628697434223000,1,2.00000000,525.2400
1628697434271000,1,2.00000000,525.2400
1628697434271000,1,2.05180000,525.2300
1628697500054000,1,4.04000000,525.7200
1628697500081000,1,0.00849185,525.7200
1628697605578000,0,4.04761809,526.4900
1628697727575000,1,4.00000000,526.1700
1628697764450000,1,0.09663830,525.7200
1628697764450000,1,0.09336170,525.7200
1628697764615000,1,0.00711870,525.7200
1628697808980000,0,0.18420000,525.6700
1628697941269000,0,2.00000000,524.4300
1628697941269000,0,1.84419958,524.4400
1628698009648000,0,0.09442779,525.6600
1628698073654000,0,0.08000000,525.5600
1628698073654000,0,3.97430773,525.5600
1628698073654000,0,2.00000000,525.5900
1628698073691000,0,4.05413580,525.7400
1628698073793000,0,40.10000000,525.7900
1628698084936000,0,1.24786625,526.4800
1628698108793000,0,0.27600000,526.5900
1628698148312000,0,0.09200000,526.4200
1628698289532000,1,1.00000000,527.3400
1628698328433000,0,0.18810753,527.6500
1628698334924000,0,1.07779230,527.6500
1628698386364000,0,0.08437192,527.6500
1628698387462000,0,0.07163440,527.6500
1628698388478000,0,0.07163440,527.6500
1628698389512000,0,0.07163439,527.6500
1628698514324000,0,0.05622341,529.8100
1628698626478000,1,0.15554480,530.8400
1628698695876000,0,0.29999580,531.7300
1628698746971000,1,2.88500000,531.2700
1628698853048000,0,0.89466666,532.1800
1628698872949000,1,2.44340315,532.0400
1628698916185000,0,0.09090000,532.6200
1628698944275000,0,0.07397098,531.8000
1628698946135000,0,3.93160000,531.8000
1628698982717000,0,0.18641526,532.3600
1628699001425000,0,0.10757382,531.8300
1628699011436000,0,0.00000001,531.8300
1628699026011000,0,0.07458291,532.3300
1628699030029000,0,0.13682235,532.5200
1628699120339000,1,4.00000000,530.4400
1628699120390000,1,55.80000000,530.4400
1628699134619000,0,0.20000000,530.2400
1628699134619000,0,0.28517243,530.2500
1628699135113000,0,0.28517243,530.2500
1628699138874000,0,6.30000000,530.4900
1628699178467000,0,0.18714988,529.8200
1628699205452000,1,0.05970541,529.2500
1628699206213000,0,0.11240049,529.8300
1628699253030000,0,0.05480000,529.9900
1628699276509000,0,0.05575577,529.1900
1628699413179000,0,1.87407498,529.9200
1628699447116000,0,0.14061469,530.6700
1628699449348000,1,2.00000000,530.2000
1628699526375000,0,4.02010000,530.1500
1628699633789000,1,0.04900000,529.2900
1628699667991000,0,0.28000000,529.5600
1628699697438000,1,0.00100000,529.2900
1628699701896000,0,0.35762779,529.2600
1628699834625000,0,0.97403956,529.6700
1628700229898000,0,0.06596536,530.5300
1628700278949000,1,2.00000000,530.0000
1628700347370000,0,0.37066005,531.2300
1628700359441000,0,0.13077573,530.7500
1628700489335000,0,0.60000000,530.7600
1628700529155000,0,0.95370950,530.7800
1628700561173000,1,0.24837671,530.0000
1628700601424000,1,7.77000000,530.0200
1628700601522000,1,0.00862467,530.0200
1628700603367000,1,7.38240000,530.0000
1628700603370000,1,14.48000000,530.0000
1628700603510000,1,0.08000000,530.0000
1628700603969000,1,15.38000000,530.0000
1628700646958000,1,0.00596020,530.0000
1628700654621000,0,0.11232806,529.6300
1628700782845000,1,2.00000000,527.8700
1628700782949000,1,4.02549000,527.8600
1628700788631000,0,0.27500000,528.2700
1628700888994000,1,0.20292921,527.3400
1628700894077000,0,0.05500000,527.6100
1628700944386000,0,0.93628155,528.5600
1628700952810000,1,2.00000000,528.1100
1628701003897000,0,4.03029655,528.3700
1628701003897000,0,0.55030345,528.4000
1628701039368000,0,4.03224142,528.7300
1628701039368000,0,1.20000000,528.7800
1628701039368000,0,0.24331914,528.7900
1628701039867000,0,1.44331914,528.7300
1628701093806000,0,4.02950000,528.4600
1628701093811000,0,0.00001776,528.4600
1628701157465000,1,0.34110100,527.8800
1628701338603000,0,0.57355891,528.0300
1628701391569000,0,2.71193367,528.1600
1628701542842000,0,0.05622766,529.3800
1628701855192000,0,0.09360671,530.1800
1628702120649000,0,0.18260000,530.4600
1628702158631000,0,0.33636167,530.4400
1628702442968000,0,0.16430000,530.3700
1628703273928000,0,0.28066132,530.4700
1628703281228000,0,0.54750000,530.6100
1628703321163000,0,0.18240000,531.0600
1628703327532000,0,3.64360000,530.7600
1628703559723000,0,1.86829316,531.2600
1628703608617000,0,4.00416345,531.5300
1628703608617000,0,1.62639362,531.5300
1628703668516000,0,0.50000000,531.5300
1628703782154000,0,0.19342457,531.0500
1628703880078000,0,0.44519593,530.8000
1628704551376000,0,1.79790000,532.9200
1628704680330000,0,3.99442349,533.1600
1628704680330000,0,5.41455095,533.2500
1628704703890000,1,0.23113816,532.0700
1628704727891000,0,3.56862000,532.6200
1628704727953000,0,2.73138000,532.6200
1628704769197000,0,6.30000000,532.8200
1628704975557000,1,4.00330000,531.3100
1628704975732000,1,0.00009616,531.3100
1628705117725000,0,0.93495613,530.8100
1628705244773000,0,5.50000000,530.4100
1628705292440000,0,1.42962461,530.6800
1628705293455000,0,1.42962462,530.6800
1628705294464000,0,1.15224158,530.6800
1628705295501000,0,1.42962462,530.6800
1628705296549000,0,1.42962461,530.6800
1628705297524000,0,1.15224158,530.6800
1628705299554000,0,1.42962462,530.5300
1628705300581000,0,1.42962461,530.5300
1628705325035000,0,0.05569902,530.5300
1628705348168000,1,4.01222609,529.9300
1628705348168000,1,0.81014891,529.8700
1628705499269000,1,0.06789000,529.9400
1628705555936000,0,1.87037033,530.6800
1628705586407000,1,2.00000000,529.6300
1628705586407000,1,6.30000000,529.6100
1628705586407000,1,7.43929323,529.6000
1628705586407000,1,4.01170047,529.5800
1628705586407000,1,10.24900630,529.5800
1628705721528000,0,0.99995500,530.6800
1628705878078000,1,4.02019000,528.9900
1628705956310000,0,3.75380160,528.9700
1628705978102000,1,6.40000000,528.2400
1628706033517000,0,0.20656951,528.4700
1628706044270000,1,0.04000000,527.8700
1628706094033000,0,1.87822769,528.2700
1628706160108000,1,4.03274000,527.5200
1628706160267000,1,0.00000261,527.5200
1628706172327000,0,0.47031341,527.6000
1628706442464000,0,0.05510000,527.7500
1628706633602000,0,0.09411976,527.4600
1628706661784000,1,0.09501857,526.8000
1628706877293000,1,2.89010000,526.9900
1628706984314000,0,1.50000000,526.9900
1628707021802000,0,6.40000000,526.8200
1628707023537000,0,0.86000000,527.3600
1628707023537000,0,0.13416189,527.5000
1628707602781000,0,0.37642909,527.6600
1628707643323000,1,1.57922000,527.6900
1628707646800000,1,0.00000264,527.6900
1628708143991000,0,0.03775016,527.1500
1628708337528000,0,0.18823239,527.4200
1628708343779000,0,0.09447327,527.9800
1628708429337000,1,4.03000000,527.2100
1628708476666000,0,1.89653226,527.7200
1628708476666000,0,2.10346774,527.7200
1628708481869000,1,4.03000000,527.1900
1628708507140000,1,4.03000000,527.1900
1628708507180000,1,0.00690406,527.1900
1628708511073000,1,4.03000000,527.0200
1628708511102000,1,0.00815287,527.0200
1628708644556000,0,1.00980292,529.5700
1628708669444000,0,0.24000000,529.0100
1628708669525000,0,0.00407422,529.0100
1628708671493000,0,1.88945000,529.6000
1628708694175000,1,4.01895228,529.3700
1628708694250000,0,4.01895228,529.3500
1628708694318000,0,8.40000000,529.3500
1628708694327000,0,45.11141000,529.3500
1628708866591000,1,0.13867351,527.2300
1628708866591000,1,0.34259649,527.2300
1628709044225000,0,0.18766289,527.4500
1628709046870000,1,6.40000000,527.0000
1628709310781000,0,0.30000000,527.5700
1628709435213000,1,6.30000000,526.9000
1628709721613000,0,4.03000000,527.4500
1628709737385000,0,0.05602427,527.7000
1628709883234000,0,0.20694681,527.6000
1628710036364000,0,0.09170000,528.1800
1628710143188000,0,0.17560000,529.3900
1628710385640000,1,2.00000000,528.3500
1628710385669000,1,4.02760000,528.3400
1628710385681000,1,0.09493821,528.3100
1628710386039000,1,0.09494359,528.1900
1628710386125000,1,0.23735897,528.0800
1628710386164000,1,0.00000001,528.0800
1628710604632000,0,4.03196096,528.4200
1628710604632000,0,5.34245162,528.4200
1628710667756000,1,0.12015356,527.7600
1628710855095000,0,1.59715845,528.2700
1628710898390000,0,0.27500000,528.2800
1628711084155000,0,0.93755259,529.5000
1628711210981000,0,1.00000000,529.9500
1628711300273000,0,0.18270000,530.1300
1628711304223000,0,0.22160000,530.1300
1628711304314000,0,0.22160000,530.1300
1628711364789000,0,0.03752663,530.2900
1628711520671000,1,0.19056000,530.6200
1628711671183000,0,0.04673669,532.1300
1628711709084000,0,0.08380000,531.9300
1628711787766000,0,1.20000000,533.6700
1628711787856000,0,0.06200000,533.7300
1628711788046000,0,0.00064835,533.7300
1628711811133000,1,2.00000000,534.6000
1628711811133000,1,4.20000000,534.5900
1628711811230000,1,2.00000000,534.5900
1628711811230000,1,1.97956000,534.5900
1628711811770000,1,0.11492610,534.3900
1628711845150000,1,1.00000000,534.9400
1628711895100000,1,0.08705540,532.8700
1628711895154000,1,0.20155336,532.8100
1628711895230000,1,0.52403000,532.7000
1628711933822000,0,0.09296493,533.9300
1628711970160000,0,2.00000000,535.2300
1628711970160000,0,3.66980000,535.2400
1628711973420000,1,0.08076485,534.7200
1628711990020000,1,0.17379000,534.9300
1628712002595000,1,0.15620000,533.8000
1628712046234000,1,1.90000000,534.3800
1628712046246000,1,2.11170000,534.3700
1628712049949000,1,0.15456000,533.7500
1628712050100000,1,0.00000979,533.7500
1628712050100000,1,0.38670021,533.6600
1628712064794000,0,0.18579065,534.0000
1628712067164000,0,2.00000000,534.0000
1628712112167000,1,2.00000000,533.8100
1628712157135000,1,6.30000000,534.3300
1628712159572000,1,5.00000000,535.0000
1628712199055000,1,0.12968704,533.5300
1628712199120000,1,0.32417000,533.4900
1628712210286000,0,1.20740000,533.9600
1628712240310000,0,0.46128890,533.4200
1628712262496000,0,0.04800000,533.0200
1628712267934000,0,0.18623687,532.8500
1628712276178000,1,3.68702000,532.5000
1628712285838000,1,2.00000000,532.5000
1628712314640000,1,0.12785000,532.7000
1628712435668000,0,0.57644205,532.8300
1628712460330000,1,0.60000000,532.0400
1628712460330000,1,0.98491447,532.0300
1628712511622000,1,0.56744174,532.8500
1628712553425000,0,0.58100000,533.3700
1628712557932000,0,0.30000000,533.7700
1628712566017000,0,1.86090223,534.1500
1628712586214000,0,0.78988094,535.0300
1628712612654000,0,0.07000000,535.3500
1628712620331000,1,0.34818000,535.2700
1628712620598000,1,2.00000000,535.0700
1628712620899000,1,0.34818000,535.0500
1628712634190000,0,6.54000000,535.0600
1628712638171000,1,1.00000000,534.6000
1628712638222000,1,6.20000000,534.5900
1628712672196000,0,1.02822945,534.6900
1628712698405000,1,0.29965000,534.2500
1628712712037000,0,0.06460365,534.6700
1628712716196000,1,0.06209000,534.3000
1628712823300000,0,1.86211917,535.6800
1628712862940000,0,0.88682670,536.2600
1628712885687000,1,2.86847000,536.0000
1628712885687000,1,0.00000014,536.0000
1628712990280000,0,0.27110000,535.8000
1628713012700000,0,0.09050000,535.0600
1628713088063000,1,1.40000000,534.5300
1628713088063000,1,0.26369000,534.5200
1628713102622000,0,1.13907716,535.2600
1628713158112000,0,2.00000000,535.0700
1628713158112000,0,6.20000000,535.0800
1628713158112000,0,3.98081565,535.1000
1628713158112000,0,0.89346153,535.2100
1628713245281000,0,0.10000000,535.0900
1628713249631000,0,0.18734710,535.0900
1628713282227000,1,2.00000000,534.4500
1628713282227000,1,3.42782727,534.4400
1628713297882000,0,0.19673972,534.9200
1628713320298000,0,0.11174921,534.9200
1628713373680000,1,0.30000000,534.6700
1628713373680000,1,0.70000000,534.6600
1628713383412000,1,0.92151955,535.4300
1628713383412000,1,0.39208045,535.4300
1628713409520000,1,3.97443454,535.2300
1628713409520000,1,4.61639236,535.2000
1628713533297000,0,2.60802000,536.0500
1628713533363000,0,1.36628000,536.0500
1628713534803000,0,0.00000468,536.0500
1628713534803000,0,0.99999532,536.1600
1628713545748000,1,1.96860000,536.0500
1628713550168000,1,0.07548357,535.9500
1628713582795000,1,1.56768322,536.1500
1628713667715000,1,1.96870000,538.1500
1628713667718000,1,0.00002618,538.1500
1628713667774000,0,2.00000000,538.1500
1628713667774000,0,4.20000000,538.1600
1628713668820000,0,2.00000000,538.1600
1628713669818000,0,1.85972649,538.2500
1628713669818000,0,3.67399351,538.2500
1628713671076000,0,6.30000000,538.3100
1628713682516000,0,0.05489402,538.3300
1628713687463000,1,1.11420000,538.1700
1628713687478000,0,1.86021848,538.1800
1628713687478000,0,1.90000000,538.1900
1628713687478000,0,2.43978152,538.2000
1628713728821000,1,0.08000000,537.1700
1628713769716000,1,0.10000000,536.0300
1628713769763000,1,0.10000000,536.0300
1628713785836000,1,0.82000000,535.6300
1628713790010000,1,0.51000000,535.5300
1628713790192000,1,0.00109219,535.5300
1628713824907000,1,0.32391684,534.9100
1628713829321000,0,1.86881774,535.8700
1628713829321000,0,1.02328226,535.8700
1628713829527000,0,3.64865000,535.8700
1628713829543000,0,0.00000304,535.8700
1628713834833000,0,2.38030000,536.1300
1628713834922000,0,3.81970000,536.1300
1628713856755000,0,0.09030000,536.4400
1628713905229000,1,0.70000000,534.6700
1628713920335000,1,0.20089809,535.2700
1628713961782000,0,3.00000000,536.7900
1628713962254000,0,5.00000000,536.9100
1628713962318000,0,1.30000000,536.9100
1628713966684000,0,1.16700000,537.5500
1628713966734000,0,0.69513997,537.5500
1628714032288000,1,0.25000000,537.4900
1628714035423000,1,2.00000000,537.6700
1628714035423000,1,48.38259000,537.6600
1628714035423000,1,38.51324000,537.4600
1628714035423000,1,6.30000000,537.3500
1628714035423000,1,0.41191407,537.2800
1628714035423000,1,1.02965879,537.2800
1628714035423000,1,3.66537635,537.2700
1628714043078000,0,6.30000000,538.2600
1628714056084000,0,0.62161000,538.4300
1628714063584000,0,1.85908000,538.4200
1628714063585000,0,0.00000600,538.4200
1628714063603000,0,0.00000408,538.4300
1628714063603000,0,1.11381041,538.4300
1628714063720000,0,1.40000000,538.4300
1628714063720000,0,4.90000000,538.4400
1628714063735000,0,0.88574648,538.4400
1628714063843000,0,0.51425352,538.4400
1628714063843000,0,1.48574648,538.4400
1628714063899000,0,0.37318303,538.4400
1628714063899000,0,0.14081335,538.6400
1628714063998000,0,0.29040000,538.6400
1628714064231000,1,0.29040000,538.6400
1628714064262000,0,1.85892000,538.6400
1628714064291000,1,1.11000000,538.4200
1628714064951000,0,0.29040000,538.6400
1628714065899000,0,2.20743794,538.6400
1628714065899000,0,0.29256206,538.6400
1628714065967000,0,1.56635000,538.6400
1628714067228000,0,1.76400000,538.8500
1628714067306000,0,0.00000798,538.8500
1628714067306000,0,5.49999202,538.8600
1628714067374000,0,0.70000000,538.8600
1628714080504000,0,3.50000000,538.8500
1628714092262000,0,1.62558000,538.9400
1628714092334000,0,0.00000389,538.9400
1628714092334000,0,6.20000000,538.9500
1628714187780000,0,0.35900000,539.4500
1628714201643000,1,0.00378992,538.4200
1628714201643000,1,0.06813364,538.4000
1628714217460000,1,2.00000000,538.4000
1628714217657000,1,0.09000000,538.4000
1628714218349000,1,1.91000000,538.4000
1628714226127000,0,0.76136806,539.0300
1628714499288000,1,0.57438176,537.4500
1628714705990000,0,1.47656000,538.3800
1628714706121000,0,0.00000396,538.3800
1628714706198000,0,6.20000000,538.4000
1628714766939000,1,0.16000000,536.9000
1628714766988000,1,0.00728625,536.9000
1628714809739000,0,6.20000000,537.6100
1628714834151000,0,4.26442000,538.1300
1628714834212000,0,1.93558000,538.1300
1628714854566000,0,0.27000000,538.0500
1628714893695000,1,1.90000000,537.3100
1628714942227000,1,0.61000000,537.2100
1628714963723000,1,30.89000000,536.8700
1628714983281000,1,0.06231701,536.6200
1628715055900000,0,0.09256531,536.2700
1628715205974000,1,0.22468162,534.9600
1628715221433000,1,0.34036115,534.9600
1628715262332000,1,0.43303887,535.2900
1628715371926000,1,1.03862285,534.5500
1628715407353000,1,0.42297623,534.5800
1628715525465000,0,0.18100000,534.7200
1628715560362000,0,0.09255511,534.8700
1628715638206000,1,2.79917867,532.9400
1628715660330000,0,0.14500000,533.6400
1628715662424000,1,0.09447327,532.9200
1628715907969000,1,6.40000000,529.4900
1628715907969000,1,7.65111075,529.4100
1628715907969000,1,1.26322617,529.2600
1628715907969000,1,4.01576533,529.2500
1628715907969000,1,0.18459824,529.1400
1628715916620000,0,0.08180000,529.8800
1628715923664000,1,0.48407416,529.2700
1628715959487000,1,0.81916824,529.2900
1628716021629000,0,1.30270000,529.4500
1628716031804000,1,1.94386756,528.9400
1628716049086000,0,2.00000000,529.7300
1628716049086000,0,7.39000000,529.7400
1628716067460000,0,3.18351452,530.2500
1628716067460000,0,1.27345242,530.2500
1628716067460000,0,0.09303306,530.2600
1628716076503000,1,0.18529032,529.9600
1628716138226000,0,1.60000000,531.6900
1628716152384000,0,0.21000000,532.2200
1628716313880000,0,0.18300000,529.1700
1628716920273000,1,0.06748414,528.0200
1628717091277000,1,0.06200000,528.4000
1628717091416000,1,0.14445344,528.4000
1628717397789000,1,0.13000000,529.4700
1628717429155000,0,0.28007930,530.2200
1628717507718000,0,1.53000000,531.5000
1628717509966000,0,0.20000000,531.9700
1628717509966000,0,8.07075640,531.9800
1628717512177000,0,1.53190638,532.0600
1628717536708000,0,1.42915631,532.6000
1628717536708000,0,2.00263506,532.6100
1628717536708000,0,3.57285112,532.6900
1628717536708000,0,6.30000000,532.7100
1628717665860000,1,0.38200000,532.3900
1628717689275000,0,0.04664815,533.1400
1628717742907000,1,0.16202200,532.0700
1628717772019000,1,0.09686560,532.6100
1628717777149000,1,0.23975440,532.6100
1628717782215000,1,0.27505450,532.6400
1628717787349000,0,0.08000000,532.6400
1628717787402000,0,0.01663830,532.6400
1628717965914000,0,1.30193545,534.6000
1628717965914000,0,1.99482600,534.6100
1628717965914000,0,0.42563756,534.6600
1628718092791000,0,0.18249299,535.2000
1628718092818000,0,0.00000001,535.2000
1628718228935000,1,0.28075340,535.0000
1628718501442000,1,0.08000000,535.6000
1628718501502000,1,15.50000000,535.6000
1628718501550000,1,7.00000000,535.6000
1628718501599000,1,2.50000000,535.6000
1628718617707000,1,3.50000000,535.8500
1628718617769000,1,2.00000000,535.8500
1628718618351000,1,2.50000000,535.8500
1628718618406000,1,2.50000000,535.8500
1628718620585000,1,0.54000000,535.8500
1628718622046000,1,0.21000000,535.8500
1628718622089000,1,12.43928987,535.8500
1628718625132000,1,0.04298580,535.8500
1628718652185000,1,0.00087726,535.8500
1628718757202000,1,6.50000000,534.7400
1628718757361000,1,7.36792917,534.7300
1628718776688000,1,7.39000000,532.9700
1628718776695000,1,0.00121521,532.9700
1628718813857000,0,1.30521000,531.9800
1628718814499000,0,1.30497000,532.1400
1628718814636000,0,0.00000204,532.1400
1628718814636000,0,3.26301796,532.1500
1628718814652000,0,0.00000579,532.1500
1628718814996000,0,8.48263000,532.2700
1628718891806000,0,0.95237000,534.8400
1628718892163000,0,0.95237360,534.9200
1628718958457000,0,0.21680000,536.2600
1628719077071000,1,0.04782159,535.2500
1628719302702000,0,0.18100000,535.0400
1628719352176000,1,1.00498281,533.3400
1628719510496000,1,5.00000000,532.9600
1628719510553000,1,2.46669000,532.9600
1628719547387000,0,0.92058000,530.8700
1628719598017000,0,0.90072852,530.6800
1628719598017000,0,0.20000000,530.6900
1628719598017000,0,0.30549546,530.6900
1628719641742000,1,0.05885032,528.9500
1628719666972000,1,1.05920678,529.1300
1628719702454000,0,0.87998000,529.8700
1628719723178000,0,0.10960000,529.9400
1628719867189000,1,0.05715840,528.8700
1628720528445000,1,1.90074393,525.5700
1628720564360000,0,0.08000000,525.2600
1628720564534000,0,3.97556135,525.2600
1628720574385000,1,1.01997000,525.0100
1628720574436000,1,0.00000706,525.0100
1628720575088000,1,20.69782857,525.0000
1628720576091000,0,0.15500000,525.1700
1628720593762000,0,4.06031000,524.6400
1628720603964000,0,0.00000623,524.6400
1628720687710000,0,0.19223608,526.5700
1628720738868000,0,0.98514357,525.8500
1628720738868000,0,1.01485643,525.8600
1628720744427000,0,0.62622826,525.8600
1628720777424000,0,0.14165247,525.4800
1628720792979000,0,0.96406000,524.1000
1628720793357000,0,1.50000000,524.1000
1628720793435000,0,1.50000000,524.1000
1628720793519000,0,1.50000000,524.1000
1628720794143000,0,0.96294000,524.1800
1628720794573000,0,1.50000000,524.3100
1628720794852000,0,7.90038000,524.4200
1628720809351000,1,0.05953247,522.9000
1628720819042000,0,0.94146000,522.7000
1628720819182000,0,0.00000930,522.7000
1628720819182000,0,1.99999070,522.7100
1628720819265000,0,2.12082000,522.7000
1628720819331000,0,2.27918000,522.7100
1628720821236000,0,2.12082000,522.7100
1628720897023000,0,2.10000000,522.7500
1628720913867000,0,2.50000000,523.0200
1628720914022000,0,3.25867000,523.1300
1628720923600000,0,0.00000352,523.1300
1628720923600000,0,0.94927767,523.3600
1628720929044000,0,2.30801000,523.3600
1628720994885000,0,3.50000000,525.2500
1628720994949000,0,2.90000000,525.2500
1628721009298000,0,2.53332000,524.4600
1628721009445000,0,2.50000000,524.4600
1628721016404000,0,0.90885000,524.6100
1628721016713000,0,0.00000686,524.6100
1628721016713000,0,6.39999314,524.6200
1628721034935000,0,0.88828000,524.4200
1628721036581000,0,11.00000000,524.7100
1628721037417000,0,2.00000000,524.7100
1628721037485000,0,3.00000000,524.7200
1628721037615000,0,2.80287000,524.7200
1628721037685000,0,2.00000000,524.7200
1628721037750000,0,4.50000000,524.7200
1628721037815000,0,3.50000000,524.7200
1628721037883000,0,3.50000000,524.7200
1628721037947000,0,3.50000000,524.7200
1628721038019000,0,6.00000000,524.7200
1628721038050000,0,7.31010000,524.7200
1628721038087000,0,4.00000000,524.7200
1628721038223000,0,5.50000000,524.7200
1628721038301000,0,1.08703000,524.7200
1628721522750000,0,1.24975911,528.3900
1628721534739000,0,0.05072750,527.8400
1628721594347000,0,0.09519930,527.1800
1628721597487000,0,0.27598880,527.1800
1628721600331000,0,0.04992825,527.1800
1628721844539000,1,5.78000000,526.2500
1628721844699000,1,1.41297000,526.2600
1628721844827000,1,2.32630000,526.2500
1628721844896000,1,7.29300000,526.2400
1628721845235000,1,1.09130000,526.2500
1628721886121000,0,0.08470000,526.1200
1628721890051000,0,2.83572107,525.9600
1628721910548000,1,0.13500406,524.9600
1628721931920000,0,6.40000000,525.9200
1628722008639000,0,0.84797919,525.8100
1628722008639000,0,1.58339081,525.8200
1628722012258000,0,0.82900000,525.9800
1628722045685000,0,3.00000000,526.0500
1628722586460000,1,4.05000000,525.1000
1628722767930000,0,2.57390000,526.7500
1628722849637000,0,1.46950000,527.4100
1628723456709000,0,0.83987561,529.0000
1628723456709000,0,0.84012439,529.0000
1628723864610000,0,0.17411560,527.4700
1628723867576000,0,0.16399630,527.6200
1628723871122000,0,0.09499050,527.6200
1628723875499000,0,0.09499050,527.6200
1628723879566000,0,0.09499050,528.5200
1628723883569000,0,0.09499050,528.5200
1628723896184000,1,4.02980000,527.9800
1628723960533000,1,3.64035000,527.8300
1628724049593000,0,0.10000000,528.7600
1628724065027000,1,0.04343803,528.0000
1628724146908000,1,0.10000000,527.4200
1628724287134000,0,0.10000000,526.5200
1628724287134000,0,0.35980000,526.5300
1628724517133000,1,2.00000000,527.0100
1628724641797000,0,0.05510000,527.3000
1628725122254000,1,38.30000000,529.0400
1628725391200000,0,2.53318000,528.0200
1628725395193000,0,0.00000777,528.0200
1628725592850000,1,1.90000000,527.0400
1628726168704000,1,6.30000000,530.0700
1628726411616000,0,4.02000000,528.9300
1628726430515000,0,2.00000000,528.4400
1628726430515000,0,4.03000000,528.4500
1628726430618000,0,0.00245035,528.4500
1628726432265000,0,4.03000000,528.4500
1628726454132000,1,4.03277375,527.5700
1628726487870000,0,4.03000000,527.9600
1628726506478000,0,0.00245035,528.4500
1628726538903000,0,3.50790000,529.4600
1628726547902000,0,4.67390000,529.4700
1628726551038000,0,1.00350000,529.4700
1628726553350000,0,1.66736388,529.4700
1628726553373000,0,0.00000001,529.4700
1628726605124000,0,0.96502774,530.8600
1628726605180000,0,0.00000001,530.8600
1628726638453000,1,0.09000000,532.2700
1628726730586000,1,2.00000000,531.3100
1628726730716000,1,6.30000000,531.3000
1628726777611000,1,1.87000000,531.8300
1628726779092000,1,4.00138000,531.5100
1628726832249000,1,3.98000000,533.8400
1628726833713000,0,6.30000000,534.2100
1628726861645000,0,3.50000000,535.1500
1628726861722000,0,2.80000000,535.1500
1628726886959000,0,2.16820000,535.0000
1628726887032000,0,2.50000000,535.0000
1628726896044000,0,2.50000000,535.6400
1628726927386000,0,3.00000000,535.4200
1628726927445000,0,3.20000000,535.4200
1628726935054000,0,0.07980000,535.7500
1628726937239000,0,0.00000800,535.7500
1628726940063000,0,0.76000000,536.4500
1628726945471000,1,2.35960000,535.9900
1628726945563000,1,1.11370000,535.9900
1628726945741000,1,1.01190000,535.9900
1628726986473000,0,0.00301200,536.4500
1628727001435000,0,0.07714724,537.5000
1628727027592000,0,0.00157443,537.5000
1628727118535000,0,2.00000000,538.4900
1628727143399000,0,0.05390000,539.1800
1628727143410000,0,0.00110000,539.1800
1628727159750000,1,5.50000000,539.0000
1628727159805000,1,0.70000000,539.0000
1628727199200000,0,1.90000000,539.9000
1628727235886000,0,3.94425000,539.8500
1628727235892000,0,0.00000603,539.8500
1628727236412000,0,0.05000000,540.0000
1628727236412000,0,0.16000000,540.0000
1628727236544000,0,0.00728625,540.0000
1628727257922000,0,0.04738857,540.7600
1628727271908000,0,7.21953364,541.1600
1628727271921000,0,3.80677672,541.1600
1628727271921000,0,1.86905580,541.1700
1628727272483000,0,2.29098000,541.2700
1628727272558000,0,3.90902000,541.2700
1628727276660000,0,0.30000000,542.0000
1628727289546000,0,4.72857000,542.3400
1628727289609000,0,1.47143000,542.3400
1628727291490000,0,0.16300000,542.2200
1628727300713000,1,2.00000000,541.4700
1628727314078000,0,0.86729231,540.6300
1628727314384000,0,6.20000000,540.8000
1628727314457000,0,2.16821455,540.9700
1628727314457000,0,0.86721975,540.9700
1628727314675000,0,3.79750000,540.8500
1628727314770000,0,2.40250000,540.8500
1628727349547000,0,34.80000000,541.0600
1628727375417000,1,7.77236000,539.3900
1628727406957000,1,0.09322000,539.0000
1628727407058000,1,0.00000820,539.0000
1628727424789000,0,0.09238576,539.9100
1628727467578000,0,6.20000000,540.1100
1628727468022000,0,6.20000000,540.3300
1628727684209000,1,2.00000000,542.4100
1628727684231000,1,6.20000000,542.4000
1628728027289000,0,7.83355000,543.1500
1628728027627000,0,0.04576317,543.4500
1628728030996000,0,1.82816884,543.6400
1628728045226000,0,2.00000000,543.6700
1628728045230000,0,1.26630000,543.6800
1628728045311000,0,1.01200000,543.6800
1628728045328000,0,3.92170000,543.6800
1628728073767000,1,2.00000000,544.0400
1628728073767000,1,12.71743280,544.0300
1628728073950000,0,1.01160000,544.3000
1628728104627000,0,0.45840000,544.3000
1628728105213000,0,0.09900000,544.4000
1628728112716000,0,1.02650000,544.6100
1628728116754000,0,0.00008195,544.6100
1628728145875000,0,0.50000000,545.0000
1628728182224000,1,1.80000000,545.6900
1628728182224000,1,1.24660000,545.6800
1628728212969000,0,0.86262000,545.1800
1628728213040000,0,0.00000128,545.1800
1628728213040000,0,2.15675130,545.2000
1628728213480000,0,0.86278893,545.3000
1628728278459000,1,0.50000000,542.0200
1628728296913000,1,3.00000000,540.1000
1628728296969000,1,3.20000000,540.1000
1628728301170000,0,2.00000000,540.3200
1628728301236000,0,6.30000000,540.3300
1628728301405000,0,0.51292000,540.4200
1628728301474000,0,1.90000000,540.3500
1628728301474000,0,3.04290000,540.3600
1628728301535000,0,3.15710000,540.3600
1628728301535000,0,1.77310000,540.3600
1628728303891000,0,6.20000000,541.0500
1628728305304000,0,5.50000000,541.4000
1628728305385000,0,0.70000000,541.4000
1628728336260000,1,13.05000000,540.8200
1628728336260000,1,0.00636240,540.8200
1628728345238000,1,2.00000000,539.7100
1628728348156000,0,0.47851000,540.2900
1628728362816000,1,1.85063000,539.1100
1628728377335000,1,0.09521370,538.8400
1628728384178000,0,0.10000000,538.8400
1628728386121000,0,0.00048040,538.8400
1628728387722000,1,0.09519930,538.8900
1628728387781000,1,6.20480070,538.8900
1628728392598000,1,0.27598880,538.2200
1628728487104000,1,3.00000000,538.9200
1628728508083000,0,3.00000000,539.6100
1628728508163000,0,3.20000000,539.6100
1628728541013000,0,0.50000000,538.3100
1628728541084000,0,6.20000000,538.3200
1628728562333000,1,1.85611000,538.3700
1628728572058000,0,3.50000000,538.5800
1628728572127000,0,2.70000000,538.5700
1628728636728000,0,0.13400000,537.5700
1628728642197000,0,2.00000000,537.1800
1628728672949000,0,0.61242000,537.4400
1628728779614000,0,7.19931612,540.4500
1628728779616000,0,0.22304628,540.4500
1628728779625000,0,6.30000000,540.4600
1628728803667000,0,3.93827000,540.9600
1628728804099000,0,3.27676406,541.7000
1628728804099000,0,0.50426523,541.7000
1628728804099000,0,0.50412071,541.7000
1628728823490000,0,0.54911028,541.6200
1628729025416000,1,2.00000000,542.3000
1628729025416000,1,1.84278806,542.3000
1628729025416000,1,3.76727295,542.2900
1628729026327000,1,3.76727000,542.3000
1628729026327000,1,0.15530737,542.2900
1628729026327000,1,1.78354845,542.2900
1628729062790000,1,0.10000000,542.1100
1628729062790000,1,20.99725810,542.1000
1628729067106000,1,3.84643773,541.5300
1628729179489000,1,3.94894876,538.7100
1628729181960000,1,2.13881365,538.7100
1628729270963000,0,2.40000000,540.6300
1628729492869000,0,2.86000000,542.0000
1628729495129000,1,1.84470000,541.7400
1628729495144000,1,0.00001213,541.7400
1628729580762000,1,6.20000000,541.4600
1628729738878000,0,6.20000000,541.4500
1628729740865000,0,1.66980000,541.8100
1628729740893000,0,0.46369532,541.9900
1628729740893000,0,0.00847014,542.0000
1628729740893000,0,0.46364240,542.0500
1628729740893000,0,3.93350890,542.0600
1628729741110000,0,1.99438534,541.9200
1628729741285000,0,0.46366250,542.2500
1628729741285000,0,0.46369532,542.2500
1628729741285000,0,0.46364240,542.2500
1628729741641000,0,0.46369532,543.1900
1628729741641000,0,0.46364240,543.1900
1628729741641000,0,0.46366250,543.1900
1628729749676000,1,6.20000000,542.7200
1628729749676000,1,0.96576296,542.6300
1628729749684000,1,2.95067441,542.6300
1628729749684000,1,3.21200000,542.5100
1628729781246000,0,0.08040000,541.7600
1628729782518000,0,6.20000000,541.8600
1628729941519000,1,5.00000000,543.3500
1628729941567000,1,1.20000000,543.3500
1628730028523000,0,6.20000000,543.9700
1628730028722000,0,0.36838000,544.1700
1628730028801000,0,0.00000373,544.1700
1628730028974000,0,0.36838373,544.5400
1628730028974000,0,2.39403627,544.5400
1628730031276000,0,0.36838000,545.2700
1628730031853000,0,0.04556196,545.8500
1628730047029000,0,0.25978225,544.8400
1628730047029000,0,0.12719289,544.8500
1628730047029000,0,0.25517956,544.8500
1628730074894000,1,6.20000000,543.5500
1628730096454000,1,5.86925000,543.2200
1628730096512000,1,0.33075000,543.2200
1628730097791000,1,6.20000000,543.0100
1628730144002000,1,0.40000000,543.7600
1628730163303000,1,0.64215470,544.2400
1628730301200000,1,6.00000000,542.9700
1628730301300000,1,0.20000000,542.9700
1628730447596000,0,0.26000000,541.4400
1628730630195000,0,6.20000000,542.7100
1628730659925000,1,6.20000000,542.2700
1628730974518000,0,3.91000000,543.6600
1628731047559000,0,0.11790000,544.0300
1628731166037000,0,1.04520000,545.5800
1628731166055000,0,2.86397230,545.5800
1628731166244000,0,1.19660000,545.8200
1628731166285000,0,0.00000467,545.8200
1628731166285000,0,3.28979533,545.9700
1628731174109000,1,3.89698000,545.9100
1628731174152000,1,0.00000585,545.9100
1628731174152000,1,1.83030000,545.8800
1628731174180000,1,0.00008885,545.8800
1628731174180000,1,0.10000000,545.8700
1628731174606000,1,4.57560000,545.7600
1628731175279000,1,3.50000000,545.4300
1628731175345000,1,2.70000000,545.4300
1628731209882000,1,2.83379000,546.0000
1628731209922000,1,0.00000120,546.0000
1628731246273000,1,6.20000000,546.4700
1628731304497000,0,0.62622000,547.0900
1628731323317000,0,0.00000826,547.0900
1628731432796000,1,3.89106484,546.8200
1628731432796000,1,37.56562000,546.6600
1628731432796000,1,48.36224070,546.6500
1628731441162000,0,2.00000000,547.1400
1628731441162000,0,7.40813389,547.1500
1628731441162000,0,3.89186611,547.1600
1628731452678000,1,0.20000000,547.5000
1628731466491000,0,3.88000000,547.7000
1628731502701000,1,5.03580000,547.3800
1628731515077000,0,2.22000000,547.3500
1628731520080000,1,1.82766574,546.7300
1628731546459000,0,0.58000000,547.3400
1628731547004000,0,1.90615619,547.3800
1628731547380000,0,0.03890115,547.3800
1628731567419000,1,3.50000000,546.8300
1628731650237000,1,6.10000000,546.3600
1628731778453000,1,4.50000000,546.1700
1628731778505000,1,1.60000000,546.1700
1628731815136000,1,0.41600270,545.7900
1628731834476000,0,2.51000000,546.2600
1628731836501000,0,50.63000000,546.4200
1628731850629000,0,3.89699034,546.8000
1628731865503000,0,1.90000000,547.6000
1628731865503000,0,33.84000000,547.6300
1628731886837000,0,10.00000000,548.0000
1628731906182000,1,3.80882629,547.4100
1628731998827000,1,2.00000000,547.5700
1628731998827000,1,3.88565382,547.5600
1628731998827000,1,7.15310827,547.5600
1628731998827000,1,3.54525983,547.5500
1628732001485000,1,2.77307000,547.3900
1628732001721000,1,3.32693000,547.3900
1628732004617000,1,1.82557000,547.4200
1628732015936000,1,3.00000000,547.0700
1628732029605000,0,3.89000000,547.7700
1628732035624000,0,0.00012485,547.7700
1628732035624000,0,3.88987515,547.7700
1628732050660000,0,0.00024970,547.7700
1628732050660000,0,1.99975030,547.9100
1628732062027000,0,3.88000000,547.9000
1628732073654000,1,3.88000000,547.2800
1628732073709000,1,0.00698950,547.2800
1628732176270000,1,1.82815356,546.6400
1628732302034000,1,3.90000000,544.7900
1628732337618000,0,7.46242536,544.5900
1628732370107000,1,2.00000000,543.9500
1628732370159000,1,6.20000000,543.9400
1628733025035000,1,3.90490000,544.8900
1628733046871000,0,0.17740000,545.9100
1628733231111000,1,1.90000000,547.7800
1628733886976000,1,1.11590000,547.6200
1628734045797000,0,9.07572235,549.0000
1628734045797000,0,0.40000000,549.0000
1628734045797000,0,0.99427765,549.0000
1628734046480000,0,0.00572235,549.0000
1628734046480000,0,0.03956306,549.2100
1628734087100000,1,3.00000000,548.5700
1628734105713000,0,0.09000000,548.8700
1628734105754000,0,0.00483167,548.8700
1628734145452000,0,3.87752982,549.4900
1628734226562000,0,1.80000000,549.2100
1628734226618000,0,0.00180181,549.2100
1628734260386000,1,1.82104000,548.8100
1628734260447000,1,0.00000251,548.8100
1628734260447000,1,6.19999749,548.8000
1628734482944000,0,0.11680000,549.0500
1628734508185000,0,0.50000000,548.8700
1628734551223000,1,5.32156000,547.8400
1628734585121000,1,1.82481000,547.6500
1628734642031000,1,0.12186070,547.3900
1628734698054000,1,0.17411560,547.4000
1628734703483000,1,0.16399630,547.4000
1628734708606000,1,0.09499050,547.3900
1628734713646000,1,0.09499050,547.3900
1628734718823000,1,0.09499050,547.3900
1628734724067000,0,0.09499000,547.1900
1628734724211000,0,0.00000050,547.1900
1628734903315000,0,2.53540000,548.9900
1628734907923000,0,0.13000000,549.5000
1628734913021000,0,1.29780000,550.0000
1628734913051000,0,0.25610909,550.0000
1628734913051000,0,1.79679091,550.0000
1628734913416000,0,1.07190000,550.0000
1628734913475000,0,29.05321030,550.0000
1628734913518000,0,21.86254648,550.0000
1628734918381000,1,0.50000000,549.7000
1628734918720000,1,4.27018000,549.6900
1628734919598000,1,2.50000000,549.5100
1628734919662000,1,1.10000000,549.5100
1628734919744000,1,2.50000000,549.5100
1628734974951000,1,6.10000000,550.0600
1628734994941000,0,7.55653446,550.2500
1628735011920000,1,6.10000000,549.6300
1628735012145000,1,4.54358663,549.3400
1628735012145000,1,1.81841337,549.3400
1628735012221000,1,0.00013877,549.3400
1628735012386000,1,1.81760000,549.2000
1628735216033000,1,6.10000000,549.8000
1628735312515000,0,6.09999999,550.9100
1628735312520000,0,0.00000001,550.9100
1628735312722000,0,1.81539000,551.0700
1628735312723000,0,1.81530000,551.0700
1628735313041000,0,6.10000000,551.4900
1628735313057000,0,1.62030000,551.5300
1628735411774000,1,3.26500000,550.7700
1628735462849000,0,7.58000000,551.6600
1628735462862000,0,0.00272806,551.6600
1628735495545000,0,3.20000000,551.4500
1628735495789000,0,0.00470784,551.4500
1628735529565000,1,3.40000000,551.1800
1628735691884000,1,1.81788000,549.7600
1628735692006000,1,1.00290000,549.6600
1628735692029000,1,0.08000000,549.6600
1628735692046000,1,0.73498435,549.6600
1628735929429000,0,2.00000000,551.5700
1628735929429000,0,1.86245000,551.5800
1628735939221000,1,2.82498000,551.1900
1628735975630000,0,3.86328717,551.5400
1628736060260000,0,0.08196318,553.5200
1628736060260000,0,1.80761875,553.5500
1628736060260000,0,1.90000000,553.5500
1628736066327000,1,1.80690000,553.0200
1628736066338000,1,0.00005896,553.0200
1628736066338000,1,4.46074104,553.0100
1628736115508000,1,3.50000000,552.3400
1628736128781000,1,0.09110190,551.5800
1628736128781000,1,0.11974350,551.5800
1628736128781000,1,0.09250440,551.5800
1628736128781000,1,0.09717660,551.5800
1628736128781000,1,0.26827730,551.5800
1628736173116000,1,6.10000000,551.3600
1628736347242000,1,6.10000000,550.3900
1628736404866000,1,1.81000000,549.7400
1628736404893000,1,0.00758697,549.7400
1628736473509000,0,3.87401000,549.8900
1628736473611000,0,0.00000510,549.8900
1628736473743000,0,1.81901000,550.0900
1628736473775000,0,0.00000526,550.0900
