timestamp ms,type,amount,price
1626221095342000,0,5.07730000,394.5900
1626221103110000,0,6.56364751,395.2000
1626221103110000,0,0.82458469,395.2100
1626221103409000,0,0.07500000,395.2000
1626221404601000,0,4.00000000,395.0600
1626221404667000,0,1.37857000,395.0600
1626221404995000,0,0.00000840,395.0600
1626221421926000,0,0.70000000,396.4200
1626221421926000,0,2.88561915,396.4300
1626221428532000,1,1.01288237,396.5300
1626221442312000,1,0.96739970,397.0200
1626221522327000,0,5.24899785,396.7900
1626221525359000,0,3.01850000,396.9700
1626221525435000,0,2.33520000,396.9700
1626221525669000,0,0.00000763,396.9700
1626221526008000,0,5.35045000,397.1800
1626221528356000,0,4.50000000,397.5900
1626221547703000,1,0.13936929,397.6800
1626221605815000,0,2.38265613,397.7200
1626221615884000,1,2.51567264,396.9800
1626221636752000,0,5.00000000,397.0100
1626221637017000,0,0.35338000,397.0100
1626221653842000,0,0.00000898,397.0100
1626221653842000,0,5.35133102,397.2300
1626221695207000,0,1.30000000,397.1300
1626221838529000,0,0.25663403,395.2200
1626221949516000,0,5.38703000,394.5200
1626222070744000,0,0.14018022,394.0700
1626222090802000,0,5.39817954,393.8300
1626222275646000,1,3.06430000,392.7600
1626222275844000,1,9.67557000,392.7800
1626222345626000,0,5.42106000,392.0700
1626222345640000,0,0.00000684,392.0700
1626222431532000,0,5.42097000,392.0200
1626222550200000,0,5.42898000,391.3600
1626222812308000,1,3.96560000,390.5000
1626222812308000,1,0.43523687,390.5000
1626222812312000,1,0.00000001,390.5000
1626222858208000,1,1.00000000,390.0000
1626222858208000,1,0.67000000,390.0000
1626222858444000,1,0.33000000,390.0000
1626222858444000,1,0.10000000,390.0000
1626222916320000,0,4.68240000,389.9700
1626222916504000,0,1.73450366,389.9700
1626223161119000,1,1.92000000,387.7800
1626223161615000,1,0.10000000,387.5800
1626223161660000,1,0.34927732,387.5800
1626223272394000,0,1.92000000,387.6600
1626223272394000,0,0.16222004,387.7200
1626223565637000,0,8.60000000,387.3400
1626223621949000,0,5.48606000,387.3200
1626224046648000,1,1.20800000,387.5000
1626224134779000,1,0.97065699,386.0000
1626224135205000,1,0.01980933,386.0000
1626224270891000,0,12.57764000,386.8300
1626224375590000,0,10.80000000,388.3700
1626224461358000,0,5.48789461,387.2000
1626224461358000,0,0.04289539,387.2000
1626224461435000,0,8.65710000,387.2000
1626224520227000,1,0.49891447,386.8000
1626224538744000,1,13.05635000,386.5500
1626224750401000,0,4.50000000,386.5700
1626224750500000,0,0.99642000,386.5700
1626224794901000,0,5.50019000,386.3000
1626224859258000,0,0.00000577,386.3000
1626224859258000,0,3.49999423,386.4100
1626224983406000,0,11.00000000,385.8700
1626224983492000,0,1.80000000,385.8700
1626224994728000,0,5.60264000,386.1600
1626224994798000,0,4.49736000,386.1600
1626225003094000,1,22.20000000,385.9700
1626225136403000,1,0.10000000,385.0000
1626225136501000,1,0.07500000,384.7400
1626225182842000,0,7.00264000,384.4400
1626225183639000,0,7.00000000,384.5600
1626225183643000,0,0.07500000,384.5600
1626225183716000,0,1.72500000,384.5600
1626225215573000,0,8.70000000,384.7000
1626225282638000,1,3.24340000,384.0000
1626225282925000,1,0.75660000,384.0000
1626225303594000,0,5.53411000,383.9200
1626225307024000,0,0.00000154,383.9200
1626225307024000,0,9.54088846,384.0300
1626225352533000,0,6.00000000,385.1100
1626225352639000,0,2.48050000,385.1100
1626225352812000,0,3.51950000,385.1100
1626225356706000,0,13.05635996,385.3000
1626225356706000,0,0.64364004,385.3300
1626225356897000,0,13.05635000,385.3300
1626225600284000,1,0.22441300,385.3600
1626225676596000,1,0.10515854,386.1100
1626226082945000,0,0.10100000,386.2400
1626226083394000,0,1.92000000,386.2300
1626226083394000,0,5.39962581,386.2400
1626226083394000,0,5.59475177,386.2400
1626227138018000,0,12.22415000,388.5000
1626227138096000,0,3.37585000,388.5000
1626227318866000,0,1.92000000,389.5800
1626227318866000,0,2.56835724,389.5900
1626227318866000,0,1.92000000,389.6000
1626227318866000,0,5.45841072,389.6100
1626227318866000,0,5.11164276,389.6800
1626227724692000,0,8.70000000,387.8300
1626228085369000,0,6.00000000,387.6300
1626228541739000,1,3.48860000,387.9800
1626228657957000,0,11.42415000,388.6600
1626228658134000,0,3.37585000,388.6600
1626228701542000,0,2.57150000,389.1100
1626228701591000,0,0.00006539,389.1100
1626228734581000,1,2.56940000,388.9000
1626228734669000,1,0.00005351,388.9000
1626231002939000,0,4.82430000,389.5400
1626231182853000,0,6.62414000,389.8600
1626231182925000,0,3.50000000,389.8600
1626231182995000,0,1.97586000,389.8600
1626232622696000,1,4.56776000,388.5800
1626232626116000,1,5.50000000,388.4700
1626232626512000,1,3.20000000,388.4700
1626233034377000,1,1.92000000,385.7500
1626233050947000,1,1.92000000,384.2000
1626233063591000,1,0.09086955,382.2200
1626233070626000,0,1.30000000,381.5000
1626233070919000,0,8.70000000,381.5000
1626233074014000,0,9.90000000,381.2000
1626233075828000,1,40.00000000,381.0000
1626233076996000,1,7.11245000,380.6200
1626233077334000,1,0.00000191,380.6200
1626233079745000,0,4.86400000,380.9600
1626233079784000,0,0.24337000,380.9600
1626233080450000,0,1.50080000,380.9600
1626233080483000,0,1.21750000,380.9600
1626233080596000,0,2.37433000,380.9600
1626233082179000,0,1.00000000,381.1700
1626233082179000,0,5.02665000,381.1800
1626233082259000,0,3.00000000,381.1800
1626233082857000,0,0.37335000,381.1700
1626233086879000,0,1.92000000,381.9700
1626233097944000,0,5.20665000,381.5100
1626233098090000,0,5.00000000,381.5100
1626233098164000,0,4.00000000,381.5100
1626233098235000,0,0.99335000,381.5100
1626233111773000,0,7.00665000,381.4200
1626233111843000,0,3.69335000,381.4200
1626233136058000,0,16.00000000,380.7300
1626233137205000,1,0.24369000,380.4900
1626233137293000,1,0.00000684,380.4900
1626233139980000,1,0.44685158,380.3500
1626233140736000,1,5.00000000,380.0100
1626233140805000,1,0.00000240,380.0100
1626233140827000,1,1.97000000,380.0000
1626233140827000,1,7.00000000,380.0000
1626233140827000,1,0.22000000,380.0000
1626233140827000,1,4.00000000,380.0000
1626233143679000,0,0.12052274,380.3800
1626233146641000,1,0.24620605,379.3200
1626233148103000,1,1.67379395,379.3200
1626233148103000,1,0.20693932,379.2100
1626233154919000,0,15.30000000,379.6700
1626233161565000,1,1.92000000,379.0100
1626233163265000,1,1.92000000,379.0100
1626233163427000,1,0.10135348,379.0000
1626233166646000,1,1.92000000,378.6200
1626233166646000,1,51.52328000,378.6000
1626233166646000,1,1.06135505,378.4600
1626233168049000,1,0.85864495,378.4600
1626233168049000,1,2.92282710,378.3200
1626233177747000,1,0.14700000,377.0100
1626233178046000,1,0.15000000,377.0000
1626233195942000,0,0.52410000,379.0100
1626233326427000,1,1.92000000,379.4800
1626233326427000,1,1.08000000,379.4800
1626233387722000,1,2.63077000,379.7800
1626233413654000,1,2.63248000,379.4100
1626233520651000,0,1.50000000,377.9700
1626233521009000,0,1.00000000,377.9700
1626233521298000,0,13.40000000,377.9700
1626233635872000,1,1.30000000,379.9200
1626233636030000,1,1.32895179,379.9200
1626233895010000,0,0.07670000,378.9800
1626234021757000,0,16.30000000,379.6200
1626235247763000,1,2.62850000,380.0000
1626235359942000,1,2.62878000,380.1100
1626235359996000,1,0.00000788,380.1100
1626236065862000,0,0.12990000,381.9400
1626236663181000,1,2.60518000,383.6300
1626236663192000,1,0.00000704,383.6300
1626236663196000,1,4.90330000,383.6200
1626236753498000,1,0.95972839,383.2600
1626238160306000,0,0.58560000,382.5400
1626239065465000,1,2.62525000,380.5800
1626239065923000,1,2.62525000,380.4300
1626239067547000,1,1.92000000,380.2600
1626239569097000,0,1.59404630,382.7300
1626240040500000,1,0.26531000,382.2700
1626240556941000,1,2.62130000,381.2000
1626240557042000,1,0.00002969,381.2000
1626240561084000,1,6.33300000,380.7700
1626240561264000,1,2.48910000,380.7700
1626240561358000,1,0.07500000,380.7700
1626240561369000,1,1.00290000,380.7700
1626240874255000,1,1.00000000,380.2600
1626240897439000,1,1.00000000,380.0000
1626240991067000,0,0.05646591,380.4700
1626241390991000,1,2.63407638,379.3100
1626241422058000,0,0.07500000,378.0900
1626241469648000,0,11.00290000,378.3300
1626241752609000,0,1.92000000,381.0600
1626241752664000,1,0.07500000,381.1000
1626241752666000,1,3.00500000,381.1000
1626242093152000,1,1.55355577,378.0600
1626242158354000,0,0.14070000,378.7000
1626242159674000,1,0.29760053,378.1900
1626242449045000,0,1.92000000,380.3100
1626242449045000,0,1.93293966,380.3400
1626242449045000,0,1.05245308,380.3500
1626243329990000,0,4.00500000,377.2700
1626243330081000,0,5.00000000,377.2700
1626243330187000,0,3.69500000,377.2700
1626243354625000,1,3.00000000,378.2400
1626243424766000,1,1.92000000,379.4600
1626243586589000,0,1.00000000,380.0000
1626243840269000,1,0.07062281,378.7700
1626244188301000,0,0.12740000,380.0700
1626244200214000,0,0.08310000,380.0500
1626244383254000,1,1.00000000,380.0000
1626245029676000,1,0.57805841,381.3100
1626245100971000,0,0.30000000,381.8100
1626245708430000,1,2.63209343,379.7000
1626245708507000,1,13.05636240,379.7100
1626245736803000,0,0.74819270,379.0200
1626245771519000,0,5.80500000,378.5300
1626245771592000,0,4.50000000,378.5300
1626245771602000,0,0.07500000,378.5300
1626245771657000,0,3.82000000,378.5300
1626245841810000,0,4.50000000,378.2400
1626245841851000,0,5.51680000,378.2400
1626245887940000,1,7.70980000,378.2800
1626245913520000,0,0.09489104,378.2200
1626246029139000,0,7.68485385,378.9700
1626246113858000,0,7.50000000,378.5000
1626246113971000,0,7.00000000,378.5000
1626246114050000,0,1.30000000,378.5000
1626246120379000,0,0.37908410,378.7900
1626246169972000,0,13.90000000,378.9600
1626246486909000,0,1.92000000,380.4700
1626246876348000,0,13.05636240,380.5500
1626247072140000,0,0.26123027,380.8900
1626247137693000,0,0.12774319,381.5400
1626247486588000,0,16.40000000,381.4700
1626247567896000,0,0.11150002,381.3300
1626247632898000,0,0.13056714,381.0300
1626248136152000,0,5.62370000,381.7100
1626248368349000,0,0.10130000,382.4400
1626249668484000,0,0.14265443,382.6400
1626250191156000,1,0.50000000,382.9100
1626250191742000,1,13.05636240,382.7100
1626250191742000,1,15.20000000,382.6900
1626250200353000,0,1.51942570,383.1200
1626250300687000,0,0.16430000,383.1300
1626250383967000,1,2.61000000,382.6600
1626250384003000,1,0.00095208,382.6600
1626250551880000,0,0.37930000,383.0300
1626250680316000,0,0.19937835,382.6300
1626251152814000,0,0.07493348,383.1200
1626251201933000,0,1.92000000,382.7800
1626251201933000,0,0.08000000,382.8400
1626251733618000,1,2.61000000,382.0000
1626251733652000,1,0.00599627,382.0000
1626251840382000,0,0.25662488,382.4800
1626251841391000,0,0.25662488,382.4400
1626251842413000,0,0.25662488,382.4400
1626251843510000,0,0.25662488,382.4400
1626251844479000,0,0.25662488,382.4400
1626251845519000,0,0.25662488,382.4400
1626251846500000,0,0.25662488,382.4400
1626251847605000,0,0.25662488,382.4400
1626251848602000,0,0.12362584,382.4400
1626251848602000,0,0.13559353,382.4800
1626251849610000,0,0.13559352,382.3900
1626251849610000,0,0.12103135,382.4800
1626251869837000,1,1.75350000,382.6000
1626251871365000,1,4.72000000,382.6000
1626251871370000,1,0.00668361,382.6000
1626252102661000,1,1.01942570,381.7100
1626252102661000,1,2.61801394,381.7000
1626252102730000,0,6.36256036,381.7000
1626252217932000,0,0.08260000,381.9000
1626252440012000,0,1.86515000,381.4000
1626252654473000,0,0.07600000,380.6100
1626252694578000,1,2.62907000,380.1100
1626252831008000,1,1.83668000,380.0000
1626252832650000,0,0.07640000,380.0900
1626252845298000,1,0.00000421,380.0000
1626252864394000,1,0.05280000,379.3400
1626252928656000,0,3.03804000,379.2500
1626252960267000,0,0.26128266,379.3400
1626253138631000,0,4.00000000,378.6100
1626253139513000,0,6.50000000,378.7500
1626253139581000,0,2.40000000,378.7500
1626253146850000,0,0.33430000,378.7200
1626253207036000,1,7.50000000,378.5300
1626253207124000,1,0.07500000,378.5300
1626253207124000,1,1.22500000,378.5300
1626253207785000,0,1.92000000,378.5600
1626253224623000,0,0.12075381,377.6000
1626253224623000,0,1.17924619,377.6200
1626253231349000,0,1.87391000,377.7500
1626253233508000,0,2.64920000,377.7200
1626253241490000,0,3.00000000,377.4900
1626253241490000,0,5.90000000,377.5000
1626253307159000,0,3.00000000,378.4100
1626253307230000,0,5.90000000,378.4200
1626253329531000,0,5.50000000,379.0400
1626253329719000,0,2.10000000,379.0400
1626253329887000,0,3.00000000,379.0400
1626253330125000,0,2.50000000,379.0400
1626253348423000,0,2.63625000,379.5700
1626253352533000,0,0.00000476,379.5700
1626253368811000,0,8.80000000,380.3000
1626253380834000,0,7.07286000,381.0600
1626253381130000,0,3.50000000,381.0700
1626253381204000,0,3.47278000,381.0700
1626253381292000,0,10.66390000,381.0700
1626253381296000,0,7.00000000,381.0700
1626253381392000,0,22.50000000,381.0700
1626253381526000,0,4.00000000,381.0700
1626253381816000,0,4.50000000,381.0700
1626253381870000,0,3.01877000,381.0700
1626253400566000,0,0.12922373,382.9900
1626253400566000,0,0.12717476,383.0100
1626253401600000,0,0.12440835,382.7900
1626253401600000,0,0.12367069,382.8600
1626253401600000,0,1.92000000,382.9800
1626253401600000,0,0.12298192,382.9900
1626253462743000,1,0.14181394,384.2600
1626253463318000,1,0.14181394,384.2600
1626253468325000,1,0.52230229,384.3500
1626253473965000,1,1.92000000,384.5300
1626253483050000,0,2.39620000,385.7600
1626253483240000,0,1.63100000,385.7600
1626253483377000,0,0.07500000,385.7600
1626253483379000,0,4.59780000,385.7600
1626253491244000,1,1.92000000,386.5000
1626253491558000,1,5.00000000,386.4500
1626253491681000,1,0.07500000,386.4500
1626253491913000,1,1.61603516,385.8600
1626253545252000,1,0.09760000,387.3300
1626253547255000,1,0.09760000,387.3600
1626253547940000,1,0.45184500,387.3600
1626253552382000,1,1.92000000,387.8500
1626253552884000,1,1.92000000,387.7900
1626253603715000,0,0.12951016,388.5000
1626253603715000,0,0.11958984,388.5200
1626253651175000,1,0.97350000,388.5300
1626253651982000,1,8.60000000,388.6700
1626253662828000,0,0.19460000,388.6500
1626253787269000,0,9.12230469,387.8800
1626253787269000,0,3.77769531,387.8900
1626253787300000,0,1.22000000,387.8900
1626253787405000,0,7.90230469,387.8900
1626253883193000,0,5.47021565,388.3300
1626254044978000,0,2.48840000,389.7500
1626254045121000,0,1.42870000,389.7500
1626254045206000,0,0.07500000,389.7500
1626254045211000,0,5.30790000,389.7500
1626254048344000,1,1.16390000,390.0500
1626254159645000,0,1.92000000,389.9700
1626254160162000,0,1.92000000,390.0600
1626254160162000,0,0.42067307,390.0700
1626254160609000,0,0.42067307,390.0500
1626254175219000,0,0.08280076,390.6300
1626254175316000,0,0.00168981,390.6300
1626254177552000,1,0.77520000,390.4100
1626254180786000,1,0.09690000,390.3500
1626254182445000,1,0.09690000,390.4100
1626254185586000,1,0.09680000,391.1400
1626254187884000,1,1.92000000,391.2400
1626254216674000,1,0.96590000,391.6000
1626254269220000,1,0.09650000,391.6800
1626254270900000,0,7.00000000,392.3700
1626254270971000,0,2.90000000,392.3700
1626254271226000,1,0.96500000,391.9200
1626254289803000,1,2.54308000,392.8700
1626254289998000,1,2.54308000,392.8600
1626254298478000,0,0.38053097,393.2400
1626254312677000,0,1.92000000,392.5800
1626254312677000,0,15.80000000,392.6500
1626254312677000,0,7.44571057,392.9300
1626254312677000,0,5.41135039,392.9400
1626254312677000,0,39.03806000,392.9900
1626254312677000,0,9.39483569,393.2500
1626254329715000,1,0.88900563,392.9500
1626254350026000,0,1.92000000,393.0900
1626254350026000,0,0.12500602,393.1200
1626254350026000,0,5.13538711,393.1400
1626254371581000,0,1.92000000,393.5300
1626254371581000,0,2.00000000,393.5700
1626254371581000,0,11.20000000,393.5800
1626254371581000,0,5.40174586,393.5900
1626254371581000,0,0.12632712,393.7300
1626254371581000,0,2.54308000,393.7700
1626254371581000,0,6.92297218,393.7900
1626254371581000,0,5.40440414,393.8000
1626254371581000,0,0.12448777,393.8600
1626254371581000,0,37.19448328,393.9200
1626254373057000,1,3.00000000,393.2200
1626254388985000,0,1.92000000,393.3800
1626254388985000,0,5.40435524,393.3900
1626254388985000,0,1.92000000,393.5100
1626254388985000,0,5.22663875,393.6000
1626254392426000,0,1.79795700,394.1500
1626254398537000,0,0.13361056,394.7200
1626254398537000,0,0.07500000,394.7200
1626254398537000,0,0.89000000,394.8700
1626254398537000,0,3.00000000,394.8800
1626254398537000,0,2.71000000,394.8900
1626254398537000,0,2.80382779,394.9000
1626254399220000,0,0.19617000,394.9000
1626254433668000,0,4.71330000,393.8300
1626254433757000,0,6.00000000,393.8300
1626254433845000,0,4.00000000,393.8300
1626254434036000,0,1.08669999,393.8300
1626254434177000,0,0.00000001,393.8300
1626254456578000,0,0.07350000,393.5400
1626254488082000,0,3.00000000,393.6400
1626254488164000,0,2.89200248,393.6400
1626254488222000,0,5.00000000,393.6400
1626254488294000,0,0.00799752,393.6400
1626254489094000,0,1.20333687,393.8600
1626254489149000,0,4.18686601,393.8600
1626254495942000,0,11.20000000,393.8600
1626254513941000,0,13.30000000,393.9800
1626254513941000,0,0.07500000,393.9800
1626254513941000,0,5.01977537,394.1000
1626254607677000,0,3.54271073,393.9100
1626254607687000,0,0.59000951,393.9100
1626254610602000,0,6.00000000,394.1300
1626254610696000,0,3.10000000,394.1300
1626254824627000,1,1.00000000,393.9300
1626254925550000,0,0.00000221,394.9000
1626254962993000,0,1.50000000,394.4400
1626254984021000,0,0.06517616,395.0100
1626255009426000,1,3.00000000,394.6800
1626255009426000,1,0.80799000,394.6800
1626255057433000,0,1.00000000,394.5300
1626255095991000,1,1.79653000,393.9400
1626255198192000,1,2.53424000,394.3600
1626255409440000,1,6.66923000,393.6300
1626255409456000,1,1.30950000,393.6300
1626255409457000,1,0.73540240,393.6300
1626255861143000,0,0.50487012,393.3100
1626255863455000,0,5.50000000,393.3100
1626255932840000,1,0.55388300,392.8700
1626255934094000,1,8.73190000,392.8700
1626255968807000,0,5.21990000,392.9000
1626255968976000,0,1.06490000,392.9000
1626255998477000,0,0.05423682,392.9500
1626256051507000,1,1.88561426,392.4900
1626256051531000,1,1.88561426,392.4900
1626256063511000,1,1.86797339,392.3900
1626256063517000,1,0.05202661,392.3900
1626256223511000,1,1.00000000,392.0000
1626256258626000,1,2.54904000,391.9700
1626256360045000,0,0.28121135,391.8500
1626256397849000,0,1.00210000,391.6300
1626256490413000,1,7.00000000,391.6800
1626256490470000,1,6.50000000,391.6800
1626256536622000,1,1.92000000,392.9200
1626256605241000,1,6.37919000,391.4600
1626256605296000,1,0.00000016,391.4600
1626256605717000,1,2.55301428,391.3200
1626256605717000,1,4.12728572,391.3100
1626256605874000,1,2.24977707,391.3100
1626256666514000,0,6.30120000,391.7600
1626256666634000,0,2.17800000,391.7500
1626256722780000,1,9.00000000,392.3300
1626256874586000,1,4.64890000,391.9700
1626256874699000,1,10.00000000,391.9700
1626256961866000,1,2.17800000,391.4300
1626257116728000,0,5.24320000,391.6800
1626257168065000,0,1.16910000,392.0000
1626257168707000,0,1.16470000,392.0000
1626257415940000,1,0.26943043,392.4100
1626257912292000,1,8.83450000,393.7200
1626258400271000,1,1.92000000,395.1000
1626258429667000,1,2.53217000,394.5600
1626258488252000,0,1.92000000,394.6000
1626258488252000,0,3.13403096,394.6700
1626258671630000,1,1.48360000,394.3300
1626258671691000,1,1.05031483,394.3300
1626258823252000,1,2.54126000,393.1900
1626258824428000,1,0.07500000,392.9300
1626258824432000,1,2.46828398,392.9300
1626258828846000,1,2.54530000,392.5600
1626258962483000,0,11.23532000,392.6100
1626259181164000,0,4.50000000,392.5300
1626259188527000,0,0.49320000,392.7400
1626259203179000,0,0.12120000,392.7000
1626259320622000,0,0.11921727,392.5800
1626259455989000,0,0.07531263,392.6300
1626259624792000,0,0.25462137,392.0200
1626259878781000,0,7.25420000,392.3100
1626259878962000,0,13.05636000,392.2700
1626259884437000,0,2.97910000,392.9300
1626259965400000,1,1.92000000,393.4000
1626260060797000,0,5.39847003,393.0300
1626260060797000,0,1.92000000,393.1000
1626260060797000,0,3.00000000,393.1000
1626260060797000,0,7.52000000,393.1100
1626260312874000,0,0.08320000,393.3400
1626260526743000,0,5.50000000,394.1700
1626260526810000,0,6.00000000,394.1700
1626260526956000,0,0.07500000,394.1700
1626260526960000,0,1.12500000,394.1700
1626260545210000,1,1.92000000,394.2900
1626260612864000,0,0.09820000,394.4400
1626260951169000,0,0.49944225,394.1800
1626261207985000,0,3.15864000,393.7700
1626261208048000,0,3.50000000,393.7700
1626261208111000,0,2.94136000,393.7700
1626261326828000,1,1.92000000,393.3000
1626261460200000,0,0.40800000,393.7400
1626261613633000,1,1.92000000,393.0500
1626261699575000,1,2.54452926,392.6400
1626261744474000,1,2.54551000,392.5900
1626261744768000,1,0.00000380,392.5900
1626261760139000,1,0.76214198,392.4100
1626261974227000,0,0.15185816,393.1300
1626262294695000,1,8.20288000,392.1500
1626262333318000,0,0.49410000,392.0000
1626262666526000,1,4.09130000,391.9100
1626262666781000,1,1.11930000,391.9200
1626262838654000,0,0.25718581,392.4400
1626262990217000,1,10.00000000,392.3100
1626263129503000,1,1.92000000,392.4900
1626263129503000,1,1.43529538,392.4800
1626263702165000,0,0.09760000,392.8300
1626263880282000,0,1.03629656,393.4400
1626264005500000,0,10.66490000,393.8000
1626264005937000,0,2.13423857,393.8000
1626264005937000,0,15.39576143,393.8100
1626264005995000,0,0.00423857,393.8100
1626264140148000,0,5.19155000,394.3100
1626264168482000,0,1.26700000,394.6000
1626264168508000,0,0.50933945,394.6000
1626264168551000,0,1.18790000,394.6000
1626264168552000,0,4.00000000,394.6000
1626264168621000,0,4.53576055,394.6000
1626264557937000,0,0.15110000,394.0000
1626264637403000,0,0.25265349,393.8200
1626265212160000,0,6.00000000,392.9700
1626265212234000,0,4.30000000,392.9700
1626265476898000,1,1.92000000,392.6000
1626265476911000,1,1.92000000,392.6000
1626265508249000,0,6.20000000,392.8200
1626265726877000,1,0.05280000,392.5800
1626265771213000,0,0.63144096,393.1200
1626265810665000,0,7.50000000,392.7300
1626265811589000,0,4.50000000,392.7900
1626265923509000,0,3.78142878,393.9000
1626266112694000,0,16.50000000,393.3500
1626266112694000,0,5.00000000,393.3500
1626266112775000,0,3.40000000,393.3500
1626266604492000,1,12.99779118,392.5100
1626266604492000,1,2.93080882,392.5000
1626266605595000,1,1.24540000,392.5000
1626266786281000,1,2.54376000,392.7900
1626266811084000,0,0.24041714,393.1500
1626267041190000,0,0.63081491,393.3400
1626267048259000,0,0.07569201,393.4200
1626267606087000,0,9.28840000,393.3600
1626267606277000,0,1.11160000,393.3600
1626267721636000,0,13.05636000,394.6200
1626267721825000,0,0.00000240,394.6200
1626268074419000,0,1.83668000,395.0000
1626268213248000,0,6.63912000,396.4500
1626268213402000,0,1.76080000,396.4500
1626268365623000,0,0.00001024,397.2300
1626268365623000,0,6.12399548,397.2800
1626268395162000,1,1.92000000,399.2800
1626268395162000,1,3.00000000,399.2200
1626268395162000,1,0.30065644,399.1900
1626268423761000,0,0.09145000,400.1600
1626268423805000,0,0.00000025,400.1600
1626268440323000,0,0.24051877,401.1300
1626268447546000,1,0.07500000,399.9200
1626268447651000,1,1.84500000,399.9200
1626268590866000,1,13.05636240,400.1400
1626268606135000,1,6.25080000,399.5400
1626268613469000,1,0.00007310,399.5400
1626268613469000,1,2.59672690,399.2900
1626268614309000,1,1.16460000,399.1200
1626268645198000,1,0.10000000,398.9800
1626268645394000,1,2.50447048,398.8200
1626268645394000,1,6.26163952,398.8200
1626268645406000,1,0.00000531,398.8200
1626268651625000,0,0.04989469,398.8400
1626268800320000,0,0.07295283,399.3900
1626268862806000,0,0.08150000,398.7400
1626269160364000,0,1.28944568,398.9200
1626269386604000,0,1.92000000,399.2200
1626269472308000,0,9.80000000,399.0100
1626269552404000,0,2.16078000,400.0000
1626269554493000,0,0.00000703,400.0000
1626269555496000,0,3.53888000,400.4400
1626269555570000,0,3.00000000,400.4400
1626269555573000,0,6.06112000,400.4400
1626269666207000,0,0.12298971,399.9600
1626269847920000,0,0.48400000,400.1400
1626269943165000,0,0.25404000,400.0000
1626269943192000,0,0.00000733,400.0000
1626270035656000,0,0.07260000,400.2400
1626270104369000,0,1.02680000,400.5100
1626270110257000,1,0.10086863,400.6200
1626270242043000,0,1.92000000,400.8600
1626270243443000,0,10.19400000,400.9500
1626270243449000,0,1.20600000,400.9500
1626270279277000,0,1.00000000,402.0000
1626270279277000,0,0.24650000,402.0000
1626270668912000,0,3.50000000,402.3600
1626270669053000,0,3.50000000,402.3700
1626270669130000,0,4.00000000,402.3600
1626270669267000,0,4.52956240,402.3600
1626270669267000,0,1.31433760,402.3700
1626270669340000,0,3.50000000,402.3700
1626270669410000,0,2.85610000,402.3700
1626270669837000,0,3.17346000,402.3700
1626270670018000,0,1.35610000,402.3700
1626270752142000,1,8.30000000,401.9700
1626270752210000,1,2.48570000,401.8600
1626271022244000,0,4.14390000,402.1300
1626271316137000,1,0.28280400,402.6100
1626271565267000,1,1.16590000,404.0700
1626271565365000,1,1.14310000,404.0700
1626271565376000,1,0.16394597,404.0700
1626271759942000,0,0.23655000,404.0500
1626271759942000,0,0.00000300,404.0500
1626272151046000,0,0.86985807,403.2000
1626272227552000,1,2.48565000,401.9900
1626272227624000,1,2.48565000,401.9700
1626272267641000,0,9.27000000,401.7500
1626272267677000,0,6.03000000,401.7500
1626272442684000,0,5.25000000,402.4700
1626272442714000,0,0.00947946,402.4700
1626272743400000,0,0.07981990,402.6800
1626272941745000,0,0.24665741,402.5500
1626272988933000,0,0.94880000,402.4200
1626273805195000,1,0.12890000,402.0500
1626273805392000,1,0.00000347,402.0500
1626273967317000,0,0.74004580,402.3500
1626274046740000,0,0.11870000,402.1000
1626274356571000,0,0.32900000,402.2400
1626274506015000,0,0.11944723,402.2200
1626274560279000,0,0.63290454,402.4900
1626275268954000,1,1.92000000,402.0300
1626275268954000,1,11.01915963,401.9900
1626275268954000,1,2.48617686,401.9500
1626275268954000,1,8.30000000,401.9400
1626275268954000,1,6.21602676,401.8200
1626275268954000,1,7.37522831,401.7200
1626277029056000,1,1.00000000,400.3200
1626277140721000,0,1.00595519,399.7800
1626277140989000,0,0.85589822,399.7900
1626277277212000,1,1.92000000,399.6200
1626277277212000,1,3.00000000,399.5700
1626277277212000,1,1.00595519,399.5700
1626277277212000,1,0.73146052,399.5600
1626277486802000,1,1.92000000,398.2200
1626277486802000,1,5.26775885,398.2100
1626277540959000,0,5.28000000,398.9200
1626278022710000,0,1.92000000,398.7400
1626278269820000,0,1.92000000,398.9400
1626278269820000,0,3.05369715,398.9500
1626278446747000,1,2.50365000,399.0900
1626279335576000,1,2.50396000,398.8500
1626279335661000,1,0.00000879,398.8500
1626279475179000,0,0.13881275,398.0300
1626279477416000,1,0.05598000,397.2400
1626279484296000,0,1.27920000,397.8700
1626279548309000,1,1.12850000,397.5100
1626279548982000,0,0.13882523,397.9800
1626279606383000,0,2.52116000,397.9800
1626279673477000,0,4.51404000,398.8000
1626279712687000,0,3.00000000,399.1800
1626279714965000,0,8.30000000,399.6100
1626279876815000,1,2.49935016,399.7100
1626279876839000,1,0.00000001,399.7100
1626279961273000,0,0.24500506,400.5100
1626279980225000,0,0.41110000,400.3400
1626280074585000,0,0.07980000,400.2400
1626280275354000,0,0.72530000,400.4300
1626280478757000,0,1.57000000,399.7600
1626280490363000,1,1.92000000,399.4100
1626280490363000,1,1.56403096,399.3400
1626280547670000,0,1.92000000,398.5400
1626280564290000,0,1.92000000,398.5000
1626280594820000,0,5.30000000,399.0200
1626281389674000,0,0.33120000,399.5800
1626281760221000,0,5.29124000,399.6900
1626281760318000,0,0.00000740,399.6900
1626282200460000,0,3.47442830,400.0400
1626282611450000,0,0.07260000,400.1200
1626282682935000,1,0.52241862,399.2700
1626282972241000,0,4.83800000,400.3500
1626282976725000,0,1.30000000,400.3500
1626283296948000,1,2.39600000,399.8100
1626283349689000,1,0.10445536,400.2600
1626283375294000,1,0.00000001,400.2600
1626283757146000,0,0.12110000,399.9200
1626284704186000,0,0.48440000,399.8500
1626284971140000,0,0.12416702,400.6700
1626285201970000,0,2.41660000,400.7500
1626285277278000,0,0.24888999,400.9000
1626285509014000,0,7.13070000,400.6500
1626286100737000,0,4.04115853,400.1600
1626286307955000,1,0.24888999,400.1000
1626287895912000,1,0.13857289,402.1200
1626287899328000,1,0.87069968,402.2100
1626287916079000,1,1.29990000,402.5300
1626287992885000,0,0.07230000,402.1300
1626288360326000,1,0.11710624,401.2700
1626288552972000,0,0.13856868,399.3600
1626288553337000,0,0.50105220,399.1600
1626288554556000,0,0.22520518,399.1100
1626288575079000,1,2.51270000,397.6700
1626288578319000,0,0.24000000,398.2100
1626288601363000,1,1.20280395,398.0400
1626288628302000,0,0.04997739,398.1800
1626288874291000,0,6.50000000,396.8500
1626288888132000,0,2.52098000,397.1400
1626288894749000,0,2.07310000,396.9500
1626289013018000,1,0.38053097,397.0200
1626290914132000,1,0.12446000,396.7900
1626290914248000,1,0.00000152,396.7900
1626290983266000,1,0.12800000,396.6500
1626290985380000,1,0.00000511,396.6500
1626291454994000,0,0.07310000,397.1900
1626291562289000,0,0.15745021,396.9200
1626293407199000,0,0.23150000,397.5000
1626293988500000,0,0.07300000,397.9400
1626294169800000,1,0.80000000,397.1500
1626295288243000,0,0.73140000,397.2300
1626295819788000,0,5.31248000,397.9300
1626295822361000,0,0.41691000,398.2000
1626296013283000,0,0.73040000,397.7500
1626296034607000,1,0.05523335,397.1100
1626297074885000,0,0.07560000,397.0800
1626297554454000,0,0.07300000,398.0500
1626297614990000,0,1.35090000,397.8800
1626298740331000,1,0.16450400,397.2700
1626299780991000,0,0.44640400,398.0000
1626299780991000,0,0.30129600,398.1000
1626299880270000,1,0.31356820,396.8100
1626300014362000,1,10.29709020,397.0500
1626300014362000,1,8.40000000,397.0400
1626300014362000,1,3.00000000,396.8800
1626300014362000,1,3.30290980,396.8700
1626300059340000,1,3.00000000,397.0700
1626300462760000,1,0.15745021,397.0600
1626300728471000,0,3.66600000,396.2500
1626301294949000,0,0.00000588,398.2000
1626302075778000,0,0.12690000,397.3700
1626302731122000,1,0.25223700,397.8100
1626302992645000,0,0.07300000,397.8900
1626303841769000,0,5.00000000,395.8100
1626305180695000,1,0.11412426,394.7700
1626306250749000,1,2.00000000,394.2000
1626306250749000,1,0.50000000,394.1900
1626306250749000,1,2.00000000,394.1800
1626306250749000,1,0.39450100,394.1800
