timestamp ms,type,amount,price
1626221095342000,0,5.07730000,394.5900
1626221103110000,0,6.56364751,395.2000
1626221103110000,0,0.82458469,395.2100
1626221103409000,0,0.07500000,395.2000
1626221404601000,0,4.00000000,395.0600
1626221404667000,0,1.37857000,395.0600
1626221404995000,0,0.00000840,395.0600
1626221421926000,0,0.70000000,396.4200
1626221421926000,0,2.88561915,396.4300
1626221428532000,1,1.01288237,396.5300
1626221442312000,1,0.96739970,397.0200
1626221522327000,0,5.24899785,396.7900
1626221525359000,0,3.01850000,396.9700
1626221525435000,0,2.33520000,396.9700
1626221525669000,0,0.00000763,396.9700
1626221526008000,0,5.35045000,397.1800
1626221528356000,0,4.50000000,397.5900
1626221547703000,1,0.13936929,397.6800
1626221605815000,0,2.38265613,397.7200
1626221615884000,1,2.51567264,396.9800
1626221636752000,0,5.00000000,397.0100
1626221637017000,0,0.35338000,397.0100
1626221653842000,0,0.00000898,397.0100
1626221653842000,0,5.35133102,397.2300
1626221695207000,0,1.30000000,397.1300
1626221838529000,0,0.25663403,395.2200
1626221949516000,0,5.38703000,394.5200
1626222070744000,0,0.14018022,394.0700
1626222090802000,0,5.39817954,393.8300
1626222275646000,1,3.06430000,392.7600
1626222275844000,1,9.67557000,392.7800
1626222345626000,0,5.42106000,392.0700
1626222345640000,0,0.00000684,392.0700
1626222431532000,0,5.42097000,392.0200
1626222550200000,0,5.42898000,391.3600
1626222812308000,1,3.96560000,390.5000
1626222812308000,1,0.43523687,390.5000
1626222812312000,1,0.00000001,390.5000
1626222858208000,1,1.00000000,390.0000
1626222858208000,1,0.67000000,390.0000
1626222858444000,1,0.33000000,390.0000
1626222858444000,1,0.10000000,390.0000
1626222916320000,0,4.68240000,389.9700
1626222916504000,0,1.73450366,389.9700
1626223161119000,1,1.92000000,387.7800
1626223161615000,1,0.10000000,387.5800
1626223161660000,1,0.34927732,387.5800
1626223272394000,0,1.92000000,387.6600
1626223272394000,0,0.16222004,387.7200
1626223565637000,0,8.60000000,387.3400
1626223621949000,0,5.48606000,387.3200
1626224046648000,1,1.20800000,387.5000
1626224134779000,1,0.97065699,386.0000
1626224135205000,1,0.01980933,386.0000
1626224270891000,0,12.57764000,386.8300
1626224375590000,0,10.80000000,388.3700
1626224461358000,0,5.48789461,387.2000
1626224461358000,0,0.04289539,387.2000
1626224461435000,0,8.65710000,387.2000
1626224520227000,1,0.49891447,386.8000
1626224538744000,1,13.05635000,386.5500
1626224750401000,0,4.50000000,386.5700
1626224750500000,0,0.99642000,386.5700
1626224794901000,0,5.50019000,386.3000
1626224859258000,0,0.00000577,386.3000
1626224859258000,0,3.49999423,386.4100
1626224983406000,0,11.00000000,385.8700
1626224983492000,0,1.80000000,385.8700
1626224994728000,0,5.60264000,386.1600
1626224994798000,0,4.49736000,386.1600
1626225003094000,1,22.20000000,385.9700
1626225136403000,1,0.10000000,385.0000
1626225136501000,1,0.07500000,384.7400
1626225182842000,0,7.00264000,384.4400
1626225183639000,0,7.00000000,384.5600
1626225183643000,0,0.07500000,384.5600
1626225183716000,0,1.72500000,384.5600
1626225215573000,0,8.70000000,384.7000
1626225282638000,1,3.24340000,384.0000
1626225282925000,1,0.75660000,384.0000
1626225303594000,0,5.53411000,383.9200
1626225307024000,0,0.00000154,383.9200
1626225307024000,0,9.54088846,384.0300
1626225352533000,0,6.00000000,385.1100
1626225352639000,0,2.48050000,385.1100
1626225352812000,0,3.51950000,385.1100
1626225356706000,0,13.05635996,385.3000
1626225356706000,0,0.64364004,385.3300
1626225356897000,0,13.05635000,385.3300
1626225600284000,1,0.22441300,385.3600
1626225676596000,1,0.10515854,386.1100
1626226082945000,0,0.10100000,386.2400
1626226083394000,0,1.92000000,386.2300
1626226083394000,0,5.39962581,386.2400
1626226083394000,0,5.59475177,386.2400
1626227138018000,0,12.22415000,388.5000
1626227138096000,0,3.37585000,388.5000
1626227318866000,0,1.92000000,389.5800
1626227318866000,0,2.56835724,389.5900
1626227318866000,0,1.92000000,389.6000
1626227318866000,0,5.45841072,389.6100
1626227318866000,0,5.11164276,389.6800
1626227724692000,0,8.70000000,387.8300
1626228085369000,0,6.00000000,387.6300
1626228541739000,1,3.48860000,387.9800
1626228657957000,0,11.42415000,388.6600
1626228658134000,0,3.37585000,388.6600
1626228701542000,0,2.57150000,389.1100
1626228701591000,0,0.00006539,389.1100
1626228734581000,1,2.56940000,388.9000
1626228734669000,1,0.00005351,388.9000
1626231002939000,0,4.82430000,389.5400
1626231182853000,0,6.62414000,389.8600
1626231182925000,0,3.50000000,389.8600
1626231182995000,0,1.97586000,389.8600
1626232622696000,1,4.56776000,388.5800
1626232626116000,1,5.50000000,388.4700
1626232626512000,1,3.20000000,388.4700
1626233034377000,1,1.92000000,385.7500
1626233050947000,1,1.92000000,384.2000
1626233063591000,1,0.09086955,382.2200
1626233070626000,0,1.30000000,381.5000
1626233070919000,0,8.70000000,381.5000
1626233074014000,0,9.90000000,381.2000
1626233075828000,1,40.00000000,381.0000
1626233076996000,1,7.11245000,380.6200
1626233077334000,1,0.00000191,380.6200
1626233079745000,0,4.86400000,380.9600
1626233079784000,0,0.24337000,380.9600
1626233080450000,0,1.50080000,380.9600
1626233080483000,0,1.21750000,380.9600
1626233080596000,0,2.37433000,380.9600
1626233082179000,0,1.00000000,381.1700
1626233082179000,0,5.02665000,381.1800
1626233082259000,0,3.00000000,381.1800
1626233082857000,0,0.37335000,381.1700
1626233086879000,0,1.92000000,381.9700
1626233097944000,0,5.20665000,381.5100
1626233098090000,0,5.00000000,381.5100
1626233098164000,0,4.00000000,381.5100
1626233098235000,0,0.99335000,381.5100
1626233111773000,0,7.00665000,381.4200
1626233111843000,0,3.69335000,381.4200
1626233136058000,0,16.00000000,380.7300
1626233137205000,1,0.24369000,380.4900
1626233137293000,1,0.00000684,380.4900
1626233139980000,1,0.44685158,380.3500
1626233140736000,1,5.00000000,380.0100
1626233140805000,1,0.00000240,380.0100
1626233140827000,1,1.97000000,380.0000
1626233140827000,1,7.00000000,380.0000
1626233140827000,1,0.22000000,380.0000
1626233140827000,1,4.00000000,380.0000
1626233143679000,0,0.12052274,380.3800
1626233146641000,1,0.24620605,379.3200
1626233148103000,1,1.67379395,379.3200
1626233148103000,1,0.20693932,379.2100
1626233154919000,0,15.30000000,379.6700
1626233161565000,1,1.92000000,379.0100
1626233163265000,1,1.92000000,379.0100
1626233163427000,1,0.10135348,379.0000
1626233166646000,1,1.92000000,378.6200
1626233166646000,1,51.52328000,378.6000
1626233166646000,1,1.06135505,378.4600
1626233168049000,1,0.85864495,378.4600
1626233168049000,1,2.92282710,378.3200
1626233177747000,1,0.14700000,377.0100
1626233178046000,1,0.15000000,377.0000
1626233195942000,0,0.52410000,379.0100
1626233326427000,1,1.92000000,379.4800
1626233326427000,1,1.08000000,379.4800
1626233387722000,1,2.63077000,379.7800
1626233413654000,1,2.63248000,379.4100
1626233520651000,0,1.50000000,377.9700
1626233521009000,0,1.00000000,377.9700
1626233521298000,0,13.40000000,377.9700
1626233635872000,1,1.30000000,379.9200
1626233636030000,1,1.32895179,379.9200
1626233895010000,0,0.07670000,378.9800
1626234021757000,0,16.30000000,379.6200
1626235247763000,1,2.62850000,380.0000
1626235359942000,1,2.62878000,380.1100
1626235359996000,1,0.00000788,380.1100
1626236065862000,0,0.12990000,381.9400
1626236663181000,1,2.60518000,383.6300
1626236663192000,1,0.00000704,383.6300
1626236663196000,1,4.90330000,383.6200
1626236753498000,1,0.95972839,383.2600
1626238160306000,0,0.58560000,382.5400
1626239065465000,1,2.62525000,380.5800
1626239065923000,1,2.62525000,380.4300
1626239067547000,1,1.92000000,380.2600
1626239569097000,0,1.59404630,382.7300
1626240040500000,1,0.26531000,382.2700
1626240556941000,1,2.62130000,381.2000
1626240557042000,1,0.00002969,381.2000
1626240561084000,1,6.33300000,380.7700
1626240561264000,1,2.48910000,380.7700
1626240561358000,1,0.07500000,380.7700
1626240561369000,1,1.00290000,380.7700
1626240874255000,1,1.00000000,380.2600
1626240897439000,1,1.00000000,380.0000
1626240991067000,0,0.05646591,380.4700
1626241390991000,1,2.63407638,379.3100
1626241422058000,0,0.07500000,378.0900
1626241469648000,0,11.00290000,378.3300
1626241752609000,0,1.92000000,381.0600
1626241752664000,1,0.07500000,381.1000
1626241752666000,1,3.00500000,381.1000
1626242093152000,1,1.55355577,378.0600
1626242158354000,0,0.14070000,378.7000
1626242159674000,1,0.29760053,378.1900
1626242449045000,0,1.92000000,380.3100
1626242449045000,0,1.93293966,380.3400
1626242449045000,0,1.05245308,380.3500
1626243329990000,0,4.00500000,377.2700
1626243330081000,0,5.00000000,377.2700
1626243330187000,0,3.69500000,377.2700
1626243354625000,1,3.00000000,378.2400
1626243424766000,1,1.92000000,379.4600
1626243586589000,0,1.00000000,380.0000
1626243840269000,1,0.07062281,378.7700
1626244188301000,0,0.12740000,380.0700
1626244200214000,0,0.08310000,380.0500
1626244383254000,1,1.00000000,380.0000
1626245029676000,1,0.57805841,381.3100
1626245100971000,0,0.30000000,381.8100
1626245708430000,1,2.63209343,379.7000
1626245708507000,1,13.05636240,379.7100
1626245736803000,0,0.74819270,379.0200
1626245771519000,0,5.80500000,378.5300
1626245771592000,0,4.50000000,378.5300
1626245771602000,0,0.07500000,378.5300
1626245771657000,0,3.82000000,378.5300
1626245841810000,0,4.50000000,378.2400
1626245841851000,0,5.51680000,378.2400
1626245887940000,1,7.70980000,378.2800
1626245913520000,0,0.09489104,378.2200
1626246029139000,0,7.68485385,378.9700
1626246113858000,0,7.50000000,378.5000
1626246113971000,0,7.00000000,378.5000
1626246114050000,0,1.30000000,378.5000
1626246120379000,0,0.37908410,378.7900
1626246169972000,0,13.90000000,378.9600
1626246486909000,0,1.92000000,380.4700
1626246876348000,0,13.05636240,380.5500
1626247072140000,0,0.26123027,380.8900
1626247137693000,0,0.12774319,381.5400
1626247486588000,0,16.40000000,381.4700
1626247567896000,0,0.11150002,381.3300
1626247632898000,0,0.13056714,381.0300
1626248136152000,0,5.62370000,381.7100
1626248368349000,0,0.10130000,382.4400
1626249668484000,0,0.14265443,382.6400
1626250191156000,1,0.50000000,382.9100
1626250191742000,1,13.05636240,382.7100
1626250191742000,1,15.20000000,382.6900
1626250200353000,0,1.51942570,383.1200
1626250300687000,0,0.16430000,383.1300
1626250383967000,1,2.61000000,382.6600
1626250384003000,1,0.00095208,382.6600
1626250551880000,0,0.37930000,383.0300
1626250680316000,0,0.19937835,382.6300
1626251152814000,0,0.07493348,383.1200
1626251201933000,0,1.92000000,382.7800
1626251201933000,0,0.08000000,382.8400
1626251733618000,1,2.61000000,382.0000
1626251733652000,1,0.00599627,382.0000
1626251840382000,0,0.25662488,382.4800
1626251841391000,0,0.25662488,382.4400
1626251842413000,0,0.25662488,382.4400
1626251843510000,0,0.25662488,382.4400
1626251844479000,0,0.25662488,382.4400
1626251845519000,0,0.25662488,382.4400
1626251846500000,0,0.25662488,382.4400
1626251847605000,0,0.25662488,382.4400
1626251848602000,0,0.12362584,382.4400
1626251848602000,0,0.13559353,382.4800
1626251849610000,0,0.13559352,382.3900
1626251849610000,0,0.12103135,382.4800
1626251869837000,1,1.75350000,382.6000
1626251871365000,1,4.72000000,382.6000
1626251871370000,1,0.00668361,382.6000
1626252102661000,1,1.01942570,381.7100
1626252102661000,1,2.61801394,381.7000
1626252102730000,0,6.36256036,381.7000
1626252217932000,0,0.08260000,381.9000
1626252440012000,0,1.86515000,381.4000
1626252654473000,0,0.07600000,380.6100
1626252694578000,1,2.62907000,380.1100
1626252831008000,1,1.83668000,380.0000
1626252832650000,0,0.07640000,380.0900
1626252845298000,1,0.00000421,380.0000
1626252864394000,1,0.05280000,379.3400
1626252928656000,0,3.03804000,379.2500
1626252960267000,0,0.26128266,379.3400
1626253138631000,0,4.00000000,378.6100
1626253139513000,0,6.50000000,378.7500
1626253139581000,0,2.40000000,378.7500
1626253146850000,0,0.33430000,378.7200
1626253207036000,1,7.50000000,378.5300
1626253207124000,1,0.07500000,378.5300
1626253207124000,1,1.22500000,378.5300
1626253207785000,0,1.92000000,378.5600
1626253224623000,0,0.12075381,377.6000
1626253224623000,0,1.17924619,377.6200
1626253231349000,0,1.87391000,377.7500
1626253233508000,0,2.64920000,377.7200
1626253241490000,0,3.00000000,377.4900
1626253241490000,0,5.90000000,377.5000
1626253307159000,0,3.00000000,378.4100
1626253307230000,0,5.90000000,378.4200
1626253329531000,0,5.50000000,379.0400
1626253329719000,0,2.10000000,379.0400
1626253329887000,0,3.00000000,379.0400
1626253330125000,0,2.50000000,379.0400
1626253348423000,0,2.63625000,379.5700
1626253352533000,0,0.00000476,379.5700
1626253368811000,0,8.80000000,380.3000
1626253380834000,0,7.07286000,381.0600
1626253381130000,0,3.50000000,381.0700
1626253381204000,0,3.47278000,381.0700
1626253381292000,0,10.66390000,381.0700
1626253381296000,0,7.00000000,381.0700
1626253381392000,0,22.50000000,381.0700
1626253381526000,0,4.00000000,381.0700
1626253381816000,0,4.50000000,381.0700
1626253381870000,0,3.01877000,381.0700
1626253400566000,0,0.12922373,382.9900
1626253400566000,0,0.12717476,383.0100
1626253401600000,0,0.12440835,382.7900
1626253401600000,0,0.12367069,382.8600
1626253401600000,0,1.92000000,382.9800
1626253401600000,0,0.12298192,382.9900
1626253462743000,1,0.14181394,384.2600
1626253463318000,1,0.14181394,384.2600
1626253468325000,1,0.52230229,384.3500
1626253473965000,1,1.92000000,384.5300
1626253483050000,0,2.39620000,385.7600
1626253483240000,0,1.63100000,385.7600
1626253483377000,0,0.07500000,385.7600
1626253483379000,0,4.59780000,385.7600
1626253491244000,1,1.92000000,386.5000
1626253491558000,1,5.00000000,386.4500
1626253491681000,1,0.07500000,386.4500
1626253491913000,1,1.61603516,385.8600
1626253545252000,1,0.09760000,387.3300
1626253547255000,1,0.09760000,387.3600
1626253547940000,1,0.45184500,387.3600
1626253552382000,1,1.92000000,387.8500
1626253552884000,1,1.92000000,387.7900
1626253603715000,0,0.12951016,388.5000
1626253603715000,0,0.11958984,388.5200
1626253651175000,1,0.97350000,388.5300
1626253651982000,1,8.60000000,388.6700
1626253662828000,0,0.19460000,388.6500
1626253787269000,0,9.12230469,387.8800
1626253787269000,0,3.77769531,387.8900
1626253787300000,0,1.22000000,387.8900
1626253787405000,0,7.90230469,387.8900
1626253883193000,0,5.47021565,388.3300
1626254044978000,0,2.48840000,389.7500
1626254045121000,0,1.42870000,389.7500
1626254045206000,0,0.07500000,389.7500
1626254045211000,0,5.30790000,389.7500
1626254048344000,1,1.16390000,390.0500
1626254159645000,0,1.92000000,389.9700
1626254160162000,0,1.92000000,390.0600
1626254160162000,0,0.42067307,390.0700
1626254160609000,0,0.42067307,390.0500
1626254175219000,0,0.08280076,390.6300
1626254175316000,0,0.00168981,390.6300
1626254177552000,1,0.77520000,390.4100
1626254180786000,1,0.09690000,390.3500
1626254182445000,1,0.09690000,390.4100
1626254185586000,1,0.09680000,391.1400
1626254187884000,1,1.92000000,391.2400
1626254216674000,1,0.96590000,391.6000
1626254269220000,1,0.09650000,391.6800
1626254270900000,0,7.00000000,392.3700
1626254270971000,0,2.90000000,392.3700
1626254271226000,1,0.96500000,391.9200
1626254289803000,1,2.54308000,392.8700
1626254289998000,1,2.54308000,392.8600
1626254298478000,0,0.38053097,393.2400
1626254312677000,0,1.92000000,392.5800
1626254312677000,0,15.80000000,392.6500
1626254312677000,0,7.44571057,392.9300
1626254312677000,0,5.41135039,392.9400
1626254312677000,0,39.03806000,392.9900
1626254312677000,0,9.39483569,393.2500
1626254329715000,1,0.88900563,392.9500
1626254350026000,0,1.92000000,393.0900
1626254350026000,0,0.12500602,393.1200
1626254350026000,0,5.13538711,393.1400
1626254371581000,0,1.92000000,393.5300
1626254371581000,0,2.00000000,393.5700
1626254371581000,0,11.20000000,393.5800
1626254371581000,0,5.40174586,393.5900
1626254371581000,0,0.12632712,393.7300
1626254371581000,0,2.54308000,393.7700
1626254371581000,0,6.92297218,393.7900
1626254371581000,0,5.40440414,393.8000
1626254371581000,0,0.12448777,393.8600
1626254371581000,0,37.19448328,393.9200
1626254373057000,1,3.00000000,393.2200
1626254388985000,0,1.92000000,393.3800
1626254388985000,0,5.40435524,393.3900
1626254388985000,0,1.92000000,393.5100
1626254388985000,0,5.22663875,393.6000
1626254392426000,0,1.79795700,394.1500
1626254398537000,0,0.13361056,394.7200
1626254398537000,0,0.07500000,394.7200
1626254398537000,0,0.89000000,394.8700
1626254398537000,0,3.00000000,394.8800
1626254398537000,0,2.71000000,394.8900
1626254398537000,0,2.80382779,394.9000
1626254399220000,0,0.19617000,394.9000
1626254433668000,0,4.71330000,393.8300
1626254433757000,0,6.00000000,393.8300
1626254433845000,0,4.00000000,393.8300
1626254434036000,0,1.08669999,393.8300
1626254434177000,0,0.00000001,393.8300
1626254456578000,0,0.07350000,393.5400
1626254488082000,0,3.00000000,393.6400
1626254488164000,0,2.89200248,393.6400
1626254488222000,0,5.00000000,393.6400
1626254488294000,0,0.00799752,393.6400
1626254489094000,0,1.20333687,393.8600
1626254489149000,0,4.18686601,393.8600
1626254495942000,0,11.20000000,393.8600
1626254513941000,0,13.30000000,393.9800
1626254513941000,0,0.07500000,393.9800
1626254513941000,0,5.01977537,394.1000
1626254607677000,0,3.54271073,393.9100
1626254607687000,0,0.59000951,393.9100
1626254610602000,0,6.00000000,394.1300
1626254610696000,0,3.10000000,394.1300
1626254824627000,1,1.00000000,393.9300
1626254925550000,0,0.00000221,394.9000
1626254962993000,0,1.50000000,394.4400
1626254984021000,0,0.06517616,395.0100
1626255009426000,1,3.00000000,394.6800
1626255009426000,1,0.80799000,394.6800
1626255057433000,0,1.00000000,394.5300
1626255095991000,1,1.79653000,393.9400
1626255198192000,1,2.53424000,394.3600
1626255409440000,1,6.66923000,393.6300
1626255409456000,1,1.30950000,393.6300
1626255409457000,1,0.73540240,393.6300
1626255861143000,0,0.50487012,393.3100
1626255863455000,0,5.50000000,393.3100
1626255932840000,1,0.55388300,392.8700
1626255934094000,1,8.73190000,392.8700
1626255968807000,0,5.21990000,392.9000
1626255968976000,0,1.06490000,392.9000
1626255998477000,0,0.05423682,392.9500
1626256051507000,1,1.88561426,392.4900
1626256051531000,1,1.88561426,392.4900
1626256063511000,1,1.86797339,392.3900
1626256063517000,1,0.05202661,392.3900
1626256223511000,1,1.00000000,392.0000
1626256258626000,1,2.54904000,391.9700
1626256360045000,0,0.28121135,391.8500
1626256397849000,0,1.00210000,391.6300
1626256490413000,1,7.00000000,391.6800
1626256490470000,1,6.50000000,391.6800
1626256536622000,1,1.92000000,392.9200
1626256605241000,1,6.37919000,391.4600
1626256605296000,1,0.00000016,391.4600
1626256605717000,1,2.55301428,391.3200
1626256605717000,1,4.12728572,391.3100
1626256605874000,1,2.24977707,391.3100
1626256666514000,0,6.30120000,391.7600
1626256666634000,0,2.17800000,391.7500
1626256722780000,1,9.00000000,392.3300
1626256874586000,1,4.64890000,391.9700
1626256874699000,1,10.00000000,391.9700
1626256961866000,1,2.17800000,391.4300
1626257116728000,0,5.24320000,391.6800
1626257168065000,0,1.16910000,392.0000
1626257168707000,0,1.16470000,392.0000
1626257415940000,1,0.26943043,392.4100
1626257912292000,1,8.83450000,393.7200
1626258400271000,1,1.92000000,395.1000
1626258429667000,1,2.53217000,394.5600
1626258488252000,0,1.92000000,394.6000
1626258488252000,0,3.13403096,394.6700
1626258671630000,1,1.48360000,394.3300
1626258671691000,1,1.05031483,394.3300
1626258823252000,1,2.54126000,393.1900
1626258824428000,1,0.07500000,392.9300
1626258824432000,1,2.46828398,392.9300
1626258828846000,1,2.54530000,392.5600
1626258962483000,0,11.23532000,392.6100
1626259181164000,0,4.50000000,392.5300
1626259188527000,0,0.49320000,392.7400
1626259203179000,0,0.12120000,392.7000
1626259320622000,0,0.11921727,392.5800
1626259455989000,0,0.07531263,392.6300
1626259624792000,0,0.25462137,392.0200
1626259878781000,0,7.25420000,392.3100
1626259878962000,0,13.05636000,392.2700
1626259884437000,0,2.97910000,392.9300
1626259965400000,1,1.92000000,393.4000
1626260060797000,0,5.39847003,393.0300
1626260060797000,0,1.92000000,393.1000
1626260060797000,0,3.00000000,393.1000
1626260060797000,0,7.52000000,393.1100
1626260312874000,0,0.08320000,393.3400
1626260526743000,0,5.50000000,394.1700
1626260526810000,0,6.00000000,394.1700
1626260526956000,0,0.07500000,394.1700
1626260526960000,0,1.12500000,394.1700
1626260545210000,1,1.92000000,394.2900
1626260612864000,0,0.09820000,394.4400
1626260951169000,0,0.49944225,394.1800
1626261207985000,0,3.15864000,393.7700
1626261208048000,0,3.50000000,393.7700
1626261208111000,0,2.94136000,393.7700
1626261326828000,1,1.92000000,393.3000
1626261460200000,0,0.40800000,393.7400
1626261613633000,1,1.92000000,393.0500
1626261699575000,1,2.54452926,392.6400
1626261744474000,1,2.54551000,392.5900
1626261744768000,1,0.00000380,392.5900
1626261760139000,1,0.76214198,392.4100
1626261974227000,0,0.15185816,393.1300
1626262294695000,1,8.20288000,392.1500
1626262333318000,0,0.49410000,392.0000
1626262666526000,1,4.09130000,391.9100
1626262666781000,1,1.11930000,391.9200
1626262838654000,0,0.25718581,392.4400
1626262990217000,1,10.00000000,392.3100
1626263129503000,1,1.92000000,392.4900
1626263129503000,1,1.43529538,392.4800
1626263702165000,0,0.09760000,392.8300
1626263880282000,0,1.03629656,393.4400
1626264005500000,0,10.66490000,393.8000
1626264005937000,0,2.13423857,393.8000
1626264005937000,0,15.39576143,393.8100
1626264005995000,0,0.00423857,393.8100
1626264140148000,0,5.19155000,394.3100
1626264168482000,0,1.26700000,394.6000
1626264168508000,0,0.50933945,394.6000
1626264168551000,0,1.18790000,394.6000
1626264168552000,0,4.00000000,394.6000
1626264168621000,0,4.53576055,394.6000
1626264557937000,0,0.15110000,394.0000
1626264637403000,0,0.25265349,393.8200
1626265212160000,0,6.00000000,392.9700
1626265212234000,0,4.30000000,392.9700
1626265476898000,1,1.92000000,392.6000
1626265476911000,1,1.92000000,392.6000
1626265508249000,0,6.20000000,392.8200
1626265726877000,1,0.05280000,392.5800
1626265771213000,0,0.63144096,393.1200
1626265810665000,0,7.50000000,392.7300
1626265811589000,0,4.50000000,392.7900
1626265923509000,0,3.78142878,393.9000
1626266112694000,0,16.50000000,393.3500
1626266112694000,0,5.00000000,393.3500
1626266112775000,0,3.40000000,393.3500
1626266604492000,1,12.99779118,392.5100
1626266604492000,1,2.93080882,392.5000
1626266605595000,1,1.24540000,392.5000
1626266786281000,1,2.54376000,392.7900
1626266811084000,0,0.24041714,393.1500
1626267041190000,0,0.63081491,393.3400
1626267048259000,0,0.07569201,393.4200
1626267606087000,0,9.28840000,393.3600
1626267606277000,0,1.11160000,393.3600
1626267721636000,0,13.05636000,394.6200
1626267721825000,0,0.00000240,394.6200
1626268074419000,0,1.83668000,395.0000
1626268213248000,0,6.63912000,396.4500
1626268213402000,0,1.76080000,396.4500
1626268365623000,0,0.00001024,397.2300
1626268365623000,0,6.12399548,397.2800
1626268395162000,1,1.92000000,399.2800
1626268395162000,1,3.00000000,399.2200
1626268395162000,1,0.30065644,399.1900
1626268423761000,0,0.09145000,400.1600
1626268423805000,0,0.00000025,400.1600
1626268440323000,0,0.24051877,401.1300
1626268447546000,1,0.07500000,399.9200
1626268447651000,1,1.84500000,399.9200
1626268590866000,1,13.05636240,400.1400
1626268606135000,1,6.25080000,399.5400
1626268613469000,1,0.00007310,399.5400
1626268613469000,1,2.59672690,399.2900
1626268614309000,1,1.16460000,399.1200
1626268645198000,1,0.10000000,398.9800
1626268645394000,1,2.50447048,398.8200
1626268645394000,1,6.26163952,398.8200
1626268645406000,1,0.00000531,398.8200
1626268651625000,0,0.04989469,398.8400
1626268800320000,0,0.07295283,399.3900
1626268862806000,0,0.08150000,398.7400
1626269160364000,0,1.28944568,398.9200
1626269386604000,0,1.92000000,399.2200
1626269472308000,0,9.80000000,399.0100
1626269552404000,0,2.16078000,400.0000
1626269554493000,0,0.00000703,400.0000
1626269555496000,0,3.53888000,400.4400
1626269555570000,0,3.00000000,400.4400
1626269555573000,0,6.06112000,400.4400
1626269666207000,0,0.12298971,399.9600
1626269847920000,0,0.48400000,400.1400
1626269943165000,0,0.25404000,400.0000
1626269943192000,0,0.00000733,400.0000
1626270035656000,0,0.07260000,400.2400
1626270104369000,0,1.02680000,400.5100
1626270110257000,1,0.10086863,400.6200
1626270242043000,0,1.92000000,400.8600
1626270243443000,0,10.19400000,400.9500
1626270243449000,0,1.20600000,400.9500
1626270279277000,0,1.00000000,402.0000
1626270279277000,0,0.24650000,402.0000
1626270668912000,0,3.50000000,402.3600
1626270669053000,0,3.50000000,402.3700
1626270669130000,0,4.00000000,402.3600
1626270669267000,0,4.52956240,402.3600
1626270669267000,0,1.31433760,402.3700
1626270669340000,0,3.50000000,402.3700
1626270669410000,0,2.85610000,402.3700
1626270669837000,0,3.17346000,402.3700
1626270670018000,0,1.35610000,402.3700
1626270752142000,1,8.30000000,401.9700
1626270752210000,1,2.48570000,401.8600
1626271022244000,0,4.14390000,402.1300
1626271316137000,1,0.28280400,402.6100
1626271565267000,1,1.16590000,404.0700
1626271565365000,1,1.14310000,404.0700
1626271565376000,1,0.16394597,404.0700
1626271759942000,0,0.23655000,404.0500
1626271759942000,0,0.00000300,404.0500
1626272151046000,0,0.86985807,403.2000
1626272227552000,1,2.48565000,401.9900
1626272227624000,1,2.48565000,401.9700
1626272267641000,0,9.27000000,401.7500
1626272267677000,0,6.03000000,401.7500
1626272442684000,0,5.25000000,402.4700
1626272442714000,0,0.00947946,402.4700
1626272743400000,0,0.07981990,402.6800
1626272941745000,0,0.24665741,402.5500
1626272988933000,0,0.94880000,402.4200
1626273805195000,1,0.12890000,402.0500
1626273805392000,1,0.00000347,402.0500
1626273967317000,0,0.74004580,402.3500
1626274046740000,0,0.11870000,402.1000
1626274356571000,0,0.32900000,402.2400
1626274506015000,0,0.11944723,402.2200
1626274560279000,0,0.63290454,402.4900
1626275268954000,1,1.92000000,402.0300
1626275268954000,1,11.01915963,401.9900
1626275268954000,1,2.48617686,401.9500
1626275268954000,1,8.30000000,401.9400
1626275268954000,1,6.21602676,401.8200
1626275268954000,1,7.37522831,401.7200
1626277029056000,1,1.00000000,400.3200
1626277140721000,0,1.00595519,399.7800
1626277140989000,0,0.85589822,399.7900
1626277277212000,1,1.92000000,399.6200
1626277277212000,1,3.00000000,399.5700
1626277277212000,1,1.00595519,399.5700
1626277277212000,1,0.73146052,399.5600
1626277486802000,1,1.92000000,398.2200
1626277486802000,1,5.26775885,398.2100
1626277540959000,0,5.28000000,398.9200
1626278022710000,0,1.92000000,398.7400
1626278269820000,0,1.92000000,398.9400
1626278269820000,0,3.05369715,398.9500
1626278446747000,1,2.50365000,399.0900
1626279335576000,1,2.50396000,398.8500
1626279335661000,1,0.00000879,398.8500
1626279475179000,0,0.13881275,398.0300
1626279477416000,1,0.05598000,397.2400
1626279484296000,0,1.27920000,397.8700
1626279548309000,1,1.12850000,397.5100
1626279548982000,0,0.13882523,397.9800
1626279606383000,0,2.52116000,397.9800
1626279673477000,0,4.51404000,398.8000
1626279712687000,0,3.00000000,399.1800
1626279714965000,0,8.30000000,399.6100
1626279876815000,1,2.49935016,399.7100
1626279876839000,1,0.00000001,399.7100
1626279961273000,0,0.24500506,400.5100
1626279980225000,0,0.41110000,400.3400
1626280074585000,0,0.07980000,400.2400
1626280275354000,0,0.72530000,400.4300
1626280478757000,0,1.57000000,399.7600
1626280490363000,1,1.92000000,399.4100
1626280490363000,1,1.56403096,399.3400
1626280547670000,0,1.92000000,398.5400
1626280564290000,0,1.92000000,398.5000
1626280594820000,0,5.30000000,399.0200
1626281389674000,0,0.33120000,399.5800
1626281760221000,0,5.29124000,399.6900
1626281760318000,0,0.00000740,399.6900
1626282200460000,0,3.47442830,400.0400
1626282611450000,0,0.07260000,400.1200
1626282682935000,1,0.52241862,399.2700
1626282972241000,0,4.83800000,400.3500
1626282976725000,0,1.30000000,400.3500
1626283296948000,1,2.39600000,399.8100
1626283349689000,1,0.10445536,400.2600
1626283375294000,1,0.00000001,400.2600
1626283757146000,0,0.12110000,399.9200
1626284704186000,0,0.48440000,399.8500
1626284971140000,0,0.12416702,400.6700
1626285201970000,0,2.41660000,400.7500
1626285277278000,0,0.24888999,400.9000
1626285509014000,0,7.13070000,400.6500
1626286100737000,0,4.04115853,400.1600
1626286307955000,1,0.24888999,400.1000
1626287895912000,1,0.13857289,402.1200
1626287899328000,1,0.87069968,402.2100
1626287916079000,1,1.29990000,402.5300
1626287992885000,0,0.07230000,402.1300
1626288360326000,1,0.11710624,401.2700
1626288552972000,0,0.13856868,399.3600
1626288553337000,0,0.50105220,399.1600
1626288554556000,0,0.22520518,399.1100
1626288575079000,1,2.51270000,397.6700
1626288578319000,0,0.24000000,398.2100
1626288601363000,1,1.20280395,398.0400
1626288628302000,0,0.04997739,398.1800
1626288874291000,0,6.50000000,396.8500
1626288888132000,0,2.52098000,397.1400
1626288894749000,0,2.07310000,396.9500
1626289013018000,1,0.38053097,397.0200
1626290914132000,1,0.12446000,396.7900
1626290914248000,1,0.00000152,396.7900
1626290983266000,1,0.12800000,396.6500
1626290985380000,1,0.00000511,396.6500
1626291454994000,0,0.07310000,397.1900
1626291562289000,0,0.15745021,396.9200
1626293407199000,0,0.23150000,397.5000
1626293988500000,0,0.07300000,397.9400
1626294169800000,1,0.80000000,397.1500
1626295288243000,0,0.73140000,397.2300
1626295819788000,0,5.31248000,397.9300
1626295822361000,0,0.41691000,398.2000
1626296013283000,0,0.73040000,397.7500
1626296034607000,1,0.05523335,397.1100
1626297074885000,0,0.07560000,397.0800
1626297554454000,0,0.07300000,398.0500
1626297614990000,0,1.35090000,397.8800
1626298740331000,1,0.16450400,397.2700
1626299780991000,0,0.44640400,398.0000
1626299780991000,0,0.30129600,398.1000
1626299880270000,1,0.31356820,396.8100
1626300014362000,1,10.29709020,397.0500
1626300014362000,1,8.40000000,397.0400
1626300014362000,1,3.00000000,396.8800
1626300014362000,1,3.30290980,396.8700
1626300059340000,1,3.00000000,397.0700
1626300462760000,1,0.15745021,397.0600
1626300728471000,0,3.66600000,396.2500
1626301294949000,0,0.00000588,398.2000
1626302075778000,0,0.12690000,397.3700
1626302731122000,1,0.25223700,397.8100
1626302992645000,0,0.07300000,397.8900
1626303841769000,0,5.00000000,395.8100
1626305180695000,1,0.11412426,394.7700
1626306250749000,1,2.00000000,394.2000
1626306250749000,1,0.50000000,394.1900
1626306250749000,1,2.00000000,394.1800
1626306250749000,1,0.39450100,394.1800
1626306558206000,0,0.20950000,394.4400
1626307688521000,0,1.30000000,393.3600
1626307719135000,1,8.60000000,392.0800
1626307913910000,1,8.40000000,392.3800
1626308082490000,1,7.50000000,391.7000
1626308082552000,1,0.90000000,391.7000
1626308085289000,1,7.34507099,391.0600
1626308085289000,1,1.65492901,391.0600
1626308085365000,1,0.34507000,391.0600
1626308086616000,1,0.22263105,390.7500
1626308268779000,1,8.50000000,390.5500
1626308277514000,0,7.01000000,390.7400
1626308306820000,0,2.55585779,391.5200
1626308423354000,0,1.16000000,392.4300
1626308426732000,0,5.43000000,392.6900
1626308667037000,1,8.50000000,393.5900
1626309083352000,1,12.44000000,392.9700
1626309144385000,0,7.17000000,392.9200
1626309181742000,0,1.03000000,393.1200
1626309194586000,0,2.00000000,393.1400
1626309466506000,0,2.00000000,392.9200
1626309598266000,1,0.09328100,393.4800
1626310469698000,0,0.07350000,394.9900
1626310548098000,1,5.00000000,394.6900
1626310706722000,1,5.00000000,394.7800
1626310837877000,1,2.00000000,396.1100
1626310866802000,1,0.13945693,397.0200
1626310872391000,1,2.00000000,397.5300
1626310931488000,1,1.70452898,397.8400
1626310931735000,1,0.70000000,397.8400
1626310931797000,1,39.10796807,397.8400
1626310932075000,1,1.25000000,397.8400
1626310932198000,1,5.84526295,397.8400
1626310948133000,1,1.01078778,398.1700
1626310948147000,1,0.13925893,398.1700
1626310975402000,1,5.00000000,398.7500
1626310986248000,0,11.87610000,398.9100
1626310986269000,0,1.18026240,398.9100
1626311007562000,1,1.73850000,398.7400
1626311082526000,1,0.13915543,398.7700
1626311091733000,1,0.13914290,398.8300
1626311100667000,0,2.00000000,399.2300
1626311101096000,0,25.69900000,399.1800
1626311150115000,1,0.13911507,399.0000
1626311237708000,1,5.00000000,399.4200
1626311743813000,1,1.77610000,398.8300
1626311942824000,1,0.07554674,398.6700
1626311955582000,1,5.29135915,398.9300
1626311955687000,1,5.29408780,398.7700
1626312371514000,0,0.13897084,397.1100
1626312371797000,0,1.00927201,397.1100
1626312372028000,0,0.85175715,397.1100
1626312372028000,0,0.02201828,397.1200
1626312374511000,1,2.80910000,396.6900
1626312474604000,1,2.00000000,395.8900
1626312474604000,1,6.93384749,395.8600
1626312475754000,1,1.39819984,395.8800
1626312475754000,1,2.00000000,395.8700
1626312475754000,1,6.90588349,395.8500
1626312476086000,1,3.33023584,395.8800
1626312476966000,1,2.00000000,395.8900
1626312476966000,1,3.46413128,395.8800
1626312481100000,0,1.01059379,396.1400
1626312481346000,0,0.13915282,396.0300
1626312643319000,0,1.01134534,395.5500
1626312653163000,0,0.07500000,395.2600
1626312689116000,0,1.01200646,395.0100
1626312689314000,0,0.13934735,395.0000
1626312738757000,0,1.01275908,394.4600
1626312770418000,0,4.50000000,394.4600
1626313395835000,1,0.59172000,393.9300
1626313397493000,1,0.00000950,393.9300
1626313452327000,0,0.11286260,393.5000
1626313738105000,1,2.00000000,393.5400
1626313738105000,1,51.05746000,393.5300
1626313738105000,1,4.19859441,393.4900
1626313744007000,1,1.96000000,393.5500
1626313754889000,1,2.00000000,393.6600
1626313754889000,1,5.21748499,393.6500
1626314121776000,0,0.07756694,393.2600
1626314614252000,0,6.32370000,392.0200
1626314619705000,0,5.28592000,392.0200
1626315027476000,1,1.13850000,392.5800
1626315027559000,1,1.03230000,392.5800
1626316374178000,0,1.30000000,390.9900
1626316729140000,0,8.19651000,390.7300
1626316778694000,0,2.56151000,390.6300
1626316986049000,0,2.93849000,390.5800
1626316986128000,0,3.50000000,390.5800
1626316986212000,0,3.00000000,390.5800
1626317023372000,0,3.50000000,390.6800
1626317797250000,1,1.11760000,390.5200
1626317797268000,1,36.08437000,390.5200
1626318018648000,1,0.09800000,390.0000
1626318018839000,1,0.00200000,390.0000
1626318073390000,0,1.85030389,389.7800
1626318279735000,1,0.10102327,389.4500
1626318476915000,0,1.30000000,390.0000
1626318517042000,0,3.50000000,390.3200
1626318608206000,1,1.39511353,388.6800
1626318610637000,1,0.60488646,388.6800
1626318610638000,1,0.00000001,388.6800
1626318626690000,0,6.00000000,389.4000
1626318750150000,0,2.18136000,389.7100
1626318982806000,0,4.50000000,389.8100
1626319286487000,1,2.00000000,388.6300
1626319286487000,1,5.42000000,388.6200
1626319286715000,1,0.00912084,388.6200
1626319286715000,1,13.05636000,388.4600
1626319688794000,1,5.31833282,389.2500
1626319690282000,1,0.10636665,389.2500
1626319692101000,1,0.00217075,389.2500
1626319707692000,1,5.31986722,388.6700
1626319707906000,1,0.10856872,388.6700
1626320308443000,1,0.26000000,388.0000
1626320308554000,1,0.00108247,388.0000
1626321120286000,0,0.18901371,388.3500
1626321735255000,0,0.09690000,386.5800
1626321745667000,0,2.00000000,386.1300
1626321759898000,0,2.00000000,386.4700
1626321773433000,0,5.00000000,386.2500
1626321784101000,0,0.09710000,385.9900
1626321784336000,1,0.10000000,385.4700
1626321810313000,0,0.77780000,385.6500
1626321811409000,0,0.09720000,385.3900
1626321812819000,0,0.97310000,385.2400
1626321835810000,0,0.09730000,385.3100
1626321838983000,1,0.77860000,385.2600
1626321855162000,1,0.09730000,385.2400
1626321863653000,0,0.09730000,385.2000
1626321870300000,0,0.09730000,385.0500
1626321871887000,0,0.09740000,384.9900
1626321873564000,0,0.09740000,384.9100
1626321874591000,0,0.58450000,384.9100
1626321955692000,1,5.47845000,385.2900
1626322009949000,1,5.47451975,385.5900
1626322014789000,1,5.47670519,385.4200
1626322021435000,1,2.00000000,385.4400
1626322021435000,1,5.47652157,385.4300
1626322021435000,1,2.00000000,385.4100
1626322021435000,1,44.46105317,385.4000
1626322051182000,1,2.00000000,385.6200
1626322051182000,1,1.75863320,385.6200
1626322140766000,0,2.00000000,386.0600
1626322140766000,0,1.76280000,386.2400
1626322348101000,0,0.12540000,386.1900
1626322365162000,0,0.12848536,386.2200
1626322447412000,1,0.07531263,385.3300
1626323319357000,0,2.00000000,387.6600
1626323319357000,0,13.05636240,387.7900
1626323319357000,0,2.58016575,387.8200
1626323319357000,0,7.06586234,387.8400
1626323319357000,0,0.29760951,387.8500
1626323882539000,0,2.59657000,385.4500
1626325118739000,0,0.25080000,386.2100
1626325191226000,1,1.37060000,385.7300
1626325191316000,1,1.06700000,385.7300
1626325391986000,0,1.29990000,384.9300
1626325525526000,1,0.09750000,384.2500
1626325534852000,0,0.09760000,384.2100
1626325546415000,0,0.09760000,384.1700
1626325557750000,0,0.09760000,384.1600
1626325588857000,0,2.50045000,383.6100
1626325595131000,0,0.00000537,383.6100
1626325595206000,0,2.60695000,383.8200
1626325595580000,0,2.60692000,383.9400
1626326102288000,0,1.53530000,384.5800
1626326525359000,1,0.76214198,383.2400
1626326565967000,0,5.72600000,383.1000
1626328092561000,0,0.12630000,383.5000
1626328101234000,1,0.85422066,383.1000
1626328150053000,1,2.00000000,382.9100
1626328156759000,1,13.05636240,382.7600
1626328156759000,1,7.09589835,382.7500
1626328286904000,0,0.18940000,383.6000
1626328821937000,1,2.00000000,383.3300
1626328823805000,1,2.60925000,382.9400
1626328839045000,0,0.50550000,383.1500
1626329038500000,1,2.61214193,382.3900
1626329038500000,1,1.02355807,382.3900
1626329038536000,1,0.07500000,382.3900
1626329038625000,1,2.04810000,382.3900
1626329600229000,0,5.50000000,385.3400
1626329600477000,0,2.59578497,385.5200
1626329677898000,1,2.54860000,385.7400
1626329776764000,1,1.39720000,385.1600
1626329934319000,0,0.27386744,385.4500
1626330181334000,1,1.15330000,384.6100
1626330430099000,1,0.11466900,384.1400
1626330430366000,1,0.05242900,384.1400
1626330566403000,1,2.54860000,383.3900
1626330757000000,0,0.22185665,383.3400
1626331425402000,0,2.00000000,382.6900
1626331425402000,0,0.27760000,382.7400
1626331657125000,1,0.37746231,383.7600
1626331854325000,0,0.25838221,384.2000
1626332113364000,0,1.57000000,384.0400
1626332640203000,1,0.12090746,382.2000
1626333202459000,0,0.25807988,384.5600
1626333640180000,0,2.00000000,384.8100
1626333640180000,0,1.87856660,384.8200
1626333648150000,0,3.50000000,384.8200
1626333648227000,0,3.22143000,384.8200
1626333863938000,0,0.78768964,384.3700
1626334276281000,1,1.31901060,384.3600
1626336092620000,1,1.03240000,383.7700
1626336092652000,1,1.56945205,383.7700
1626336092708000,1,1.61170000,383.7500
1626336093475000,0,2.00000000,383.7400
1626336101687000,0,6.40000000,384.1600
1626336201705000,1,0.98543198,388.0100
1626336201748000,1,1.07750000,388.0100
1626336201787000,1,0.51170816,388.0100
1626336201984000,1,1.31690000,387.9100
1626336579148000,1,2.57859000,387.4800
1626337005905000,0,0.51689654,384.9900
1626337045231000,0,8.60000000,384.5200
1626337046298000,0,0.07500000,384.6300
1626337155959000,1,1.00000000,385.8400
1626337346381000,0,0.07720000,384.7000
1626338169622000,0,0.62900000,384.9400
1626338239872000,0,6.50000000,385.4400
1626338478569000,0,0.08944323,385.6800
1626339004520000,1,6.60204000,385.9000
1626339524961000,0,0.07690000,386.3400
1626339722153000,1,0.42000000,385.3800
1626339722216000,1,0.00134686,385.3800
1626339741237000,0,0.45830400,385.2200
1626339888855000,0,3.32926240,386.4100
1626339888855000,0,1.17073760,386.4200
1626339888931000,0,4.20000000,386.4200
1626340100214000,0,0.41550000,386.9500
1626340100489000,0,2.58501971,387.1700
1626340100489000,0,7.31849994,387.1800
1626340100489000,0,2.97898285,387.2500
1626340690983000,1,0.31692400,387.9000
1626340926344000,0,7.30000000,388.8000
1626340963741000,1,0.08320758,389.1200
1626340983400000,1,0.14081919,389.5700
1626340983920000,1,0.68981399,389.7200
1626340983946000,1,0.51499934,389.7200
1626341029432000,0,4.00000000,390.2100
1626341032700000,0,2.56290000,390.4300
1626341033729000,1,0.14068009,390.2000
1626341159123000,0,0.07620000,389.5700
1626341487611000,0,0.91530000,389.3700
1626341547499000,0,0.17750000,389.1400
1626341992250000,0,0.10124891,388.2500
1626342036657000,0,7.00000000,387.6200
1626342284824000,0,2.00000000,388.2100
1626342284824000,0,3.23880000,388.2400
1626342360701000,1,0.28540406,387.5700
1626342632438000,1,1.96000000,387.1400
1626343901872000,0,2.00000000,389.5200
1626343901872000,0,3.00000000,389.5800
1626343901872000,0,1.79591365,389.5900
1626343908852000,1,1.15030000,389.0700
1626344512465000,1,3.03020000,387.4900
1626344550339000,1,7.32556223,387.0200
1626344551859000,1,0.07500000,387.1800
1626344551905000,1,8.80086240,387.1800
1626344588344000,0,0.14102106,385.6800
1626344588694000,1,1.00000000,384.9800
1626344588784000,0,0.14102106,385.6600
1626344597009000,0,1.30000000,385.8800
1626344622725000,0,2.00000000,385.8900
1626344661977000,0,0.20603529,385.7200
1626344668544000,0,0.51894136,385.4000
1626344668935000,0,0.08746737,385.3600
1626344760348000,1,0.23915874,383.4800
1626345009940000,1,0.05230000,382.5000
1626345025846000,1,1.28140000,381.4500
1626345025911000,1,7.41860000,381.4500
1626345072913000,0,1.41575048,381.7900
1626345120299000,1,0.57585686,380.8300
1626345160551000,1,0.09774000,380.0100
1626345160868000,1,0.00000068,380.0100
1626345160868000,1,0.10000000,380.0000
1626345535102000,0,7.34550000,381.6800
1626345535103000,0,1.07250000,381.6800
1626345549760000,0,1.70000000,381.6200
1626345549760000,0,0.30000000,381.6200
1626345609137000,1,0.55470500,380.9600
1626345729164000,1,0.55497591,380.4300
1626345796053000,1,2.00000000,380.7000
1626345796053000,1,0.58830712,380.6900
1626345849290000,1,0.55513611,379.7600
1626345890974000,0,0.76440736,379.0000
1626345973749000,1,0.16165827,380.1700
1626345974619000,1,7.69330000,380.1700
1626345974676000,1,0.94504173,380.1700
1626346545703000,0,1.00000000,379.2800
1626346823070000,0,4.60000000,379.8600
1626346940822000,0,0.17820000,380.4600
1626347281310000,0,0.07272874,380.3000
1626347880242000,0,0.06936771,380.6800
1626348281081000,0,1.00000000,378.7900
1626348508592000,0,4.04278000,379.8100
1626348518766000,0,2.63174000,380.2600
1626348850422000,0,0.05500000,381.0100
1626348857537000,0,0.00037500,381.0100
1626349466882000,0,2.00000000,381.1200
1626349466882000,0,8.80000000,381.1500
1626349466882000,0,2.28680116,381.1700
1626350579184000,0,2.63405676,379.8900
1626350579270000,0,1.63780000,380.0200
1626350579514000,0,1.28020000,380.0200
1626350579657000,0,1.35312353,380.0200
1626350581091000,0,2.43825005,380.2100
1626350581312000,0,1.79713000,380.2000
1626350581385000,0,4.57113000,380.2200
1626350581425000,0,10.45000000,380.2200
1626350581453000,0,2.10079016,380.2200
1626350604305000,0,2.62443000,381.4000
1626350604377000,0,0.00000936,381.4000
1626350670895000,1,2.00000000,384.1000
1626350673611000,1,0.70000000,383.8000
1626350707018000,1,1.30000000,383.1200
1626350778512000,1,0.05827400,381.1300
1626350793593000,0,1.02962636,381.2700
1626350800005000,0,8.70000000,381.4100
1626350844229000,1,7.72522000,380.8000
1626350844265000,1,0.97478000,380.8000
1626350864533000,0,0.27380834,380.7000
1626351159532000,0,3.04470000,381.2700
1626351159695000,0,1.03630000,381.2700
1626351239656000,1,5.00000000,380.4100
1626351354768000,0,4.00000000,381.9400
1626351354848000,0,7.00000000,381.9400
1626351369739000,1,2.00000000,381.5700
1626351494267000,0,0.19321988,382.1400
1626351494271000,0,1.80678012,382.1400
1626351494309000,0,1.02500000,382.2700
1626351494378000,0,1.59263355,382.2700
1626351594516000,0,7.38000000,382.2300
1626351594534000,0,0.00497911,382.2300
1626351742695000,0,0.51539649,381.3000
1626351810825000,0,5.55823000,381.2400
1626352603188000,0,0.07751023,380.2900
1626353055779000,1,1.60760000,378.6000
1626353074961000,1,0.00005979,378.6000
1626353389510000,0,0.06620000,379.2800
1626353573626000,0,0.12773311,379.8300
1626353640238000,0,0.07837653,380.2300
1626353739951000,0,0.10220000,380.5500
1626353782997000,0,0.11991451,380.5500
1626353850451000,0,0.07790000,380.5600
1626353863909000,1,8.26320000,380.0300
1626353866427000,0,0.20680000,380.1600
1626353887895000,0,0.76390000,380.3400
1626354166732000,1,0.55706731,379.0100
1626354470689000,1,2.00000000,380.7700
1626354470781000,0,8.00000000,380.7300
1626354647486000,0,0.13520000,380.9600
1626354917647000,1,2.00000000,380.1300
1626355010042000,1,0.09834210,380.0000
1626355054922000,1,0.33325200,379.5000
1626355225323000,1,1.03238000,379.2800
1626355533189000,1,11.69000000,378.6300
1626355533205000,1,0.00072805,378.6300
1626355534510000,1,10.40000000,378.5100
1626355546589000,0,13.05630000,378.2800
1626355602433000,0,0.59980000,378.6000
1626355678880000,1,2.00000000,381.3700
1626355698001000,0,1.07190000,382.1800
1626355733391000,1,6.33000000,380.8000
1626356393548000,0,0.40560000,382.0300
1626356511826000,0,0.20000000,381.0700
1626356588479000,0,0.25410000,381.1100
1626357261001000,0,0.12630000,383.3300
1626357568764000,0,0.07570000,383.5600
1626357705240000,1,8.80000000,382.8700
1626358108765000,0,0.15300000,383.6600
1626358215252000,1,1.02919692,384.2100
1626359262157000,1,0.33210000,381.5900
1626359262660000,1,1.66790000,381.5900
1626359262660000,1,3.00000000,381.4400
1626359262660000,1,1.63110000,381.4000
1626359420380000,0,1.01320000,382.1000
1626359596964000,1,13.49000000,381.0000
1626359597107000,1,0.00601049,381.0000
1626359948706000,1,0.26160803,381.7900
1626361170963000,1,0.58876244,381.5900
1626361362121000,1,1.01516120,383.4800
1626361407105000,1,2.60000000,383.1800
1626362185604000,1,0.13140900,383.3500
1626362730790000,1,2.00000000,384.2800
1626362730868000,0,1.34177000,384.2800
1626362730895000,0,31.65823000,384.2800
1626363057175000,1,6.00000000,383.0600
1626363377030000,1,3.50000000,382.1000
1626363381428000,1,0.07397062,381.9600
1626363477477000,0,5.54000000,382.2800
1626363477484000,0,0.00187648,382.2800
1626363626451000,0,0.48000000,382.6800
1626363626724000,0,1.52000000,382.6800
1626363675462000,1,3.50000000,382.4800
1626363884714000,1,2.00000000,382.2400
1626363923819000,0,6.00000000,382.6600
1626364076178000,1,0.44796000,382.0200
1626364080280000,1,0.11859881,382.0200
1626364163122000,0,0.12640000,383.1900
1626364624610000,0,0.25340000,382.2100
1626364757106000,1,5.53941000,381.9700
1626364757113000,1,0.00000559,381.9700
1626364792806000,1,5.53972000,381.9700
1626364805258000,1,0.00000552,381.9700
1626364805258000,1,8.41419448,381.7000
1626364805259000,1,3.74710000,381.7000
1626364813724000,0,8.80000000,381.9500
1626364941205000,1,3.90206893,383.1600
1626365281399000,1,0.89500552,381.0000
1626365281399000,1,2.62205956,380.9900
1626365281399000,1,2.99470293,380.9900
1626365281664000,1,0.05500000,380.9900
1626365281839000,1,3.50616090,380.9900
1626365691135000,0,0.14179341,381.0400
1626365702987000,0,0.14180616,381.0400
1626365709718000,0,0.52521010,380.8000
1626365710386000,0,0.24800909,380.7600
1626365820860000,1,1.00000000,380.0000
1626366033587000,1,5.57528000,379.6000
1626366248676000,0,1.00000000,380.2500
1626366273172000,0,0.25450000,380.4600
1626366293944000,1,3.31000000,380.0600
1626366293966000,1,0.34000000,380.0600
1626366293968000,1,1.91821644,380.0600
1626366296524000,1,26.66620735,379.7900
1626366300093000,1,4.49797655,379.7600
1626366480243000,0,0.16694772,379.9700
1626366671007000,0,0.08930000,379.3800
1626366975250000,0,0.18080000,380.4100
1626367145875000,0,0.10970000,380.7200
1626367169997000,0,0.54670000,380.8400
1626367397769000,0,0.07500000,381.4800
1626367501515000,1,0.14213198,381.8600
1626367504028000,1,3.35000000,381.8600
1626367523147000,1,0.14210498,382.0100
1626367864304000,0,0.12720000,380.6800
1626367938519000,1,8.80000000,380.3000
1626367939223000,1,1.15540000,380.1600
1626367939291000,1,0.07500000,380.1600
1626368054988000,1,1.39760000,380.1100
1626368145848000,0,5.57000000,380.3600
1626368213467000,0,0.10000000,380.5700
1626368217202000,0,0.50890000,380.5700
1626368416942000,0,1.30795049,381.3600
1626368468337000,0,0.18072162,380.6200
1626368661713000,0,1.03144534,379.9600
1626368867819000,0,0.59172000,379.8600
1626368965354000,1,2.63366234,379.4400
1626368965354000,1,7.01633766,379.4300
1626368990842000,0,7.52000000,378.1100
1626368998339000,0,2.00000000,378.0800
1626369002611000,0,2.00000000,378.0200
1626369003145000,1,2.00000000,377.5900
1626369003145000,1,3.00000000,377.5800
1626369003145000,1,1.79591365,377.5700
1626369014291000,1,2.64427564,377.6600
1626369035211000,0,2.00000000,377.5400
1626369035211000,0,1.28556387,377.6500
1626369044807000,1,2.64993000,376.9100
1626369052680000,1,1.25330000,376.2100
1626369052877000,1,2.45800000,376.2100
1626369053071000,1,0.10000000,376.2100
1626369053123000,1,1.20750000,376.2100
1626369053131000,1,4.28120000,376.2100
1626369652081000,1,0.50000000,376.7100
1626369652081000,1,0.80795049,376.7000
1626370616617000,1,0.11300000,378.4600
1626371420384000,1,0.05364000,378.3100
1626371801566000,1,1.90946634,378.9700
1626371802563000,1,2.59946634,378.9700
1626371803617000,1,1.07946635,378.9700
1626371805662000,1,1.07946635,378.9200
1626372045671000,0,0.08910000,380.4700
1626372164752000,0,12.80000000,381.1900
1626372308543000,1,0.14219906,381.4800
1626372415136000,1,0.14210584,382.0000
1626372431535000,1,0.14209306,382.0600
1626372448752000,1,0.14208027,382.2400
1626372458721000,1,0.14206747,382.2900
1626372498526000,1,0.14205469,382.2700
1626372576798000,1,0.14204191,382.3200
1626372895292000,0,1.26630000,382.3900
1626372957324000,1,0.14202912,382.4000
1626372972362000,1,0.14201634,382.5700
1626372981861000,1,0.14200356,382.6300
1626372985913000,1,0.25006436,382.8100
1626373158111000,1,0.87665411,383.0800
1626373183947000,0,0.07710000,383.4500
1626373936185000,1,0.21238265,383.0600
1626374668165000,0,0.37880000,383.5200
1626375050318000,0,0.50470000,383.8000
1626375066910000,1,1.02977735,383.6400
1626375069113000,0,0.07500000,384.0100
1626375069294000,0,2.86840000,384.0100
1626375069551000,0,0.00000355,384.0100
1626375414752000,0,0.20170000,384.1300
1626376001095000,1,0.07500000,383.9900
1626376069970000,0,0.09240000,384.1500
1626376694214000,1,0.23519678,384.8600
1626376765258000,0,10.60000000,386.2800
1626376767393000,0,7.10000000,386.5400
1626376777127000,1,2.00000000,387.1100
1626376781630000,0,1.00000000,387.3800
1626376809196000,0,0.12520000,386.6600
1626376866606000,1,7.30762000,385.4500
1626376895863000,0,0.24531533,385.3000
1626376914935000,0,0.12570000,385.3300
1626377185317000,0,5.51000000,384.5400
1626377185496000,0,0.00019188,384.5400
1626377185496000,0,2.60180613,384.5800
1626377185690000,0,5.50784384,384.7100
1626377520229000,1,0.10084820,383.9700
1626377520707000,1,1.60765979,383.9700
1626378255659000,0,1.26294168,384.6500
1626378679218000,0,3.60518519,385.3100
1626378679507000,0,3.79146616,385.3100
1626379188712000,0,0.37660000,385.6900
1626379815976000,1,6.91000000,385.2200
1626379815978000,1,0.00035789,385.2200
1626379970283000,1,0.86986405,385.3100
1626380373274000,1,2.00000000,385.3500
1626380442299000,1,11.41000000,385.4400
1626381480238000,1,0.16914058,385.5600
1626381669015000,0,0.11814786,385.5800
1626382643475000,0,0.07520000,386.5000
1626382644178000,0,0.40000000,386.5000
1626382904678000,1,0.18929900,386.3300
1626382926347000,1,0.07734951,386.4700
1626382984724000,0,2.58510000,387.0600
1626382984773000,0,0.00008650,387.0600
1626382984877000,0,1.30570000,387.1700
1626382987382000,0,2.00000000,387.5600
1626383796063000,1,0.07404716,386.8200
1626384110009000,1,1.00000000,386.8100
1626384502055000,0,1.01785529,387.5600
1626384547785000,1,1.08968100,386.9500
1626384784353000,0,0.07490000,387.7400
1626386095711000,0,8.70000000,387.2600
1626386186900000,1,1.02502141,387.1800
1626386679178000,1,1.95150000,385.4400
1626386679178000,1,11.60850000,385.4300
1626386726232000,0,13.05636240,386.3400
1626386726232000,0,7.24363760,386.3700
1626386763400000,0,0.07510000,386.8300
1626386769365000,1,8.70000000,386.3500
1626386769523000,1,2.58674000,386.2600
1626386769681000,1,4.40302000,386.3600
1626386769733000,1,1.61024000,386.3600
1626386769782000,1,2.58674000,386.3600
1626386777114000,0,0.07500000,386.9200
1626386777190000,0,10.97600000,386.9200
1626386777235000,0,0.14900000,386.9200
1626386804178000,0,0.49960000,387.7000
1626386952369000,0,0.06036114,387.2100
1626386952804000,0,0.00123186,387.2100
1626386988785000,0,0.12490000,387.5400
1626387215169000,0,2.50893294,387.8900
1626387312812000,1,13.05636000,387.1300
1626387352540000,0,5.46000000,387.6900
1626387352629000,0,0.00252760,387.6900
1626387355282000,0,0.66000000,387.8500
1626387355660000,0,4.80000000,387.8500
1626387356032000,0,0.00028608,387.8500
1626387362637000,0,13.05000000,388.0000
1626387362735000,0,0.00636000,388.0000
1626387362735000,0,5.46411219,388.0100
1626387363121000,0,9.75690000,388.0000
1626387363121000,0,5.46411219,388.0100
1626387363121000,0,14.49898781,388.0300
1626387365681000,0,5.46000000,388.0100
1626387575995000,0,0.11512733,387.7400
1626388513498000,0,2.00000000,386.8400
1626388513498000,0,5.47518646,386.8500
1626388513498000,0,6.69999354,386.8500
1626388513794000,0,2.00000646,386.8500
1626388513794000,0,0.99999354,386.8500
1626389172778000,1,2.00000000,385.6100
1626389212809000,0,0.07670000,385.7600
1626389255589000,0,2.00000000,385.7700
1626389255589000,0,1.68463891,385.7800
1626389264734000,1,2.00000000,385.4500
1626389317158000,0,7.01536000,385.7800
1626390062343000,0,5.47000000,386.6200
1626390062353000,0,0.00755631,386.6200
1626390064066000,0,11.20000000,386.7300
1626390113390000,1,7.35381000,386.1400
1626390120241000,1,2.00000000,385.7600
1626390120241000,1,13.05636240,385.6900
1626390120241000,1,8.60000000,385.6800
1626390120241000,1,2.59196331,385.4500
1626390120241000,1,0.76345700,385.4500
1626390585654000,0,0.17570000,385.7400
1626390840251000,1,0.45811004,385.8500
1626390921204000,0,0.07520000,386.4400
1626391179682000,0,0.07660000,386.6300
1626391320293000,1,0.34358253,386.8400
1626391347525000,0,1.57530000,387.3000
1626391378081000,1,8.70000000,386.8900
1626391934705000,1,0.07500000,387.2800
1626392232260000,0,0.62620000,386.5900
1626392386223000,0,0.14119435,384.6000
1626392391925000,0,0.52018308,384.4800
1626392392166000,0,0.35130208,384.4800
1626392477366000,0,0.14128550,383.7800
1626392524207000,0,3.82000000,383.6800
1626392524304000,0,0.07500000,383.6800
1626392666988000,1,2.00000000,382.0900
1626392753473000,0,5.56000000,382.9100
1626392753479000,0,5.84000000,382.9100
1626392815951000,1,8.80000000,383.1000
1626392999517000,1,0.30448000,382.6700
1626393484455000,0,2.26000000,384.4300
1626393537889000,0,10.79000000,385.1900
1626393537906000,0,0.00636240,385.1900
1626393537970000,0,7.12980000,385.2000
1626393546209000,0,0.77000000,385.6500
