timestamp ms,type,amount,price
1623888390729000,0,7.60000000,500.0500
1623888390808000,0,7.60000000,500.0500
1623888403630000,1,1.15000000,499.5800
1623888407710000,1,0.37000000,499.5800
1623888412449000,1,1.52000000,499.2200
1623888425813000,1,1.52000000,498.8700
1623888454292000,1,0.87962841,499.1100
1623888454875000,1,0.64037159,499.1100
1623888454875000,1,0.23925682,499.0900
1623888651086000,1,4.16851000,499.8200
1623888744688000,1,0.87859129,500.3200
1623888745258000,1,0.87859129,500.3200
1623888776886000,1,4.16148000,500.8200
1623888841774000,0,0.28920273,500.6100
1623888841774000,0,0.72299727,500.6100
1623888869013000,1,4.16237682,500.7100
1623888869013000,1,3.43762318,500.6400
1623889003445000,1,4.16273492,500.7900
1623889034280000,1,4.16000000,500.9600
1623889062920000,1,0.00128853,500.9600
1623889128050000,0,8.74000000,500.4600
1623889280314000,0,0.26551000,498.9400
1623889358506000,0,0.25000000,498.8100
1623889391353000,0,0.25395751,499.1000
1623889391353000,0,0.62604249,499.1000
1623889620764000,0,0.97971051,500.0100
1623889620764000,0,0.39187949,500.0100
1623889621206000,0,0.00000471,500.0100
1623889621382000,0,0.39184000,500.2500
1623889640126000,0,0.26381000,501.0800
1623889704186000,0,1.53000000,500.8800
1623889794979000,0,4.16000000,500.6900
1623889847471000,0,4.15000000,501.7100
1623889886829000,0,1.52000000,501.2400
1623889887132000,0,4.16280599,501.2600
1623890057211000,0,2.53000000,502.2100
1623890113481000,1,8.20000000,502.0800
1623890155226000,0,8.70000000,502.6800
1623890222970000,1,3.67513000,502.6600
1623890222977000,1,4.58774568,502.6600
1623890296078000,1,0.13779423,502.8700
1623890306879000,1,0.13778045,502.9000
1623890643206000,1,1.02870000,503.2900
1623890643389000,1,0.95753171,503.2900
1623890835704000,1,0.19812000,502.2100
1623890835780000,1,0.00000430,502.2100
1623890835780000,1,13.19999570,502.1200
1623890882004000,0,4.15000000,502.1900
1623890882030000,0,0.00477731,502.1900
1623891088398000,0,4.15000000,502.6600
1623891195989000,0,4.15000000,502.6400
1623891208709000,0,0.00191498,502.6400
1623891267333000,0,4.15000000,502.7200
1623891340290000,0,0.13700000,503.2400
1623891341643000,1,1.52000000,503.1200
1623891543571000,0,1.52000000,503.2200
1623891544407000,0,0.00073797,503.2400
1623891549888000,0,1.52000000,503.9900
1623891574947000,0,0.39754857,504.0200
1623891574947000,0,0.99386143,504.0200
1623891574998000,0,0.00000999,504.0200
1623891575045000,0,2.58380000,504.1000
1623891575114000,0,0.00004986,504.1000
1623891575344000,0,0.39754857,504.3200
1623891575344000,0,0.62645143,504.3200
1623891575808000,0,0.36741999,504.3200
1623891575808000,0,0.39783001,504.3200
1623891576526000,0,0.39754857,504.7000
1623891576526000,0,0.99387142,504.7000
1623891781015000,0,0.64200000,503.2900
1623891781221000,0,0.25706000,503.2900
1623891781774000,0,8.16930000,503.5500
1623891993767000,0,4.14000000,504.1200
1623892006875000,0,0.00017296,504.1200
1623892116995000,1,0.08013000,505.1200
1623892265528000,0,1.34806933,505.4200
1623892265528000,0,0.27827087,505.4200
1623892265615000,0,0.26095686,505.4200
1623893141179000,0,0.43990218,504.3300
1623893141179000,0,0.43988298,504.3400
1623893141179000,0,2.85021484,504.3400
1623893156502000,0,1.52000000,504.6500
1623893168275000,0,4.13000000,504.6800
1623893194512000,0,0.00163129,504.6800
1623893225108000,0,4.13388590,504.8700
1623893401374000,0,0.53912000,504.2500
1623893401488000,0,0.00000072,504.2500
1623893402655000,0,0.53890040,504.6700
1623893402655000,0,1.34724960,504.6700
1623893545032000,0,4.13000000,504.3200
1623893647799000,0,0.44802000,505.2000
1623893677839000,0,3.19000000,505.4400
1623893680823000,0,0.93000000,505.4400
1623893735571000,0,0.05740000,505.9200
1623893803443000,0,4.12000000,505.9400
1623893885595000,1,1.97600000,505.6400
1623893885668000,1,0.00005808,505.6400
1623894330175000,0,0.11100000,506.5500
1623894443098000,0,1.09750000,506.5800
1623894956200000,0,0.11370000,506.1600
1623894972108000,0,4.00709000,506.1600
1623894972216000,0,1.07226212,506.2400
1623894972216000,0,2.68056788,506.2400
1623894972455000,0,1.07211379,506.3200
1623894972455000,0,2.68016540,506.3200
1623894972803000,0,6.96940000,506.5400
1623894972875000,0,0.00000072,506.5400
1623894974234000,0,1.52000000,507.1200
1623895208886000,0,4.03314488,507.3200
1623895208928000,0,0.08230908,507.3200
1623895225533000,0,1.14020034,507.4500
1623895225533000,0,0.45607966,507.4500
1623895262970000,1,1.96975000,507.3300
1623895263200000,1,0.00037502,507.3300
1623895313149000,1,0.45049847,506.7600
1623895690249000,1,1.52000000,507.6400
1623895829061000,0,0.59780000,508.4700
1623895829303000,0,0.00000221,508.4700
1623896025034000,0,4.10756000,507.6000
1623896025052000,0,0.00000309,507.6000
1623896126521000,1,1.52000000,507.7000
1623896451192000,1,4.12580000,508.6600
1623896584905000,0,3.38000000,508.2400
1623896718119000,1,1.96450000,508.7300
1623896718230000,1,0.00006707,508.7300
1623896807901000,1,1.96240041,509.2300
1623896807901000,1,4.89759959,509.2300
1623896955321000,1,1.96248513,509.2800
1623896955321000,1,8.80188677,509.2700
1623896955321000,1,4.90562810,509.2700
1623896955550000,1,0.00091129,509.2700
1623897102007000,1,0.22226581,509.4000
1623897319777000,1,1.15000000,509.0600
1623897380029000,0,3.27000000,509.2300
1623897427755000,1,4.09000000,509.2200
1623897428146000,1,0.00018804,509.2200
1623897639811000,0,0.97226587,509.9200
1623897639811000,0,1.90887413,509.9200
1623897639885000,0,0.52177000,509.9200
1623897830900000,1,1.52000000,509.7600
1623898169353000,0,1.52000000,509.7600
1623898169353000,0,2.86000000,509.7800
1623898169705000,0,0.00216185,509.7800
1623898178237000,0,8.38000000,510.2400
1623898237317000,1,1.52000000,509.6200
1623898238467000,1,1.52000000,509.6200
1623898569247000,1,4.09556104,508.4100
1623898842498000,1,1.96330196,509.0200
1623898842498000,1,1.95669804,508.9900
1623898850518000,0,0.38958646,509.5400
1623899098489000,1,1.95828079,510.2200
1623899098489000,1,4.89662157,510.1800
1623899118619000,0,1.15000000,510.8200
1623899118652000,0,2.50000000,510.8100
1623899127693000,0,0.06129433,511.4900
1623899138580000,1,1.52000000,511.3900
1623899138646000,1,1.95437000,511.3700
1623899138725000,1,0.00000702,511.3700
1623899138824000,1,4.02740000,511.3700
1623899138890000,1,0.85869454,511.3700
1623899138890000,1,2.14130546,511.3400
1623899151405000,1,1.95444000,511.2200
1623899151497000,1,0.00000578,511.2200
1623899151497000,1,1.95449422,511.2100
1623899160146000,0,0.00125090,511.4900
1623899186871000,1,1.95000000,511.0200
1623899186875000,1,0.00524063,511.0200
1623899228290000,1,4.07000000,510.9300
1623899280412000,1,1.15000000,510.7900
1623899284732000,0,0.06060000,511.0900
1623899289894000,1,1.52000000,510.6200
1623899289915000,1,0.43741449,510.6200
1623899396583000,1,1.95771339,510.3800
1623899396583000,1,4.89443573,510.3800
1623899396583000,1,3.85785088,510.3700
1623899533486000,0,1.52000000,511.2300
1623900178679000,0,1.18797556,511.3100
1623900178679000,0,1.13970056,511.3600
1623900234244000,1,1.52000000,511.4900
1623900384812000,0,2.85000000,511.3600
1623900394830000,0,1.52000000,511.5100
1623900394830000,0,2.85000000,511.5300
1623900441561000,0,1.00126195,511.4800
1623900571986000,0,2.44000000,511.3500
1623900610906000,0,0.00262707,511.5300
1623900629339000,0,1.52000000,511.9500
1623900821333000,1,4.07000000,511.6100
1623900904521000,0,1.52000000,511.7100
1623901026086000,0,2.44000000,511.7400
1623901042437000,0,2.44366053,511.9100
1623901066043000,1,1.95291000,511.7600
1623901125319000,1,1.52000000,511.5600
1623901125557000,1,1.95385006,511.5500
1623901125557000,1,4.07127580,511.5400
1623901142034000,0,2.03000000,511.8800
1623901240622000,0,0.19638360,511.6900
1623901668234000,0,2.44000000,511.0800
1623901695359000,0,2.44583085,511.4600
1623901745362000,0,2.03000000,511.4400
1623902045323000,1,1.95772000,510.4700
1623902104243000,0,3.26000000,510.4300
1623902104318000,0,0.00781417,510.4300
1623902446024000,0,3.25000000,512.2800
1623902539744000,0,3.26000000,511.4700
1623902554511000,0,0.00204783,511.4700
1623902554511000,0,1.51795217,511.4700
1623902560338000,0,0.12608446,511.6700
1623902845401000,0,2.44000000,512.6200
1623902877317000,0,0.00094216,512.6200
1623902885466000,0,1.52000000,513.0300
1623902911457000,0,2.44000000,512.6800
1623902920512000,0,0.00036140,512.6800
1623902920512000,0,2.44036140,512.6800
1623902922528000,0,1.52000000,512.6600
1623902922528000,0,2.44000000,512.6800
1623902986067000,0,0.00036140,512.6800
1623903183102000,0,2.03000000,512.0600
1623903503620000,0,1.29782000,511.7900
1623903503991000,0,0.00000792,511.7900
1623903503991000,0,3.24447208,511.8900
1623903506114000,0,0.71054196,512.2500
1623903568332000,0,2.03801000,511.3700
1623904649379000,0,0.19404680,511.1900
1623904847816000,0,0.19440787,510.5500
1623904903451000,0,0.71335113,510.3200
1623905208625000,0,6.00000000,510.0300
1623905661218000,0,0.29243663,509.3400
1623906102869000,0,0.97673551,509.3600
1623906120716000,0,1.02648710,509.5900
1623906120716000,0,2.56614290,509.5900
1623906120747000,0,0.00001152,509.5900
1623906120865000,0,6.67190000,509.6700
1623906121358000,0,1.02761000,509.6700
1623906439898000,0,0.58395219,507.5900
1623906439898000,0,1.45980781,507.6000
1623906587397000,0,0.53943739,507.7800
1623906587397000,0,1.34891225,507.7800
1623906587468000,0,1.15000000,507.8600
1623906589200000,0,3.36279441,508.0000
1623907358965000,1,1.42959555,507.4300
1623908146165000,0,0.50320000,508.5300
1623908146556000,0,0.00000386,508.5300
1623908146556000,0,0.50305614,508.5600
1623908146616000,0,0.00000910,508.5600
1623908146616000,0,3.27009090,508.5800
1623908146658000,0,0.00006251,508.5800
1623908359081000,1,1.15000000,508.5800
1623908582903000,0,2.87000000,508.0800
1623908583007000,0,0.00123176,508.0800
1623908621774000,0,2.46000000,508.0800
1623908626525000,0,0.00113628,508.0800
1623908626525000,0,2.63886372,508.2700
1623908643428000,0,0.66000000,508.3000
1623908700282000,0,2.46000000,508.8200
1623908823346000,0,0.43000000,509.3500
1623908908031000,0,2.04000000,509.3900
1623908942721000,0,1.63000000,509.2200
1623909030946000,1,4.09000000,508.6500
1623909043796000,0,1.52000000,508.8300
1623909061084000,0,0.71000000,508.8500
1623909243866000,0,0.91875828,511.0700
1623909243874000,0,0.01875017,511.0700
1623909424980000,1,4.08263150,509.8100
1623909424980000,1,4.90138322,509.7900
1623909424980000,1,1.96046141,509.7900
1623909425510000,1,4.08263150,509.8100
1623909610472000,0,0.49000000,510.3400
1623909619071000,0,0.00274700,510.3400
1623909767311000,0,3.67160772,511.0400
1623909822674000,1,4.07946674,510.9400
1623909822674000,1,3.52053326,510.9400
1623909822698000,1,7.60000000,510.9400
1623909828828000,1,3.54290000,510.9400
1623909922777000,0,1.52000000,511.4500
1623910066030000,0,5.00000000,511.3700
1623910122036000,0,5.00000000,511.3300
1623910200349000,1,0.05355748,510.6300
1623910319991000,0,1.52000000,511.3400
1623910775967000,0,3.68000000,509.9800
1623910776401000,0,0.00163994,509.9800
1623910795858000,0,3.67000000,510.3800
1623910826531000,0,3.67975417,510.9200
1623910826531000,0,0.22532041,511.0500
1623910942444000,0,0.46000000,512.0700
1623910959594000,1,1.52000000,511.6200
1623910982000000,0,3.66000000,512.0500
1623911051548000,0,3.25000000,511.9500
1623911102173000,0,3.00000000,511.8400
1623911104403000,0,3.25000000,512.1500
1623911150268000,0,0.38143450,512.5000
1623911150268000,0,0.95358626,512.5000
1623911150268000,0,3.16821229,512.5100
1623911155951000,1,1.52000000,512.2600
1623911156736000,0,1.52000000,512.7800
1623911158032000,0,1.15000000,512.7900
1623911158088000,0,22.85000000,512.7900
1623911158088000,0,9.54460000,512.9100
1623911198881000,0,2.84000000,513.6800
1623911199065000,0,0.00488797,513.6800
1623911611662000,1,1.15000000,512.3900
1623911760881000,0,1.62651000,513.3900
1623911896635000,0,1.62463000,513.7800
1623912013834000,0,1.62432000,513.8600
1623912113101000,0,0.10000000,514.2100
1623912159939000,0,0.30000000,515.0000
1623912161525000,0,1.52000000,515.3200
1623912244094000,0,1.21000000,514.6600
1623912265822000,0,0.28290379,514.9300
1623912389362000,0,0.93342000,514.9300
1623912608233000,0,1.97000000,515.2500
1623912615751000,0,0.00146300,515.2500
1623912615751000,0,0.49853700,515.3400
1623912635381000,0,0.00146300,515.3400
1623912635381000,0,0.04678006,515.5200
1623912655657000,0,1.16835260,515.5200
1623912656872000,1,0.22592890,515.5200
1623912720261000,1,1.13451250,515.1300
1623912828702000,1,0.14096202,515.0700
1623912983291000,1,0.88577703,515.0600
1623913097393000,0,0.80900000,515.5700
1623913097484000,0,0.00062377,515.5700
1623913167886000,1,0.90900000,515.2000
1623913200573000,0,0.80951073,515.5300
1623913200705000,0,0.80951073,515.5300
1623913201062000,0,0.80930053,515.7000
1623913201062000,0,5.94069947,515.9000
1623913266458000,0,0.80914000,515.8300
1623913288092000,1,0.51735700,515.5800
1623913462923000,0,0.09390000,515.9400
1623913463304000,0,0.09360000,515.9400
1623913463304000,0,0.24640000,515.9500
1623913464316000,0,0.00360000,515.9500
1623913464316000,0,0.39640000,516.1600
1623913464751000,0,0.00792406,516.1600
1623913465327000,0,0.15020000,516.3700
1623913466116000,0,0.40000000,516.1600
1623913467040000,0,0.00432406,516.1600
1623913467040000,0,0.25412406,516.3700
1623913467040000,0,0.02295188,516.4600
1623913467230000,0,0.40400000,516.1600
1623913467321000,0,0.00032406,516.1600
1623913479381000,0,0.32290000,516.1600
1623913512975000,1,1.93770000,515.7200
1623913544192000,0,0.39662620,515.7800
1623913544245000,0,0.00809441,515.7800
1623913545824000,0,0.39662620,515.7800
1623913587750000,0,0.40000000,515.7800
1623913601817000,0,0.40460160,515.9700
1623913643481000,0,0.40000000,515.9700
1623913651553000,0,1.52000000,516.1400
1623913652956000,0,0.07979558,516.1600
1623913672142000,0,0.00162848,516.1600
1623913672142000,0,4.99837152,516.4500
1623913673208000,0,0.00162848,516.4500
1623913673208000,0,0.40473133,516.5400
1623913673208000,0,30.88330000,516.6300
1623913673208000,0,0.40468592,516.6800
1623913673400000,0,0.44000000,516.6000
1623913678477000,1,1.52000000,516.7700
1623913701055000,0,1.52000000,517.5400
1623913703755000,0,47.88000000,517.8300
1623913760402000,1,8.51972508,517.1400
1623913791709000,0,5.00000000,516.5600
1623913799854000,0,5.00000000,517.0400
1623913808258000,0,0.30600000,516.5500
1623913808264000,0,3.00000000,516.5500
1623913808341000,0,1.69400000,516.5500
1623913808628000,0,1.15640000,516.5200
1623913808732000,0,3.84360000,516.5200
1623913828519000,0,5.00000000,516.8300
1623913831311000,0,5.00000000,517.0000
1623913852397000,0,5.00000000,517.1100
1623913853443000,1,5.00000000,517.1000
1623913864241000,1,5.00000000,517.1000
1623913868759000,0,4.90000000,517.3200
1623913869422000,0,0.09800000,517.3200
1623913883924000,0,0.74480000,516.9500
1623913884182000,0,4.25520000,516.9500
1623913886423000,0,0.09800000,517.0800
1623913892561000,0,0.09800000,516.9000
1623913892587000,1,5.00000000,516.8900
1623913892656000,1,9.60000000,516.8900
1623913893990000,0,2.73820000,516.9000
1623913894014000,0,2.16380000,516.9000
1623913920350000,0,0.48566870,517.3100
1623913995482000,0,0.09371007,518.2200
1623914026493000,0,0.48283990,517.9500
1623914026493000,0,4.51716010,517.9600
1623914065226000,0,0.38523150,518.1300
1623914090393000,1,0.37202800,517.2900
1623914149707000,1,0.19812430,517.3500
1623914164748000,1,1.93180000,517.4200
1623914164841000,1,0.00009677,517.4200
1623914166432000,1,1.93235422,517.1400
1623914228156000,0,1.93190000,517.0400
1623914228532000,0,3.06810000,517.0400
1623914239563000,0,0.47602089,516.8700
1623914239862000,0,0.47602853,516.8700
1623914240369000,0,0.47599002,516.8000
1623914240664000,0,0.31736261,516.8000
1623914241555000,0,0.25578000,516.7900
1623914250589000,0,5.00000000,516.9900
1623914293388000,1,5.00000000,516.6900
1623914295222000,1,5.00000000,516.4900
1623914581981000,0,0.62831000,516.8800
1623914648585000,0,0.61426000,517.6400
1623914675338000,0,0.60076069,518.0400
1623914675338000,0,0.25723931,518.0500
1623914831636000,1,1.52000000,518.2800
1623914831636000,1,0.64522605,518.2600
1623914833744000,1,0.29855499,518.3100
1623914833793000,1,0.29883454,518.3100
1623914839443000,1,1.52000000,518.2200
1623914960257000,1,0.20000000,518.2200
1623915360778000,0,0.58000000,518.5700
1623915466925000,1,1.52000000,518.2400
1623915788565000,0,0.05000000,518.1400
1623916118790000,1,1.27000000,517.2800
1623916434564000,0,1.52000000,516.6600
1623916560266000,0,0.09018497,517.4000
1623916794748000,1,1.52000000,516.2000
1623916809624000,1,1.52000000,515.6100
1623916835193000,0,0.82048616,516.3500
1623916835193000,0,2.05116384,516.3500
1623916853726000,1,1.52000000,516.2200
1623916861827000,1,1.52000000,516.0600
1623916888793000,0,3.00000000,516.7100
1623916888858000,0,9.90000000,516.7100
1623916925188000,1,1.51999999,517.0200
1623916925210000,1,0.00000001,517.0200
1623916995279000,1,1.30000000,516.3200
1623916999349000,1,0.22000000,516.3200
1623917056081000,0,0.69130222,516.2700
1623917056081000,0,0.69152778,516.2700
1623917065564000,1,1.52000000,516.6100
1623917065564000,1,0.41457000,516.6100
1623917076144000,1,0.00000275,516.6100
1623917108499000,0,0.14090784,516.5500
1623917222404000,0,0.63223971,516.3900
1623917222404000,0,0.08700770,516.3900
1623917222430000,0,0.46202702,516.3900
1623917222524000,0,1.03155555,516.3900
1623917772686000,0,0.18740000,516.8200
1623918356265000,0,4.04000000,517.8900
1623918356521000,0,0.00111750,517.8900
1623918356923000,0,0.05880000,517.8900
1623918357279000,0,3.98000000,517.8900
1623918359316000,0,0.00231750,517.8900
1623918359316000,0,4.03768250,517.8900
1623918361117000,0,0.00343500,517.8900
1623918361117000,0,4.03656500,517.8900
1623918568629000,0,4.04000000,517.3600
1623918665051000,0,4.04000000,517.8600
1623918670458000,0,0.00052069,517.8600
1623918670458000,0,4.03947931,517.8600
1623918671511000,0,0.00104138,517.8600
1623918693780000,0,0.63252727,518.4500
1623918693780000,0,1.58127685,518.4500
1623918724539000,0,1.52000000,519.0200
1623918724539000,0,2.51000000,519.0400
1623918724852000,0,1.52119029,519.0400
1623918724852000,0,1.52000000,519.1900
1623918724983000,0,0.28125000,519.2100
1623918724983000,0,1.51875000,519.2400
1623918725774000,0,2.23000000,519.2400
1623918725870000,0,0.28225515,519.2400
1623918735985000,0,4.03000000,519.0300
1623918737117000,0,0.00114459,519.0300
1623918737117000,0,4.02885541,519.0300
1623918739395000,0,0.00228918,519.0300
1623918805717000,0,1.52000000,518.8600
1623918805717000,0,0.72320855,518.8800
1623919069731000,0,1.52000000,519.0500
1623919069731000,0,4.03000000,519.0700
1623919567542000,1,4.03850000,518.3300
1623919568958000,1,0.00002446,518.3300
1623919568958000,1,1.14997554,518.3300
1623919569722000,1,2.88850000,518.3300
1623919570972000,1,0.00004892,518.3300
1623919570972000,1,4.03852446,518.3300
1623919664042000,1,6.80000000,517.0700
1623919669632000,1,15.20000000,516.6400
1623919669937000,0,1.52000000,517.1700
1623919671551000,0,1.02223558,517.2900
1623919695766000,0,1.52000000,517.0100
1623919780933000,0,4.06000000,515.8500
1623919843286000,0,4.06000000,515.7200
1623919859645000,1,0.11478718,515.2900
1623919862725000,0,0.00139358,515.7200
1623919862725000,0,0.00102497,515.8500
1623919862725000,0,4.05941752,515.9300
1623920128081000,1,1.52000000,517.0300
1623920137057000,0,0.43182670,517.5400
1623920137057000,0,1.07817330,517.5400
1623920138071000,0,0.00137258,517.5400
1623920151005000,0,0.43550000,518.0600
1623920151990000,1,1.52000000,517.5300
1623920158379000,1,1.52000000,517.3600
1623920158379000,1,7.73000000,517.3500
1623920241352000,1,0.09000000,518.0600
1623920286113000,1,7.11000000,518.0600
1623920307187000,0,0.39781628,518.4800
1623920307187000,0,0.39782395,518.4900
1623920307585000,0,0.39782395,518.5200
1623920307585000,0,0.39779783,518.5200
1623920307585000,0,12.79987822,518.5400
1623920336320000,0,0.36194704,518.5600
1623920336320000,0,0.78805296,518.5600
1623920407334000,0,4.03000000,519.6400
1623920414497000,1,20.91000000,519.2200
1623920418934000,1,7.60000000,519.3900
1623920424506000,1,17.76000000,519.0800
1623920434753000,1,1.52000000,519.1800
1623920506248000,0,4.03000000,519.3200
1623920508314000,0,0.00090133,519.3200
1623920508314000,0,1.51909867,519.3200
1623920753653000,1,0.26520952,518.1100
1623920754893000,0,0.06653992,518.6000
1623921000954000,0,4.04000000,517.4800
1623921431417000,0,1.52000000,516.4500
1623921437504000,1,1.52000000,516.0800
1623921486946000,1,0.09000000,516.0300
1623921994266000,0,0.33232307,516.5700
1623921994266000,0,0.83079158,516.5700
1623921994266000,0,0.52483231,516.6600
1623922037325000,0,0.29423275,516.7100
1623922037325000,0,0.73557903,516.7100
1623922037325000,0,4.04995543,516.7200
1623922045796000,0,0.67778305,517.4900
1623922045796000,0,0.27111322,517.5000
1623922128138000,0,0.10546246,517.7900
1623922138525000,0,1.41453754,517.7900
1623922138525000,0,4.04316758,517.8100
1623922247160000,0,0.62403400,518.0800
1623922247160000,0,1.51596600,518.0800
1623922247442000,0,0.00403400,518.0800
1623922260353000,0,0.24000000,518.2400
1623922274777000,0,0.57569939,518.2900
1623922274777000,0,1.42430061,518.3000
1623922459081000,0,4.04000000,517.8900
1623922463348000,0,0.00203043,517.8900
1623922466589000,0,1.52000000,517.8700
1623922532542000,0,4.04000000,517.9200
1623923246960000,1,1.15000000,516.9700
1623923283541000,1,2.88856000,516.9700
1623923331808000,0,3.96832405,516.9600
1623923336924000,0,0.08098621,516.9600
1623923338276000,0,4.04000000,516.9600
1623923408489000,0,0.00931026,516.9600
1623923526434000,0,0.05610000,517.6200
1623923530842000,0,48.76000000,517.5300
1623923637337000,0,4.04000000,517.9500
1623923640315000,1,0.95252874,517.4600
1623923649948000,0,4.04000000,518.1600
1623923650076000,0,0.00678295,518.1600
1623923651295000,0,0.96000000,518.3200
1623923652281000,0,0.19000000,518.4400
1623923652782000,0,2.65000000,518.4400
1623923688999000,1,1.52000000,519.2400
1623923696252000,1,1.52000000,519.0600
1623923757749000,1,5.51564000,518.9400
1623923757806000,1,7.28436000,518.9400
1623923813381000,0,4.03915499,518.2500
1623923813381000,0,0.23620879,518.4300
1623923864078000,0,0.23000000,518.0300
1623923864980000,0,0.00096965,518.0300
1623923864980000,0,0.57757131,518.0900
1623923865537000,0,1.50129841,518.1600
1623923886949000,1,12.17000000,518.4200
1623923922375000,1,4.03000000,518.3500
1623923949660000,1,0.00370642,518.3500
1623923975579000,0,0.17898047,518.7500
1623924175887000,1,1.52000000,518.4200
1623924242966000,0,0.36370000,518.8600
1623924405207000,0,1.52000000,517.8600
1623924405207000,0,3.53552747,517.8800
1623924414711000,0,0.10000000,517.8800
1623924416000000,0,1.52000000,517.8600
1623924416000000,0,0.00317403,517.8800
1623924416000000,0,3.63682597,517.8800
1623924417001000,0,0.00187553,517.8800
1623924417001000,0,1.51812447,517.8800
1623924425302000,1,7.60000000,517.3500
1623924462928000,0,3.23000000,517.2700
1623924463087000,0,0.00789247,517.2700
1623924465569000,0,3.23000000,517.4500
1623924599041000,0,0.28080000,517.2700
1623924653960000,0,2.83000000,517.3300
1623924720279000,1,0.13030489,517.1500
1623924805002000,0,2.42000000,517.5700
1623924855545000,1,1.93315909,516.8000
1623924855603000,1,12.90000000,516.7100
1623924909816000,0,1.52000000,517.3500
1623924909816000,0,0.24000000,517.3700
1623925017072000,0,0.23318759,518.4200
1623925017072000,0,0.58296897,518.4200
1623925017094000,0,0.31399969,518.4200
1623925054605000,1,1.15000000,518.1600
1623925583792000,1,0.60000000,517.6700
1623926131685000,0,0.06242600,517.3300
1623926153880000,0,0.00127400,517.3300
1623926949485000,1,3.30000000,516.9300
1623926989998000,0,0.81077000,517.1800
1623927012065000,0,0.00000755,517.1800
1623927065836000,1,0.04019768,516.8500
1623927148775000,0,0.79407965,517.5400
1623927183884000,0,0.79440927,517.4400
1623927219429000,0,1.52000000,517.5100
1623927219429000,0,0.76387642,517.5300
1623927559970000,1,0.07000000,517.0400
1623927579853000,0,0.81000000,517.3300
1623927601497000,0,0.00044037,517.3300
1623927601497000,0,0.39955963,517.4900
1623927750258000,0,0.40497000,517.5700
1623927750346000,0,0.24262671,517.7000
1623927750346000,0,0.60655329,517.7000
1623927750566000,0,1.57717000,517.8200
1623927750642000,0,0.00000282,517.8200
1623927750642000,0,0.24261718,517.8200
1623927840241000,1,0.39220254,517.6800
1623928200281000,1,0.07190765,518.4300
1623928292895000,0,0.40000000,519.3600
1623928406823000,0,0.00039425,519.6400
1623928406823000,0,0.40388931,519.6800
1623928406823000,0,0.44371644,519.7800
1623928442604000,0,0.07500000,519.9900
1623928498608000,1,0.08492038,520.0300
1623928516008000,1,1.90000000,520.0000
1623928801078000,0,0.40300000,519.2300
1623928801106000,0,0.00080381,519.2300
1623928824794000,0,1.00000000,518.8800
1623929434601000,0,0.06000000,518.3200
1623929716111000,1,1.38204000,517.0300
1623929807117000,0,0.09350000,517.7000
1623930000245000,1,0.19305083,517.4000
1623930011498000,1,0.86408898,517.6300
1623930307468000,0,0.17000000,517.4800
1623930307622000,0,0.17413011,517.4700
1623930307622000,0,0.43532527,517.4700
1623930307622000,0,1.52000000,517.4900
1623930341182000,0,0.15600000,517.9400
1623930542637000,1,1.52000000,518.1500
1623930590660000,0,0.10000000,517.9900
1623930757366000,0,0.15414819,517.6600
1623930757366000,0,0.03295181,517.6700
1623930931436000,1,0.99858191,516.7200
1623931298057000,0,1.52000000,516.4800
1623931298134000,0,1.48960000,516.4800
1623931306935000,1,0.13600000,516.1100
1623931440286000,1,0.06852487,515.5300
1623931448867000,1,1.00000000,515.5500
1623931499140000,0,0.19250000,515.9000
1623931624239000,0,0.51600000,516.0800
1623931624258000,0,3.54536456,516.0800
1623931916489000,0,1.52000000,515.9500
1623931919336000,0,4.05000000,516.0200
1623931919488000,0,0.00992709,516.0200
1623932024996000,1,0.96000000,514.8100
1623932024996000,1,0.06000000,514.5300
1623932025153000,1,0.96000000,514.5300
1623932025153000,1,1.11140000,514.3000
1623932034948000,0,0.06703286,514.4100
1623932057501000,1,1.15000000,513.7700
1623932078067000,0,0.35035096,513.1700
1623932078067000,0,1.16964904,513.1800
1623932114732000,0,1.52000000,512.4100
1623932180697000,0,1.39420000,512.7300
1623932229494000,0,7.53965000,511.7400
1623932229575000,0,5.46035000,511.7400
1623932241243000,0,0.10100000,511.7900
1623932244345000,0,1.04900000,511.8000
1623932295055000,0,0.29125446,512.3100
1623932499381000,0,5.53965000,512.5600
1623932499464000,0,7.46035000,512.5600
1623932702168000,0,0.09053990,512.6300
1623932702168000,0,0.21946010,512.6300
1623932822816000,0,4.10730648,510.3700
1623932880287000,1,0.39954627,510.4500
1623932946333000,0,4.10757000,510.1500
1623932946356000,0,0.00000435,510.1500
1623933002525000,1,7.60000000,510.1000
1623933007490000,0,0.13614807,510.0400
1623933013405000,1,1.11536146,509.6400
1623933020109000,0,0.13616168,509.7700
1623933020424000,1,0.96000000,509.4600
1623933030252000,1,0.96000000,509.3200
1623933069608000,0,2.50000000,509.7700
1623933069718000,0,0.96000000,509.7700
1623933069777000,0,0.51189275,509.7700
1623933086107000,0,2.50000000,510.0400
1623933086187000,0,1.47173000,510.0400
1623933109426000,0,0.00000924,510.0400
1623933109426000,0,4.10559076,510.1600
1623933123439000,0,4.10710000,510.5800
1623933128138000,0,0.00006473,510.5800
1623933146461000,0,2.84116000,510.1800
1623933146541000,0,1.26313000,510.1800
1623933151198000,0,0.00000327,510.1800
1623933155190000,0,2.73687000,510.4500
1623933155287000,0,1.36556000,510.4500
1623933206320000,0,0.15580000,509.9600
1623933277098000,0,0.17527262,509.6600
1623933324269000,0,4.10000000,509.7600
1623933475278000,0,4.11000000,509.5500
1623933486246000,0,0.00228894,509.5500
1623933486246000,0,8.37771106,509.9500
1623933514028000,0,0.00000094,510.4500
1623933629830000,0,0.05840000,511.1900
1623933697998000,0,4.10000000,510.6200
1623933840947000,0,3.69000000,510.3100
1623933885954000,0,1.52000000,510.4400
1623933885954000,0,1.69913920,510.4600
1623933936358000,1,0.31570238,509.2600
1623934224594000,0,0.06507188,511.1400
1623934224594000,0,0.16268097,511.1600
1623934224594000,0,2.46052272,511.1700
1623934439035000,0,2.45577858,512.1200
1623934472335000,1,7.60000000,511.6000
1623934515754000,0,2.04000000,511.6600
1623934557883000,0,2.04000000,511.3600
1623934680168000,1,1.95630000,510.9300
1623934702242000,0,1.64000000,510.8600
1623934754514000,0,1.23000000,510.1700
1623934763904000,0,1.23000000,510.2900
1623934810975000,0,0.00154403,510.8600
1623934810975000,0,0.81845597,510.9100
1623934922048000,0,0.82000000,510.4000
1623934947860000,0,0.82000000,510.1900
1623934990822000,0,0.41000000,510.5600
1623935033385000,0,0.12538382,511.0700
1623935033385000,0,0.31345954,511.3600
1623935033385000,0,0.41061549,511.3700
1623935033385000,0,3.04054115,511.4000
1623935122133000,0,0.09470000,511.1700
1623935280263000,0,0.15609247,510.8200
1623935423343000,0,0.08732334,509.8000
1623935423343000,0,0.24433138,509.8100
1623935517547000,0,0.09752293,509.0000
1623935529029000,0,0.31000000,509.0000
1623935575442000,0,0.41000000,509.2400
1623935859407000,0,7.60000000,508.2100
1623935859521000,0,5.50000000,508.2100
1623935961218000,0,0.05870000,509.0900
1623936152124000,1,0.08212436,507.6500
1623936173463000,0,0.41000000,508.1400
1623936804135000,1,1.38155000,509.6500
1623936926916000,0,0.07948951,510.4000
1623936926916000,0,0.19051049,510.4100
1623937100101000,1,1.52000000,510.0700
1623937324349000,1,3.81110888,509.5200
1623937324349000,1,1.52000000,509.4800
1623937455063000,1,1.96128532,509.3500
1623937455063000,1,1.52272468,509.3500
1623937837457000,0,0.30370000,510.2500
1623937864705000,0,1.39378563,510.4300
1623938106595000,0,5.00000000,509.2900
1623938167225000,1,4.91155276,508.7500
1623938167225000,1,1.96453740,508.7500
1623938167225000,1,6.22390984,508.7400
1623938413237000,1,4.53000000,508.5100
1623938520904000,1,0.96000000,507.9300
1623938521522000,1,8.86459551,507.5500
1623938521522000,1,50.59540449,507.4700
1623938522248000,1,0.19000000,507.7200
1623938523917000,1,1.64600000,507.4400
1623938524079000,1,1.19400000,507.4400
1623938592734000,0,0.41000000,507.3000
1623938610597000,1,1.97250000,506.6600
1623938688747000,0,0.41000000,507.1000
1623938938589000,1,4.13280000,506.8700
1623939100150000,0,0.06997337,507.7600
1623939182214000,1,4.13090000,507.0500
1623939236831000,1,1.52000000,507.0700
1623939248848000,1,0.00002210,507.0500
1623939295758000,0,0.41000000,507.5900
1623939353365000,1,0.29000000,507.5200
1623939405861000,0,0.41200000,507.8400
1623939413335000,1,1.52000000,507.6100
1623939457723000,0,0.41000000,507.2000
1623939461898000,0,0.41000000,507.3900
1623939469524000,0,1.52000000,507.3700
1623939480149000,0,0.00329732,507.3900
1623939586581000,1,4.79315000,508.2800
1623939587338000,1,13.63000000,508.2800
1623939714749000,0,6.16740000,508.2900
1623939932565000,0,1.02000000,508.7400
1623939980070000,0,0.73800000,510.2500
1623939980182000,0,0.22200000,510.2500
1623939980182000,0,1.08120000,510.4800
1623939980428000,0,7.60000000,510.3800
1623939993835000,1,1.52000000,510.3200
1623939996941000,1,0.48000000,510.1600
1623940062892000,1,6.16000000,510.3300
1623940084364000,0,0.41000000,510.8000
1623940182997000,1,0.06308000,510.7100
1623940192489000,1,1.95639663,510.8600
1623940218230000,0,8.20000000,511.6400
1623940243946000,0,1.52000000,512.5000
1623940246729000,1,8.40000000,512.3500
1623940246919000,1,7.60000000,512.3500
1623940246997000,1,7.60000000,512.3500
1623940247064000,1,3.00000000,512.3500
1623940247128000,1,3.50000000,512.3500
1623940247622000,0,1.52000000,512.3300
1623940307487000,0,0.40000000,512.2600
1623940660404000,1,0.54000000,511.2700
1623940664811000,0,0.12560000,511.7100
1623940976464000,1,4.10000000,510.0500
1623940977482000,1,4.10000000,509.8600
1623941071732000,0,0.86833338,509.1400
1623941072191000,0,0.65166662,509.1400
1623941072191000,0,0.21666676,509.1600
1623941076923000,0,0.95110000,509.1400
1623941197873000,1,4.91022827,508.8000
1623941197873000,1,1.96397636,508.8000
1623941197873000,1,1.78579537,508.7600
1623941459703000,0,0.09765342,508.6900
1623941460923000,1,1.52000000,508.1600
1623941567558000,0,5.00000000,507.9900
1623941567654000,0,4.00000000,507.9900
1623941683703000,1,1.96000000,509.3200
1623941691061000,1,0.73000000,509.0400
1623941717451000,1,1.96000000,508.7600
1623941823849000,0,0.09500000,509.8000
1623941885045000,0,7.60000000,509.7000
1623941885152000,0,5.40000000,509.7000
1623942107192000,1,1.52000000,510.5200
1623942129079000,1,4.10000000,510.4300
1623942141565000,1,1.52000000,510.4400
1623942143776000,0,0.10050000,511.0100
1623942274431000,1,0.10000000,510.6200
1623942404813000,1,0.16000000,510.6100
1623942404851000,1,1.15000000,510.6100
1623942562172000,1,1.00000000,509.5000
1623942661734000,1,4.11117646,509.6300
1623942717599000,0,0.82345553,509.3600
1623942852616000,0,0.09275032,509.5400
1623942857021000,0,0.82000000,509.6700
1623943139587000,0,0.12730000,510.4600
1623943278185000,0,1.52000000,510.3600
1623943378463000,1,0.06857904,510.5100
1623943380934000,0,0.82100000,510.8900
1623943381045000,0,0.00081944,510.8900
1623943539676000,1,0.58555200,510.7000
1623943660663000,0,4.10000000,510.9900
1623943740999000,1,0.82100000,510.6400
1623943815345000,0,0.75820000,510.9300
1623944110519000,1,1.95158578,512.0800
1623944110519000,1,4.87841422,512.0800
1623944159102000,0,0.53000000,511.9500
1623944325495000,1,1.95000000,511.9100
1623944325843000,1,0.00224918,511.9100
1623944325843000,1,4.88096307,511.7700
1623944325843000,1,12.68678775,511.7700
1623944441803000,0,0.09450000,512.2400
1623944885899000,0,2.61000000,513.3600
1623944885967000,0,0.07735407,513.3600
1623944893046000,0,1.52000000,513.7800
1623945006381000,0,0.56590000,513.2600
1623945272200000,0,2.41000000,514.3100
1623945454917000,0,0.18850000,513.9300
1623945456059000,0,1.52000000,513.7200
1623945456059000,0,3.52000000,513.7400
1623945507383000,0,0.77000000,513.5400
1623945604444000,0,4.08830000,513.9600
1623945604762000,0,0.00008240,513.9600
1623945604762000,0,7.59991760,514.0300
1623945609359000,1,4.08183566,514.1400
1623945658242000,1,1.94758537,513.0800
1623945658242000,1,4.86891463,513.0800
1623945664090000,0,8.88000000,513.4500
1623945666109000,0,4.09000000,513.4800
1623945668064000,0,0.00213713,513.4800
1623945693356000,1,0.10203300,512.5700
1623945704519000,1,0.97426600,512.3700
1623945766592000,0,3.00000000,512.8300
1623945908820000,0,4.09000000,512.9800
1623945943128000,1,9.74000000,512.3500
1623946023707000,1,1.52000000,511.6000
1623946047770000,0,0.30000000,512.1200
1623946087686000,1,1.52000000,511.4000
1623946087686000,1,1.95444342,511.3800
1623946087686000,1,3.36555658,511.3800
1623946147935000,0,4.10000000,511.7100
1623946507534000,1,1.52000000,511.2000
1623946508351000,1,1.52000000,511.0600
1623946508351000,1,0.94000000,510.9600
1623946508351000,1,1.06000000,510.9500
1623946539977000,0,0.11370000,511.0500
1623946544583000,1,2.79000000,510.2000
1623946581466000,0,1.52000000,511.0700
1623946629410000,1,2.79000000,509.2400
1623946629410000,1,0.94000000,509.2400
1623946630279000,1,0.94000000,509.6000
1623946729050000,1,3.61000000,509.3500
1623946777952000,0,0.09500000,509.7600
1623946816064000,0,1.52000000,509.4500
1623946855421000,1,1.52000000,508.2500
1623946913510000,0,4.12000000,508.9800
1623946957963000,0,0.57090000,508.9300
1623947425689000,1,0.00006431,506.8700
1623947426128000,1,1.97345404,506.3700
1623947426128000,1,4.92654596,506.3700
1623947452897000,0,1.52000000,506.4900
1623947455775000,1,0.77902000,506.5700
1623947487749000,0,0.19100000,506.9400
1623947489303000,1,0.00000337,506.5700
1623947597116000,1,1.52000000,506.3200
1623947693161000,0,1.15000000,507.1900
1623947703020000,1,4.14000000,506.8900
1623947776824000,1,5.00000000,507.6000
1623947798417000,0,4.14935251,506.7600
1623947811183000,0,3.27689000,507.0900
1623947880326000,1,0.18826314,507.0900
1623948046637000,1,1.52000000,505.6200
1623948064146000,1,1.52000000,505.0500
1623948065266000,1,1.00000000,505.0000
1623948069410000,1,1.52000000,504.7400
1623948070449000,1,1.52000000,504.6600
1623948076996000,0,0.13677607,505.3100
1623948121541000,0,0.09819444,505.5800
1623948130161000,1,1.52000000,505.0700
1623948187143000,1,4.15000000,505.4600
1623948192799000,1,1.52000000,505.4800
1623948196857000,1,0.00343809,505.4600
1623948202924000,1,1.52000000,505.3200
1623948221777000,1,5.00000000,505.3800
1623948224433000,1,4.15000000,505.2400
1623948245850000,1,5.00000000,505.0800
1623948293308000,0,0.57460000,505.6100
1623948308531000,1,4.15000000,504.9100
1623948308994000,1,4.17000000,504.7600
1623948311816000,1,0.94000000,504.5400
1623948321040000,0,0.13681711,504.9100
1623948406214000,1,5.00000000,504.6600
1623948407584000,1,4.16000000,504.5500
1623948409898000,1,0.00222127,504.5500
1623948409898000,1,4.15777873,504.5500
1623948414836000,1,4.16000000,504.3700
1623948415184000,1,0.00261305,504.3700
1623948435051000,1,4.16000000,504.0300
1623948543892000,1,4.16000000,504.6100
1623948544075000,1,0.00150913,504.6100
1623948580935000,0,0.13690884,504.1900
1623948645857000,1,5.00000000,504.1300
1623948646391000,1,1.93000000,504.1000
1623948727410000,0,0.10940000,504.4100
1623948748141000,1,1.98000000,503.9500
1623948751031000,1,1.98000000,503.9100
1623948767680000,1,0.00312098,503.9100
1623948767680000,1,1.98444407,503.6000
1623948767680000,1,4.95243495,503.6000
1623948823451000,0,0.78150533,503.2800
1623948873422000,0,0.05908970,504.0100
1623948889478000,1,1.98295000,503.9000
1623948889822000,1,0.00000655,503.9000
1623948889822000,1,4.01704345,503.8900
1623948889900000,1,0.94067000,503.8900
1623948890025000,1,0.00000711,503.8900
1623948890025000,1,9.05932289,503.8300
1623948890770000,1,1.98295655,503.4700
1623948890770000,1,4.41922211,503.4700
1623948890777000,1,0.54186314,503.4700
1623948890777000,1,0.71110264,503.4700
1623948911766000,1,8.91000000,502.9100
1623948929793000,1,0.05553148,501.9700
1623948929793000,1,4.17446852,501.3700
1623948999380000,1,4.17000000,503.1700
1623949013050000,1,3.21000000,502.9800
1623949040850000,1,4.17627256,502.8900
1623949090793000,1,4.17337075,503.2300
1623949090793000,1,50.10823000,503.1600
1623949090793000,1,4.17538977,503.0400
1623949090793000,1,3.00000000,503.0000
1623949090793000,1,30.75537000,502.9900
1623949090793000,1,2.24661429,502.9700
1623949091152000,1,4.17330000,503.2300
1623949094527000,1,4.17000000,502.4800
1623949115453000,1,5.00000000,502.4400
1623949178892000,0,1.98913804,502.9700
1623949178892000,0,4.97227460,503.0500
1623949178892000,0,3.00000000,503.0500
1623949178892000,0,8.98979350,503.0700
1623949178892000,0,4.17796975,503.1100
1623949178892000,0,9.64625411,503.2900
1623949180924000,1,52.45000000,502.8400
1623949184091000,0,1.98884467,503.0000
1623949186896000,1,4.17000000,502.5100
1623949208232000,1,4.18000000,501.4700
1623949212296000,1,0.00084820,501.4700
1623949212296000,1,4.17915180,501.3000
1623949216872000,1,0.00316625,501.3000
1623949216872000,1,4.17683375,501.3000
1623949231182000,1,1.64782748,502.0500
1623949231205000,1,3.35217252,502.0500
1623949254940000,0,0.19793587,501.3000
1623949285931000,1,5.00000000,501.7100
1623949315906000,0,1.00000000,501.3100
1623949339045000,1,4.19000000,500.5700
1623949339365000,1,0.00346534,500.5700
1623949344171000,1,1.99891000,500.0300
1623949344327000,1,0.00000841,500.0300
1623949344381000,1,1.00000000,500.0000
1623949344486000,1,4.99378525,499.9500
1623949345623000,1,1.99891000,499.7900
1623949374633000,1,10.71228541,499.7600
1623949374633000,1,4.20067744,499.7400
1623949375917000,0,0.06609724,500.2000
1623949380898000,1,4.19000000,499.3700
1623949382321000,0,1.52000000,499.8700
1623949443486000,1,4.19000000,500.1100
1623949443852000,1,2.81000000,500.1200
1623949445214000,1,8.28000000,499.9600
1623949446813000,1,4.19000000,499.9300
1623949469965000,0,0.21818869,500.6000
1623949493556000,1,1.99000000,500.0400
1623949516879000,1,4.19000000,499.8700
1623949522001000,1,4.19000000,499.4000
1623949534873000,1,4.20000000,499.3400
1623949536324000,1,0.00268833,499.3400
1623949536324000,1,4.19731167,499.3400
1623949550492000,1,4.20000000,499.0400
1623949598589000,0,0.11920048,499.8000
1623949609568000,1,4.20421178,499.2300
1623949626058000,0,0.94000000,499.6600
1623949626072000,0,7.60000000,499.6600
1623949680728000,1,5.00280612,499.4400
1623949680728000,1,2.00106718,499.4400
1623949680728000,1,4.19612670,499.4300
1623949682198000,1,5.00000000,499.3300
1623949722638000,1,5.00000000,499.9200
1623949722906000,1,3.00000000,499.9500
1623949730809000,1,1.99972275,499.7000
1623949734785000,1,4.19000000,499.6000
1623949783483000,1,2.00002680,499.6000
1623949783483000,1,4.99997320,499.6000
1623949808387000,1,4.99703764,499.7500
1623949808387000,1,1.99296236,499.7500
1623949863394000,1,4.20000000,498.5700
1623949864544000,1,0.00166509,498.5700
1623949906407000,1,4.21000000,497.7700
1623949906471000,1,0.00422539,497.7700
1623949906471000,1,1.01751468,497.5700
1623949906689000,0,0.21899813,498.5300
1623949908527000,1,4.21000000,497.7700
1623949922067000,0,2.00773504,498.2700
1623949925036000,1,4.21140000,498.0700
1623949925498000,1,0.00000056,498.0700
1623949925498000,1,0.00422539,497.7700
1623949925498000,1,2.99577405,497.7500
1623949926574000,1,4.21488091,497.5500
1623949926574000,1,1.03000000,497.3400
1623949926574000,1,0.94000000,497.2800
1623949926574000,1,4.20511909,497.2800
1623949927597000,1,0.00930625,497.2800
1623949927597000,1,0.94069375,497.1700
1623949927910000,1,1.22000000,497.2800
1623949935511000,1,4.21000000,497.0100
1623949937192000,1,4.21000000,496.7000
1623949942467000,0,9.06485000,497.5200
1623949942950000,0,2.42060000,497.7200
1623949961600000,1,4.21320621,497.6900
1623949961600000,1,51.14071000,497.5800
1623949961600000,1,10.20000000,497.5000
1623949961600000,1,4.21594434,497.3700
1623949961600000,1,33.18561000,497.3200
1623949961904000,1,2.42060000,497.6900
1623949961911000,1,1.79260000,497.6900
1623949962056000,1,0.00000621,497.6900
1623949962063000,1,5.00000000,497.5200
1623949962177000,0,0.99579572,498.3100
1623949965032000,1,1.52000000,497.2700
1623949965512000,1,4.21877450,497.0200
1623949965512000,1,8.40000000,496.8600
1623949965512000,1,8.25628475,496.7400
1623949965512000,1,4.21614977,496.7300
1623949965512000,1,0.94000000,496.4600
1623949975404000,1,1.73000000,496.6000
1623949977183000,1,15.21000000,496.4100
1623949980275000,0,0.05097015,497.0100
1623950004798000,1,4.21998000,497.0100
1623950005202000,1,5.02757120,497.0200
1623950038040000,0,1.52000000,496.9700
1623950049107000,0,0.11982008,497.4600
1623950062235000,0,7.60000000,497.5200
1623950092919000,1,2.00000000,497.2900
1623950094584000,1,5.02411576,497.2000
1623950094584000,1,2.00959843,497.2000
1623950126433000,0,7.60000000,497.9400
1623950126446000,0,2.66692086,497.9400
1623950170817000,1,2.00534527,498.2500
1623950170817000,1,5.00465473,498.2500
1623950181739000,1,2.00606137,498.2200
1623950181739000,1,4.20393863,498.2100
1623950183198000,1,2.00000000,498.1100
1623950222487000,1,18.04670922,496.7500
1623950222487000,1,2.01103987,496.7400
1623950223494000,1,2.01190575,496.7600
1623950223494000,1,5.02844086,496.7600
1623950223494000,1,13.06965339,496.7600
1623950226438000,0,2.01000000,497.3300
1623950238685000,1,5.02900731,496.8100
1623950238685000,1,2.01099269,496.8100
1623950281267000,1,2.00000000,497.2400
1623950332050000,1,2.00922268,497.3300
1623950332050000,1,5.02077732,497.3200
1623950351494000,1,2.00000000,497.2700
1623950352067000,1,0.00974134,497.2700
1623950352067000,1,2.21025866,497.2600
1623950381990000,1,2.01000000,497.0900
1623950382184000,1,0.00005873,497.0900
1623950383912000,1,2.01000000,497.0100
1623950385404000,1,2.01000000,496.8200
1623950385582000,1,0.00136727,496.8200
1623950425937000,1,4.22000000,496.4300
1623950428095000,1,0.94000000,496.0900
1623950429075000,0,2.79000000,495.5500
1623950429112000,0,0.94000000,495.5500
1623950429892000,1,0.94000000,496.1000
1623950434083000,0,1.52000000,495.7100
1623950438853000,1,30.40000000,495.4900
1623950455472000,0,2.02060000,495.1300
1623950455557000,0,0.00000310,495.1300
1623950455557000,0,5.05062749,495.2600
1623950456320000,0,7.60000000,495.4000
1623950456327000,0,5.80000000,495.4000
1623950490710000,0,0.22062042,494.5800
1623950492010000,1,5.05831328,493.9100
1623950492010000,1,2.02229063,493.9000
1623950501150000,0,0.05814162,494.8600
1623950504295000,1,2.02203992,494.0700
1623950504295000,1,5.04796008,494.0700
1623950517191000,0,7.60000000,494.5700
1623950517305000,0,5.90000000,494.5700
1623950520298000,0,0.06379254,494.9100
1623950545454000,0,0.09000000,494.4500
1623950559406000,0,0.00672864,494.4500
1623950564981000,1,5.05321302,494.4900
1623950564981000,1,2.01678698,494.4900
1623950565151000,1,0.00441999,494.4900
1623950578122000,1,2.02215377,494.1100
1623950578122000,1,5.04784623,494.1100
1623950654796000,1,5.04834983,494.6700
1623950654796000,1,2.01927995,494.6700
1623950665711000,0,0.42275938,494.9500
1623950667310000,1,1.52000000,494.3100
1623950681240000,1,2.02070637,494.6000
1623950681240000,1,5.05211468,494.6000
1623950681240000,1,49.97717895,494.5900
1623950748939000,1,4.24000000,494.4500
1623950803941000,1,2.02088021,494.5800
1623950818295000,1,2.02000000,493.9400
1623950841407000,0,0.12045709,494.0900
1623950866204000,1,2.02263571,494.0300
1623950866204000,1,50.06736429,494.0200
1623950969695000,1,4.24000000,494.8900
1623950998330000,1,4.23911156,495.1000
1623950999432000,1,4.23000000,495.1000
1623951001942000,1,0.00126397,494.8900
1623951001942000,1,2.01828169,494.7900
1623951001942000,1,5.04465434,494.7900
1623951010466000,1,2.02235936,494.2000
1623951033641000,0,0.40138686,494.5400
1623951067270000,1,4.24000000,494.3200
1623951072400000,1,4.24408957,493.8600
1623951103235000,1,4.25000000,493.2700
1623951103950000,1,1.52000000,493.2900
1623951220486000,1,4.23000000,495.5000
1623951262006000,1,4.22000000,496.4300
1623951269360000,1,4.22000000,496.1900
1623951309535000,0,0.08440817,496.7100
1623951324039000,1,4.22000000,496.5900
1623951337639000,1,4.22000000,496.8000
1623951343798000,1,0.00263386,496.8000
1623951343798000,1,4.21736614,496.8000
1623951366718000,1,48.70747000,496.6200
1623951366718000,1,0.00253000,496.5900
1623951373620000,1,0.00210811,496.5900
1623951373620000,1,4.21789189,496.5900
1623951382775000,1,4.22000000,496.0400
1623951384691000,1,0.00416618,496.0400
1623951384691000,1,4.22583382,495.8300
1623951384905000,1,0.00056944,495.8300
1623951384905000,1,2.01943056,495.6300
1623951384986000,1,0.94000000,495.8400
1623951386501000,1,0.94000000,495.5100
1623951398651000,1,4.23000000,495.5700
1623951398922000,1,0.00041485,495.5700
1623951398922000,1,0.00333880,495.5000
1623951398922000,1,6.46624635,495.3200
1623951404815000,0,0.09998684,495.7600
1623951448414000,1,4.22000000,495.9600
1623951449510000,1,4.23000000,495.6600
1623951449732000,1,0.00140518,495.6600
1623951451472000,1,4.23000000,495.6600
1623951459553000,1,0.00140518,495.6600
1623951459553000,1,4.22859482,495.6000
1623951466826000,1,0.00422844,495.6000
1623951466826000,1,4.22577156,495.3900
1623951477985000,1,4.23000000,495.0900
1623951483929000,1,0.00335755,495.0900
1623951483929000,1,4.22664245,495.0900
1623951483959000,1,0.00671510,495.0900
1623951504367000,1,4.23000000,495.1200
1623951551764000,1,2.01811000,495.2500
1623951551830000,1,0.00000538,495.2500
1623951551830000,1,5.04474462,495.1800
1623951561525000,1,2.02096673,494.5000
1623951561525000,1,2.01903327,494.4900
1623951562141000,1,0.00108685,494.4900
1623951566085000,0,5.25124558,494.6400
1623951566605000,0,1.04090000,494.7500
1623951566625000,0,0.98206903,494.7500
1623951566770000,0,5.05716621,494.7700
1623951566784000,0,1.02730000,494.8600
1623951566791000,0,0.99457325,494.8600
1623951570091000,0,1.52000000,495.4100
1623951570091000,0,13.50000000,495.4600
1623951571107000,0,13.40000000,495.3500
1623951723740000,1,4.23649943,495.2500
1623951731286000,1,4.23000000,495.2500
1623951773208000,0,1.52000000,494.8100
1623951879335000,1,4.23000000,495.4600
1623951911837000,1,4.23000000,495.6600
1623951969456000,1,4.23000000,495.8500
1623951979206000,1,0.00158253,495.8500
1623951979206000,1,4.23158253,495.8500
1623952015961000,1,0.00300230,495.6600
1623952015961000,1,0.59185966,495.6600
1623952016675000,1,0.89717600,495.6600
1623952016777000,1,2.74396664,495.6600
1623952100004000,1,2.01861306,494.9700
1623952126926000,1,1.52000000,495.2700
1623952126926000,1,0.49000000,495.2500
1623952159887000,1,2.01918792,494.9300
1623952159887000,1,4.23081208,494.9200
1623952187282000,0,2.00399683,495.3000
1623952197124000,1,2.01920000,494.9300
1623952292393000,0,1.52000000,493.2200
1623952309066000,0,1.52000000,493.7500
1623952309066000,0,0.49159193,493.7700
1623952312312000,0,4.25621000,493.7900
1623952440300000,0,0.61683949,494.3500
1623952453397000,1,2.02423804,493.6900
1623952453397000,1,5.06036196,493.6700
1623952453491000,1,0.00003899,493.6700
1623952453491000,1,7.59996101,493.5700
1623952552319000,0,1.37220000,494.0300
1623952762051000,0,7.60000000,493.9100
1623952762124000,0,1.02590000,493.9100
1623952805513000,1,2.02619495,493.1200
1623952807054000,1,2.02445356,492.7000
1623952807054000,1,2.02618644,492.7000
1623952807056000,1,0.00000851,492.7000
1623952898815000,1,0.46938756,493.7900
1623953040289000,0,0.12234271,494.6500
1623953172377000,1,2.02540000,493.4400
1623953172538000,1,0.00000689,493.4400
1623953172538000,1,4.24599311,493.4300
1623953262450000,1,1.15000000,492.0800
1623953266660000,0,1.52000000,492.3700
1623953284967000,1,0.50732578,492.3900
1623953472202000,0,0.99347081,493.1700
1623953494110000,0,0.94000000,493.3300
1623953864948000,1,0.20000000,493.0000
1623953872686000,0,0.25560000,492.6700
1623953910528000,0,2.02957000,493.0800
1623953910616000,0,0.00000119,493.0800
1623954473430000,1,1.52000000,492.2100
1623954473430000,1,4.16999510,492.2000
1623954480284000,0,0.48951474,492.6200
1623954735164000,1,2.03295000,491.6000
1623954735537000,1,0.06300000,491.4800
1623954735704000,1,0.00070914,491.4800
1623954735704000,1,5.08304416,491.4200
1623954735704000,1,2.03214670,491.4200
1623954736662000,1,0.87700000,491.2000
1623954750378000,1,1.52000000,490.0200
1623954750450000,1,0.20000000,490.0000
1623954750450000,1,0.50000000,490.0000
1623954770576000,0,1.52000000,491.3100
1623954803784000,0,0.20183614,491.9000
1623954811692000,1,4.26826702,491.4600
1623954811692000,1,1.51999298,491.4600
1623954820686000,1,4.26950000,491.2400
1623954822677000,1,0.00000903,491.2400
1623954823464000,0,0.46386315,491.0500
1623954845242000,0,0.12103933,492.5300
1623954889211000,1,1.52000000,494.3000
1623954991142000,1,1.00000000,495.0300
1623955068696000,0,1.00000000,495.1800
1623955275345000,0,0.50791625,494.5400
1623955393295000,1,2.02442000,493.6300
1623955394899000,1,2.02530000,493.3900
1623955453688000,0,0.94000000,493.9300
1623955597047000,0,1.20006710,493.5300
1623955636210000,0,0.21000000,493.9300
1623955639954000,1,4.24685000,493.8100
1623955640877000,1,0.00000689,493.8100
1623955728150000,0,11.15440000,494.0500
1623955768437000,0,0.94000000,494.6000
1623955894657000,1,4.24090000,494.0100
1623956040280000,0,0.38067536,493.6800
1623956040919000,1,1.15000000,493.3400
1623956040925000,1,5.55000000,493.3400
1623956073270000,0,0.31153823,493.8100
1623956186992000,0,0.70000000,493.2500
1623956236491000,0,1.52000000,493.0800
1623956325285000,0,0.07860000,493.0900
1623956347162000,0,1.52000000,493.2400
1623956419547000,0,8.26000000,492.6500
1623956435999000,0,0.19180584,492.7900
1623957195984000,0,1.15000000,494.6000
1623957250365000,0,0.34947810,495.1200
1623957360262000,0,1.52000000,493.7800
1623957360262000,0,0.03054935,493.8000
1623957429259000,0,0.09810000,493.6300
1623957810629000,0,2.02086679,495.1200
1623957810629000,0,5.05153321,495.1300
1623957810753000,0,0.00023733,495.1300
1623957810753000,0,4.24514123,495.1900
1623957810753000,0,3.35462144,495.2000
1623957810890000,0,7.60000000,495.2000
1623957811187000,0,10.39210000,495.2000
1623957812831000,0,5.17938062,495.2000
1623958314228000,0,0.94000000,495.0800
1623958325257000,0,0.94000000,495.5400
1623958343280000,0,0.79550000,495.7700
1623958500296000,0,0.06516847,495.1700
1623958883631000,0,1.00334582,496.1400
1623958958369000,0,0.04012743,495.9200
1623958961432000,1,0.08023435,495.6200
1623958965902000,0,1.47987257,495.9200
1623958965902000,0,0.31783743,495.9200
1623959013633000,0,0.00000668,495.9200
1623959024305000,1,4.23470000,496.0000
1623959238206000,0,4.24705000,495.1200
1623959562450000,1,0.75938943,494.4000
1623960141211000,1,1.71440000,492.4700
1623960141758000,1,7.60000000,492.4600
1623960141807000,1,7.60000000,492.4500
1623960141889000,1,8.11850000,492.4600
1623960155680000,1,0.94000000,491.6500
1623960158473000,0,1.39560000,491.7800
1623960177872000,0,0.41052151,491.6600
1623960221742000,1,2.03410000,491.3300
1623960221924000,1,0.00000799,491.3300
1623960221924000,1,5.08552201,491.3100
1623960387015000,1,0.99044667,491.6300
1623960541747000,0,0.66953000,493.8900
1623960547096000,0,0.00000417,493.8900
1623960600338000,0,0.06025649,494.8500
1623960605166000,0,1.00000000,494.7200
1623960625692000,0,0.27410000,494.6300
1623960730657000,1,4.23649000,495.7900
1623960776895000,0,2.01520000,496.5200
1623960776917000,0,0.00007166,496.5200
1623960807673000,1,4.23044000,496.5500
1623960808473000,1,0.00000979,496.5500
1623961264487000,1,2.02390000,493.7600
1623961264558000,1,0.00008526,493.7600
1623961264558000,1,5.05981474,493.7500
1623961264911000,1,0.00017247,493.7500
1623961288569000,0,1.52000000,493.9000
1623961288569000,0,2.15630000,493.9800
1623961680270000,0,1.02080888,494.8400
1623962258964000,1,0.20200584,491.7600
1623962542261000,1,1.52000000,492.9500
1623962542261000,1,4.25988263,492.9300
1623962542261000,1,1.52000000,492.8000
1623962542261000,1,8.53957881,492.7800
1623962542261000,1,2.53289895,492.7500
1623962581941000,0,2.02770000,493.4300
1623962582095000,0,0.00005185,493.4300
1623962582266000,0,3.12430000,493.4000
1623962582268000,0,7.60000000,493.4000
1623962582272000,0,6.70862431,493.4000
1623962582288000,0,5.06910000,493.4400
1623962582604000,0,0.00000200,493.4400
1623962582739000,0,11.00000000,493.6100
1623962582784000,0,2.17819718,493.6100
1623963000289000,0,0.05999518,495.8700
1623963027281000,0,0.09530531,495.8800
1623963087217000,1,4.23798593,495.4800
1623963605385000,1,1.52000000,494.6700
1623963605889000,1,1.52000000,494.6800
1623963720299000,0,1.52000000,494.3200
1623963720299000,0,8.14678928,494.3400
1623963720299000,0,2.07320476,494.3500
1623963810674000,0,1.52000000,493.9700
1623963810674000,0,2.73469000,493.9900
1623964213612000,0,0.11055879,493.6200
1623964251984000,0,1.00543915,493.3800
1623964440277000,0,0.06019216,493.1300
1623964844799000,0,0.94000000,493.9600
1623965129155000,0,0.42108664,495.2000
1623965919563000,0,0.48830000,495.8000
1623965937241000,1,4.23728915,495.3200
1623965937241000,1,3.47322614,495.2200
1623966623940000,1,0.85618682,497.0000
1623966671234000,1,0.08594100,497.0600
1623966756650000,0,0.09740000,497.3500
1623966909297000,0,0.05988352,497.2000
1623966935967000,0,0.50000000,497.2000
1623967053599000,0,0.05840000,497.4700
1623967440295000,0,0.18567643,497.0700
1623967442187000,0,0.32000000,497.0700
1623967749104000,0,0.09770000,495.8500
1623967804236000,0,0.09760000,496.1200
1623968099535000,0,0.94000000,495.7000
1623968181959000,0,0.94000000,496.2800
1623968197639000,0,0.94000000,497.0500
1623968224275000,0,0.07790000,497.2500
1623968315198000,0,0.09740000,497.1800
1623968478329000,0,0.36110000,496.1400
1623968506190000,1,2.01768000,495.2800
1623968562550000,1,0.19478373,495.0200
1623968636333000,0,0.10393697,495.6400
1623968909140000,1,0.16200000,496.8000
1623969539455000,0,4.24000000,494.4500
1623970069069000,0,0.94000000,496.3800
1623970175227000,0,0.94000000,497.6500
1623970184042000,0,0.94000000,498.0200
1623970628248000,0,0.94000000,497.5100
1623970646076000,1,0.88078706,497.7100
1623970646814000,1,0.63921294,497.7100
1623970646814000,1,0.24157412,497.7100
1623970689376000,1,0.41722597,497.7600
1623970714111000,0,0.94000000,498.7400
1623970862603000,0,4.21462000,498.4600
1623970870350000,0,0.94000000,499.3000
1623970871345000,0,2.00306468,499.8200
1623970871345000,0,5.00749532,499.8200
1623970871536000,0,0.00000721,499.8200
1623971007704000,0,0.94000000,500.5100
1623971012059000,0,2.79000000,500.7500
1623971012059000,0,0.94000000,500.7500
1623971133948000,1,0.15100000,501.1700
1623971144003000,1,0.15090000,501.1300
1623971169870000,1,0.07540000,501.1800
1623971181969000,0,0.05790000,501.6000
1623971389977000,0,0.13000000,502.0700
1623971402916000,0,0.37983613,502.2600
1623971419489000,0,1.99312521,502.0100
1623971516778000,0,0.87100000,501.8800
1623971813801000,0,2.92000000,501.0300
1623972313644000,0,0.09180000,500.9700
1623972479873000,1,4.18981000,500.7000
1623972480158000,1,1.99643320,500.5900
1623972480432000,1,1.99639000,500.5700
1623972511875000,0,4.19877000,500.1300
1623972562523000,0,0.00000955,500.1300
1623972592588000,0,1.99806000,500.7600
1623972766969000,0,4.20000000,499.9300
1623973560287000,0,4.19371000,500.8200
1623973621876000,0,4.19182000,501.1300
1623973638758000,0,0.00000023,501.1300
1623973683527000,0,4.18868798,501.8900
1623973683527000,0,1.52000000,501.8900
1623973683527000,0,3.99953118,501.9900
1623973683527000,0,1.22442616,502.0000
1623973778148000,0,4.18072000,502.2500
1623973800082000,0,0.00000920,502.2500
1623973800082000,0,0.06664883,502.5300
1623973800082000,0,3.24334197,502.6100
1623973805409000,0,1.52000000,502.6300
1623973875127000,1,0.13777300,503.1100
1623974064855000,0,4.17361000,503.1900
1623974140352000,1,1.98581433,503.1800
1623974140352000,1,2.11574567,503.1800
1623974311381000,0,4.17000000,502.6100
1623974345043000,0,4.02000000,502.8200
1623974384493000,0,4.17454000,503.0100
1623974564020000,0,4.18000000,501.8300
1623974668639000,0,4.18000000,501.5000
1623974704160000,1,1.99220000,501.6400
1623974880631000,0,4.19555000,500.7000
1623974893635000,0,0.00000035,500.7000
1623974937577000,1,0.41920284,500.8000
1623974948938000,0,4.19000000,501.2600
1623974994131000,0,1.00000000,501.2500
1623975000248000,0,0.00100134,501.2600
1623975000248000,0,0.08439467,501.7900
1623975445930000,1,3.50000000,503.1200
1623975710928000,1,1.99010000,502.1600
1623975789077000,1,1.99175000,501.7900
1623975961627000,0,0.44170000,502.2100
1623976080259000,0,0.08341844,501.4100
1623976100151000,0,0.33350000,501.6100
1623976894157000,0,4.19000000,500.7600
1623977322315000,0,4.19000000,500.5400
1623977635089000,0,1.52000000,500.4700
1623977665446000,1,7.60000000,499.8900
1623977680300000,0,4.20268000,500.0600
1623977680327000,0,0.00000381,500.0600
1623977772156000,0,4.21379492,498.9000
1623977797335000,0,0.87754096,498.7500
1623977797788000,0,0.83926311,498.7500
1623977945832000,0,4.22513000,497.2700
1623978139967000,0,4.21070000,498.9000
1623978143962000,0,0.00009151,498.9000
1623978143962000,0,0.07750849,499.0700
1623979310075000,0,4.22000000,497.8700
1623979397738000,1,2.94670000,497.6300
1623979603523000,0,0.00025783,497.8700
1623979787714000,0,0.06450000,496.1400
1623979805977000,0,2.61000000,495.3700
1623979806131000,0,1.63313758,495.3700
1623980143718000,1,2.02858000,492.6900
1623980143891000,1,1.97142000,492.6900
1623980148573000,0,2.10000000,492.9600
1623980286725000,0,4.25260000,493.9900
1623980789683000,0,4.24570000,494.8400
1623980824795000,1,4.23710000,495.1500
1623981713328000,0,4.25951000,492.9800
1623981745237000,1,2.03010000,492.2700
1623981754909000,1,0.00000527,492.2700
1623981768736000,0,4.26735000,492.0200
1623981771182000,0,0.00000846,492.0200
1623981771182000,0,4.26580154,492.2500
1623981796523000,0,0.00000995,492.2500
1623981796523000,0,3.49999005,492.5600
1623981796594000,0,0.76358000,492.5600
1623982132611000,1,0.07224000,490.6400
1623982132862000,1,0.00000242,490.6400
1623982785538000,1,4.26680000,491.0300
1623982787062000,1,0.94000000,490.8300
1623982787062000,1,7.16705000,490.7100
1623982787520000,1,2.79000000,490.5900
1623983775394000,0,1.52000000,497.1300
1623983882641000,0,2.79000000,498.2400
1623983882946000,0,0.94000000,498.3000
1623983897275000,0,0.83890000,498.0300
1623988408592000,0,0.92906268,498.6600
1623988919508000,0,4.21000000,498.3400
1623989160767000,0,4.12000000,497.5900
1623989585761000,0,4.22000000,497.1100
1623990206996000,0,1.52000000,498.2800
1623990206996000,0,2.48000000,498.3000
1623990220467000,0,1.73830000,498.3000
1623990351474000,0,0.19230000,498.8200
1623990462515000,1,0.87954375,499.1100
1623990736356000,0,0.32340000,498.1300
1623991644376000,0,0.99474048,499.9000
1623991777079000,0,1.52000000,499.5400
1623991777079000,0,0.05932489,499.5600
1623992418120000,1,1.44746848,500.1200
1623992619858000,1,4.20030000,499.5300
1623992629998000,1,0.00004064,499.5300
1623993251904000,1,3.17950000,499.2100
1623993268979000,0,0.09690000,499.4800
1623993469639000,1,0.71939746,499.3900
1623994395901000,0,0.05345547,501.3300
1623994684920000,0,0.49421876,502.0800
1623994782616000,0,0.09894623,501.5600
1623995148539000,0,1.56025183,500.6100
1623995281172000,0,0.53471056,500.0700
1623995452854000,0,0.05820000,498.9500
1623995559248000,1,0.94000000,496.6700
1623995978115000,0,0.50000000,497.4900
1623996343227000,0,0.05840000,497.7700
1623996628785000,0,1.52000000,498.5600
1623996628785000,0,4.91178000,498.5800
1623996703731000,0,4.22085367,498.7700
1623996703731000,0,0.60112533,498.8800
1623997610946000,0,0.99793829,497.0600
1623998074069000,1,0.81246300,496.7000
1623998381847000,0,1.52000000,497.5000
1623998381847000,0,0.36020229,497.5200
1623998607551000,0,0.08219503,498.2200
1623998682110000,0,0.07972604,498.0100
1623999190521000,0,3.53471000,495.6300
1623999597575000,0,2.50000000,495.8700
1623999654630000,0,4.23690000,496.6900
1623999656782000,0,0.00006018,496.6900
1623999704394000,0,0.17980000,497.4300
1623999962233000,1,1.52000000,496.2500
1624000086982000,0,4.22780000,498.0400
1624000247769000,0,4.21819092,498.5500
1624000294804000,0,0.11060000,499.0400
1624000723147000,0,0.48298754,499.5400
1624000849354000,1,0.30943000,499.0100
1624001112609000,0,0.08840000,499.3800
1624001126616000,1,0.69057000,499.0100
1624001635846000,0,0.25710000,500.9700
1624001740701000,1,0.36254890,500.5000
1624002240323000,1,1.52000000,500.1300
1624002360419000,0,1.52000000,500.2300
1624002360419000,0,1.48354869,500.2400
1624002488717000,0,0.04406521,499.2600
1624002507268000,0,0.08000000,499.0000
1624002507268000,0,0.00860000,499.0800
1624002720287000,1,0.05951081,498.8700
1624003130476000,1,1.52000000,497.9600
1624003130476000,1,0.48000000,497.8700
1624003383568000,1,0.94000000,497.7100
1624003661075000,0,0.32112011,500.4800
1624003876442000,1,4.18470000,501.3800
1624004186689000,0,0.07227863,502.6000
1624004187289000,0,0.00000001,502.6000
1624004291174000,0,1.00000000,503.0600
1624004291706000,0,0.07484000,503.1500
1624004292485000,0,0.00000901,503.1500
1624004326354000,1,1.99127000,501.9100
1624004400293000,0,3.34642932,502.1600
1624004400293000,0,0.50000000,502.3200
1624004400293000,0,1.72749319,502.3300
1624004406351000,1,0.04580085,501.8900
1624004478786000,1,1.00000000,502.5600
1624004815324000,0,0.05780000,502.4400
1624005021644000,0,2.50508000,502.7700
1624005543365000,0,2.09000000,502.2400
1624005611526000,1,4.17750000,502.3600
1624006995495000,0,0.09908253,501.0500
1624007107505000,0,1.67000000,500.8700
1624007604182000,0,0.19330000,501.0400
1624008015499000,1,4.21620000,497.2700
1624008396696000,0,0.06010000,498.3700
1624008486561000,0,2.01020000,497.7500
1624008486889000,0,0.00008358,497.7500
1624009090413000,1,4.50000000,496.5800
1624009090477000,1,2.20000000,496.5800
1624009329027000,1,0.12436869,495.7200
1624009800383000,0,0.19510000,496.5100
1624009820298000,0,1.00000000,496.2800
1624010105511000,0,2.02098000,495.1500
1624010159561000,0,1.69913000,494.5000
1624011182672000,0,0.13134921,491.6200
1624011240230000,0,1.01364031,491.7100
1624011423784000,1,3.50000000,490.0000
1624011423821000,1,8.38410000,490.0000
1624011423822000,1,1.01860000,490.0000
1624011423840000,1,2.72718000,490.0000
1624011423840000,1,4.87282000,490.0000
1624011423845000,1,5.12718000,490.0000
1624011491897000,0,1.01860000,490.3000
1624011551828000,1,0.08238000,489.0800
1624011552056000,1,0.00000472,489.0800
1624011552056000,1,0.08703397,488.8300
1624011552056000,1,0.30914213,488.8300
1624011587956000,0,1.71781000,489.0200
1624011600234000,0,0.00000632,489.0200
1624011600234000,0,1.71738368,489.3100
1624011613246000,1,1.45620000,489.0200
1624011613486000,1,0.72166000,489.0200
1624011615051000,1,0.00000082,489.0200
1624011617670000,0,1.45620000,488.9900
1624011618315000,1,0.29667721,488.5700
1624011619737000,0,0.12874389,488.9900
1624011629426000,0,0.00001517,489.3100
1624011629426000,0,1.71738483,489.3100
1624011634530000,0,0.00001402,489.3100
1624011649571000,0,1.71700000,489.5200
1624011651931000,0,0.00000903,489.5200
1624011651931000,0,1.71720097,489.7400
1624011666926000,0,1.71660000,489.3600
1624011667836000,0,0.00009826,489.3600
1624011667836000,0,1.71668174,489.3600
1624011671426000,0,0.00001652,489.3600
1624011676658000,1,23.16648000,489.7200
1624011676736000,1,10.20361000,489.7200
1624011685836000,0,0.00001869,489.7400
1624011720281000,1,0.05628823,489.6800
1624011725734000,0,1.28610000,490.0100
1624011859039000,0,6.08000000,491.6600
1624011859044000,0,7.60000000,491.6600
1624011859189000,0,2.03505827,491.6800
1624011859189000,0,8.11614173,491.7000
1624011917890000,0,0.96000000,493.9200
1624011917890000,0,0.07000000,494.0200
1624011918152000,0,0.96000000,494.0200
1624011919774000,0,1.01000000,494.1600
1624011919906000,0,1.79000000,494.1600
1624011994177000,1,0.20000000,493.6500
1624012007839000,0,1.70094000,493.9600
1624012071012000,0,3.00000000,493.5400
1624012107407000,0,0.00000525,493.9600
1624012123999000,0,0.12762167,495.0000
1624012199595000,1,7.60000000,494.5700
1624012376906000,0,0.05850000,496.3900
1624012407100000,0,1.69136000,496.5900
1624012439980000,1,0.05900000,496.3100
1624012457750000,1,0.00035477,496.3100
1624012569572000,0,1.69365230,495.9000
1624012569572000,0,1.52000000,495.9000
1624012569676000,1,0.21846463,496.0000
1624012753452000,0,0.19500000,496.4200
1624012942076000,0,0.05850000,497.3600
1624014050331000,0,1.68000000,499.4100
1624014183477000,0,1.25000000,501.0300
1624014184513000,0,0.92000000,501.0200
1624014440192000,1,0.87903896,500.2300
1624014606265000,0,0.48490000,499.2900
1624014608207000,0,0.77704000,499.2900
1624014664368000,1,0.09128692,499.2800
1624014664368000,1,0.22821729,499.2800
1624014664368000,1,0.55349579,499.2800
1624014689692000,0,0.00000894,499.2900
1624014689692000,0,1.25999106,499.3200
1624014745446000,0,1.26132000,499.3200
1624014783694000,1,0.09149928,499.3100
1624014783694000,1,0.23788072,499.3100
1624014880405000,0,4.20000000,498.6100
1624014882934000,0,3.50000000,499.2700
1624014914347000,0,1.00000000,499.3100
1624014956176000,0,4.20528000,499.1800
1624014956266000,0,0.00000530,499.1800
1624015032387000,0,0.00000159,499.3200
1624015032387000,0,0.06949841,499.3600
1624015142259000,0,7.59087000,498.9200
1624015142370000,0,5.44741786,498.9200
1624015142370000,0,4.05258214,498.9200
1624015175262000,1,0.11449000,498.9600
1624015175332000,1,0.00000449,498.9600
1624015175332000,1,0.28622551,498.9500
1624015288596000,1,0.07350176,498.4800
1624015288596000,1,0.18374851,498.4800
1624015320317000,0,0.09925011,498.0200
1624015365023000,0,0.87921687,496.9400
1624015450812000,0,0.19480000,497.1300
1624015529712000,0,4.22165030,497.3200
1624015944380000,1,1.42250000,495.7800
1624015967301000,0,4.23000000,496.1400
1624016011844000,0,0.00202372,496.1400
1624016215751000,0,4.23000000,495.7500
1624016230775000,0,4.23000000,495.9300
1624016287208000,0,4.23000000,495.5400
1624016453482000,0,0.00418940,495.9300
1624016453482000,0,8.64661262,496.0400
1624016453482000,0,4.22919798,496.0500
1624016520347000,1,0.10255527,496.1600
1624016700178000,0,4.23000000,496.6400
1624016788365000,0,4.22000000,497.6300
1624016824659000,1,0.04679764,497.3600
1624016824659000,1,1.52000000,497.3500
1624016824659000,1,0.12167680,497.2500
1624016824659000,1,3.28029529,497.2400
1624016960079000,0,4.22000000,497.5600
1624016980555000,0,0.00183661,497.5600
1624017000355000,0,1.49141043,498.2500
1624017146350000,0,0.20090000,496.4700
1624017215558000,0,0.20011884,495.9200
1624017600898000,0,4.23000000,496.3900
1624017629349000,1,0.39095961,496.6300
1624017783448000,0,0.13818098,494.8800
1624017790536000,1,2.02309000,493.9300
1624017960289000,0,0.42975414,494.5900
1624018270332000,0,4.26000000,493.0500
1624018270639000,0,0.00419613,493.0500
1624018567466000,1,7.60000000,492.6900
1624018769397000,1,4.27078981,491.7100
1624019336542000,0,4.27000000,491.9100
1624019355339000,0,4.28531149,491.4300
1624019356796000,0,4.28000000,491.6800
1624019388946000,0,5.00000000,491.7100
1624019402322000,0,8.51000000,492.4700
1624019414287000,0,5.00000000,491.8600
1624019569830000,0,5.00000000,493.0000
1624019795467000,0,3.50000000,491.7500
1624019795635000,0,0.78130000,491.7500
1624019810097000,1,5.00000000,492.1100
1624019882210000,0,0.49130000,492.8300
1624019886910000,1,1.50000000,492.0600
1624019949291000,0,0.29480000,492.7900
1624020160096000,0,0.08410000,491.5100
1624020292779000,1,1.51590000,490.7200
1624020292804000,1,7.60000000,490.7200
1624020292876000,1,4.12060000,490.7200
1624020303820000,1,0.00000407,490.7200
1624020304222000,1,1.52000000,490.3800
1624020433004000,0,1.51590000,490.0000
1624020433467000,0,5.00000000,490.0000
1624020433541000,0,6.50000000,489.9900
1624020573772000,0,0.10111134,491.1700
1624020876850000,1,1.52000000,490.5900
1624021007535000,0,0.07027253,491.5600
1624021080303000,1,0.09616741,491.4800
1624021115209000,0,0.06100000,491.8700
1624021481149000,0,0.07008966,493.2500
1624021590680000,0,0.06989356,494.0900
1624021774184000,0,0.06044636,492.5900
1624021817377000,1,5.19976011,491.8300
1624021870513000,0,0.10000000,491.9900
1624021996108000,1,9.00000000,490.0000
1624022031979000,0,4.29360000,490.5100
1624022032123000,0,0.00002485,490.5100
1624022177595000,0,4.29000000,490.8000
1624022243769000,1,1.52000000,491.5100
1624022243769000,1,2.03184963,491.4900
1624022243769000,1,0.51097037,491.4900
1624022254027000,1,2.03340000,491.3800
1624022254232000,1,0.00000044,491.3800
1624022254232000,1,2.03383956,491.3700
1624022276035000,1,2.03772000,490.4800
1624022289561000,0,4.50000000,490.8900
1624022328250000,0,0.08026238,490.8200
1624022477958000,1,1.01300000,490.5200
1624022478149000,1,4.87710000,490.5200
1624022478175000,1,2.16797641,490.5200
1624022681305000,1,0.78240600,488.9900
1624022856936000,0,1.01300000,489.9400
1624023254962000,1,1.50000000,490.5200
1624023649897000,0,0.06083164,489.3900
1624023716480000,0,0.16810000,489.6500
1624023921924000,0,4.30940000,489.7000
1624024173458000,0,6.30735757,490.9800
1624024173458000,0,8.73274243,490.9900
1624024269155000,1,0.19547343,490.0100
1624024339761000,0,0.35332041,490.1500
1624024403971000,0,1.01505799,489.7000
1624024454151000,0,4.31120000,489.0500
1624024654216000,0,0.06066062,490.7600
1624024708296000,0,0.09870000,490.5000
1624024800341000,0,0.15134841,490.5500
1624024944627000,1,0.10434500,490.6500
1624025023375000,1,0.05800000,491.1000
1624025118517000,0,0.16240000,490.6800
1624025131199000,1,1.40000000,489.8300
1624025341469000,0,1.52000000,490.0800
1624025341469000,0,3.87263001,490.1000
1624025341469000,0,5.26584891,490.2500
1624025382241000,1,5.00000000,488.5900
1624025409530000,1,0.20000000,487.1600
1624025412494000,1,8.54314522,486.3700
1624025412494000,1,1.02825730,486.2300
1624025412494000,1,0.41111737,486.2300
1624025412494000,1,0.67595903,486.1100
1624025412849000,1,0.10000000,486.2500
1624025423984000,1,0.98000000,485.1700
1624025423984000,1,0.02000000,485.0500
1624025424155000,1,0.98000000,485.0500
1624025424155000,1,0.50000000,485.0000
1624025424155000,1,1.00000000,485.0000
1624025424155000,1,0.08194300,485.0000
1624025428752000,0,0.05218987,485.8300
1624025433777000,1,16.78750000,484.8000
1624025433914000,1,1.15360000,484.8000
1624025434186000,1,1.76560000,484.8000
1624025437377000,0,2.06300000,485.1600
1624025437986000,0,2.06140000,485.2400
1624025440676000,0,3.43210000,485.0000
1624025440690000,0,0.00001693,485.0000
1624025447115000,1,18.04670000,484.8600
1624025451651000,0,2.06092008,485.3700
1624025454777000,0,1.85620000,485.7000
1624025468972000,0,2.06090000,485.3500
1624025474862000,1,3.01990000,484.8000
1624025474934000,1,7.27340000,484.8000
1624025477026000,0,3.04650000,484.9200
1624025477046000,0,0.00005153,484.9200
1624025492309000,1,4.35558960,482.8000
1624025492309000,1,1.04000000,482.7600
1624025492309000,1,0.99908228,482.5000
1624025492486000,1,0.66501000,482.4700
1624025492584000,1,0.27499000,482.4700
1624025492754000,1,0.27499000,481.0000
1624025492916000,1,0.02501000,481.0000
1624025492916000,1,0.04499000,480.1800
1624025493620000,0,3.01990000,481.8200
1624025495476000,0,0.96000000,481.2000
1624025495738000,0,4.18010000,481.8200
1624025498119000,1,0.05277184,481.9400
1624025502346000,1,0.97000000,480.5400
1624025502346000,1,1.03000000,480.4400
1624025512873000,0,9.40000000,482.3200
1624025517161000,1,1.52000000,481.1000
1624025517161000,1,3.00000000,481.1000
1624025517161000,1,12.42545744,481.0900
1624025522447000,0,3.00000000,482.4800
1624025522447000,0,12.61160000,482.4900
1624025524134000,0,1.05820000,482.4900
1624025524279000,0,1.02930000,482.4900
1624025524386000,0,10.30090000,482.4900
1624025531249000,0,1.52000000,483.6600
1624025531425000,0,2.27909000,483.6800
1624025533037000,1,0.05274000,483.5700
1624025533439000,1,0.00000117,483.5700
1624025577695000,0,4.36680000,483.4000
1624025666614000,0,4.37670000,482.0700
1624025679044000,1,2.08750000,481.1000
1624025713046000,1,0.21000000,480.0000
1624025713392000,1,2.00000000,478.9300
1624025714546000,1,1.52000000,479.4900
1624025731038000,1,0.48500000,478.8000
1624025731407000,1,1.03500000,478.8000
1624025731407000,1,8.46926715,478.3700
1624025731407000,1,4.39972846,478.3300
1624025731739000,1,3.00000000,478.1700
1624025731739000,1,16.06000000,478.1600
1624025733301000,1,0.19290577,477.8400
1624025733301000,1,0.20513581,477.8400
1624025733301000,1,0.49195842,477.8400
1624025733722000,1,0.63000000,477.8600
1624025734920000,1,0.89000000,477.8600
1624025735503000,1,0.12000000,477.8600
1624025761614000,0,0.06200000,479.8900
1624025761774000,0,1.15000000,479.4000
1624025769239000,1,1.52000000,479.0200
1624025776053000,1,1.52000000,478.7000
1624025779435000,1,1.52000000,478.2000
1624025784044000,0,0.21743922,478.3300
1624025788529000,0,10.00000000,478.7000
1624025792686000,1,0.46938756,478.5800
1624025796688000,0,8.50000000,479.1600
1624025796789000,0,1.60000000,479.1600
1624025805836000,0,2.08837000,479.2100
1624025808720000,0,0.20186335,479.7800
1624025958354000,0,2.07784000,481.7400
1624025958845000,0,0.00000712,481.7400
1624026076658000,1,0.10334397,480.9100
1624026099614000,1,2.07617000,481.3600
1624026099955000,1,5.19070000,481.3300
1624026114431000,0,4.38020000,481.6500
1624026114523000,0,0.00006996,481.6500
1624026120319000,1,0.16794365,481.3900
1624026276821000,1,1.52000000,482.0500
1624026276821000,1,4.37221818,482.0300
1624026276821000,1,4.10778182,481.9000
1624026360337000,0,0.10255454,482.3600
1624026494578000,1,1.00000000,482.0000
1624026528484000,1,1.52000000,481.9800
1624026528750000,0,0.48000000,481.9800
1624026607270000,1,4.36490000,482.9000
1624026613621000,0,0.05261431,482.9800
1624026625183000,1,7.60000000,482.3100
1624026728239000,1,1.52000000,480.3100
1624026728239000,1,3.00000000,480.3000
1624026728239000,1,4.38809942,480.2900
1624026728239000,1,16.51968902,480.2400
1624027020937000,0,3.05360000,483.9300
1624027022463000,0,0.00006727,483.9300
1624027022463000,0,3.05363273,483.9300
1624027042650000,0,0.00003454,483.9300
1624027132713000,1,2.06930000,482.9400
1624027214418000,1,2.07190000,482.3100
1624027214465000,1,0.00025275,482.3100
1624027229512000,0,0.31100329,482.5200
1624027294201000,1,4.37256467,481.3500
1624027294201000,1,2.07687724,481.2200
1624027294416000,0,27.41489809,481.2200
1624027295398000,1,1.15000000,481.1500
1624027296696000,1,27.41489000,481.2200
1624027317995000,0,0.07164083,480.6600
1624027662264000,1,1.47090000,481.3800
1624027776856000,0,0.87000000,481.5000
1624027938281000,1,0.31100329,481.6900
1624028242419000,0,3.03000000,482.2800
1624028280042000,1,5.20339000,481.9300
1624028280082000,1,1.69661000,481.9300
1624028280306000,1,2.07428000,481.8400
1624028287001000,1,6.90000000,481.4000
1624028383767000,0,1.52000000,481.4000
1624028383767000,0,2.84981830,481.4600
1624028383771000,0,4.36790349,481.4600
1624028408418000,1,2.07700000,480.6600
1624028428621000,1,0.66060171,481.8600
1624028516418000,0,3.49219000,483.1800
1624028516524000,0,0.00000755,483.1800
1624028665187000,0,1.52000000,483.6600
1624028683022000,0,3.48950247,483.6700
1624028698331000,0,0.16088449,483.4800
1624028701315000,0,3.33000000,483.4800
1624028708882000,0,0.00016028,483.4800
1624028708882000,0,3.47983972,483.6700
1624028718595000,0,1.50000000,483.6600
1624028734864000,0,0.00966275,483.6700
1624028771882000,0,3.48000000,483.6700
1624028806467000,0,3.05294099,484.3400
1624028832269000,1,1.52000000,483.6600
1624028832584000,1,2.06636391,483.6600
1624029019673000,0,2.62000000,482.1900
1624029030983000,0,2.62000000,482.4100
1624029258801000,1,2.07464288,481.7100
1624029258801000,1,2.07443629,481.7000
1624029282379000,0,2.07993000,481.0300
1624029600325000,0,0.83548097,479.6600
1624029851632000,1,0.30000000,479.8900
1624029971928000,1,2.80000000,478.3200
1624029971928000,1,0.92000000,478.3200
1624029972244000,1,2.09007150,478.1400
1624029972244000,1,0.42342850,478.1200
1624029973942000,0,1.66668058,478.3000
1624029975672000,1,0.28258777,477.7700
1624029975738000,1,0.22664261,477.7700
1624029977723000,1,8.24620000,477.5400
1624029977749000,1,1.05600000,477.5400
1624029987613000,1,0.13000000,476.9000
1624030024518000,1,2.09503111,476.8300
1624030024518000,1,2.90496889,476.8300
1624030024762000,1,2.33414000,476.8300
1624030081456000,1,2.09588000,476.6700
1624030084828000,1,2.09733000,476.4400
1624030092371000,0,2.09699769,477.1500
1624030092371000,0,5.24300231,477.1600
1624030469027000,0,1.15000000,478.3200
1624030469139000,0,1.22141000,478.3200
1624030472190000,0,0.00000509,478.3200
1624030642642000,1,1.52000000,479.2900
1624030642642000,1,2.08552811,479.2700
1624030642642000,1,1.52000000,479.2600
1624030642642000,1,5.55388989,479.2100
1624030657069000,0,0.09649832,479.3500
1624030900266000,0,0.31292375,478.6500
1624030920326000,0,0.08343363,478.1900
1624031258645000,1,4.50000000,478.2200
1624031258721000,1,10.09410000,478.2200
1624031258866000,1,23.00000000,478.2200
1624031258877000,1,0.71321293,478.2200
1624031258893000,1,1.56575717,478.2200
1624031258895000,1,6.42037678,478.2200
1624031258995000,1,1.81574000,478.2200
1624031259097000,1,1.28065311,478.2200
1624031259470000,1,0.00000001,478.2200
1624031452569000,0,0.54050594,477.4900
1624031525221000,0,0.11518867,475.9200
1624031540734000,1,0.04338000,475.0000
1624031540735000,1,0.00662000,475.0000
1624031540735000,1,0.03638000,475.0000
1624031540917000,1,0.00700947,475.0000
1624031543095000,0,1.00000000,475.0000
1624031609880000,1,1.10000000,475.6100
1624031638650000,0,0.17313796,475.6900
1624031640304000,0,0.10392391,475.8700
1624031733652000,0,0.11464197,475.6200
1624031870902000,1,13.65880000,475.3500
1624031872328000,1,0.00000968,475.3500
1624032006249000,0,1.05600000,474.8000
1624032006318000,0,3.00000000,474.7800
1624032006318000,0,17.76963813,474.7800
1624032006318000,0,2.03036187,474.8000
1624032006880000,0,1.48920000,474.7800
1624032009581000,0,1.48920000,474.7500
1624032009837000,0,1.48000000,474.7600
1624032009924000,0,1.50000000,474.7600
1624032015591000,1,0.09700000,474.0000
1624032016053000,1,0.00050002,474.0000
1624032017254000,1,1.52000000,473.5400
1624032025471000,0,1.64170000,473.8800
1624032053125000,1,2.10074615,475.6700
1624032075072000,0,0.14000000,475.2200
1624032075101000,0,0.89000000,475.2200
1624032118668000,0,2.09454000,477.7600
1624032118853000,0,0.00000504,477.7600
1624032118853000,0,5.23558496,477.8200
1624032124831000,0,1.03320296,479.1700
1624032138033000,0,2.08914602,478.9700
1624032138033000,0,2.08914602,478.9700
1624032171640000,1,1.52000000,477.7400
1624032173646000,0,0.96000000,477.9500
1624032263363000,1,2.09710000,475.7900
1624032263677000,1,0.00000226,475.7900
1624032263677000,1,4.49999774,475.7800
1624032263825000,1,0.74295000,475.7800
1624032369142000,1,7.60000000,476.3500
1624032369157000,1,7.60000000,476.3500
1624032398649000,0,1.04301026,475.7900
1624032422163000,1,0.20000000,475.0000
1624032447301000,1,1.39386713,474.5200
1624032478471000,0,0.20000000,474.9100
1624032478775000,0,1.90697705,474.9100
1624032478775000,0,5.26723862,474.9100
1624032573036000,1,4.41512000,476.8200
1624032573592000,1,2.09678000,476.6400
1624032582207000,1,0.00000363,476.6400
1624032925019000,0,0.07272903,477.7700
1624032954735000,0,0.20769846,477.5900
1624032960264000,0,0.09467872,477.8400
1624032995983000,0,0.06235716,477.6600
1624033056599000,0,10.00000000,476.9800
1624033059616000,0,1.04075730,477.1300
1624033148556000,0,0.07277212,477.1000
1624033181092000,1,3.00000000,476.7000
1624033200900000,0,5.00000000,476.7000
1624033288348000,1,0.94301103,477.2800
1624033313017000,1,4.40749000,477.4900
1624033371961000,1,4.40055000,478.2400
1624033384562000,1,0.00000853,478.2400
1624033384562000,1,2.09147038,477.8200
1624033384562000,1,2.09147038,477.8100
1624033384562000,1,0.00383195,477.7800
1624033520483000,1,0.96283858,478.2800
1624033732072000,1,3.45470000,480.0000
1624033732110000,1,0.00000833,480.0000
1624033764500000,0,0.22761277,479.6600
1624033894774000,0,0.22758726,479.8500
1624033922417000,1,1.15000000,479.3500
1624033922476000,1,4.06022204,479.3500
1624034560835000,0,0.31292375,480.7600
1624034640291000,0,0.20609971,480.9400
1624034742911000,0,3.66159982,480.3900
1624034742911000,0,3.93840018,480.4000
1624034951630000,0,0.11361986,480.1300
1624034952458000,1,2.08328000,479.7400
1624035150965000,0,0.07186184,480.7800
1624035297984000,0,0.10080000,480.2700
1624035310787000,0,0.21655281,480.1600
1624035378442000,0,0.06050000,480.1600
1624035444457000,0,3.95182000,480.1600
1624035567011000,0,3.51760000,479.5400
1624035569260000,0,0.00000255,479.5400
1624035569260000,0,3.51600745,479.7200
1624035600323000,0,0.07420206,480.5000
1624035883418000,0,3.09621000,476.7400
1624035951695000,0,0.00000439,476.7400
1624035958100000,0,1.52000000,477.3500
1624035958100000,0,0.10300000,477.3700
1624036039125000,0,2.65403000,476.6900
1624036162544000,0,0.20260000,477.9900
1624036377072000,0,0.20362713,476.2700
1624036440277000,0,0.07323829,476.1500
1624036784614000,0,2.00000000,475.8500
1624036817226000,1,0.16564906,475.6100
1624036824195000,1,1.52000000,475.7000
1624036824195000,1,0.05874641,475.6100
1624036955165000,0,0.10436989,476.6700
1624036965663000,0,0.44937013,476.0700
1624037320831000,0,2.21927000,474.9600
1624037353673000,1,2.10130000,475.6200
1624037939908000,1,0.48720693,473.0000
1624038066651000,0,0.48000000,472.9000
1624038081981000,1,0.44937013,472.3200
1624038127989000,0,1.02000000,472.7700
1624038217378000,0,0.31727901,475.7600
1624038371756000,1,5.26125277,474.8200
1624038371756000,1,2.10394723,474.8200
1624038453776000,1,2.10204846,475.4300
1624038453776000,1,5.25525154,475.4300
1624038469346000,0,0.20868977,475.1900
1624038629482000,1,2.10822000,474.0500
1624038629681000,1,0.00000634,474.0500
1624038629681000,1,3.99999366,474.0400
1624038629839000,1,1.27059000,474.0400
1624038787948000,0,0.09170000,472.3600
1624038800533000,0,4.45998000,472.3800
1624038803807000,0,0.00000998,472.3800
1624038920529000,1,2.11795000,471.8400
1624038920669000,1,0.00000176,471.8400
1624038920669000,1,2.11794824,471.8300
1624038922566000,0,4.00000000,472.0900
1624038938542000,1,2.12008920,471.0600
1624038938542000,1,2.11959080,471.0600
1624038938734000,1,0.00001305,471.0600
1624038948256000,1,2.12261948,470.8600
1624038948256000,1,3.31425906,470.8200
1624038948920000,1,14.67370375,470.6700
1624038948920000,1,2.12261948,470.6600
1624038948920000,1,5.30657123,470.6600
1624038950617000,0,7.60000000,470.9400
1624038950694000,0,13.99400000,470.9400
1624038950714000,0,6.50000000,470.9400
1624039141280000,0,1.00000000,471.4700
1624039177999000,0,1.15000000,470.6600
1624039178258000,0,3.32508000,470.6600
1624039201511000,1,2.12516182,470.2800
1624039201511000,1,5.30842818,470.2700
1624039211445000,0,1.52000000,470.4700
1624039211445000,0,2.95702000,470.4900
1624039213116000,0,0.00000469,470.6600
1624039213116000,0,4.47481531,470.6900
1624039233985000,0,0.10280000,471.1700
1624039254652000,0,4.47093000,471.0600
1624039258660000,0,0.00000513,471.0600
1624039298812000,0,0.06290000,472.4700
1624039304726000,1,2.11824000,471.7400
1624039356289000,0,0.53346303,472.4500
1624039432880000,0,0.61450000,472.7900
1624039437544000,0,0.10700000,472.7900
1624039488446000,0,4.46576000,471.6700
1624039545044000,0,0.00000034,471.6700
1624039545044000,0,4.46604966,471.7000
1624039549768000,0,0.00001009,471.7000
1624039679676000,1,2.12070000,471.2400
1624039745941000,1,2.12060000,471.2600
1624039795137000,1,0.84759149,471.1400
1624039800304000,0,1.03748259,471.2900
1624039810105000,1,1.13310000,470.9000
1624039810108000,1,7.60000000,470.9000
1624039901515000,1,2.12606000,470.0100
1624039910287000,1,2.12623000,470.0100
1624039910476000,1,0.00000704,470.0100
1624039910480000,1,1.59000000,470.0000
1624039910480000,1,0.07092370,470.0000
1624039910480000,1,2.50000000,470.0000
1624039910480000,1,0.09997630,470.0000
1624039910592000,1,0.00002370,470.0000
1624039913636000,1,2.12798000,469.6900
1624039913660000,1,0.00000705,469.6900
1624039916212000,0,1.00600000,470.0000
1624039916234000,0,2.44870000,470.0000
1624039918368000,0,0.00000833,470.0000
1624039938960000,0,0.23888547,470.3600
1624039961655000,0,0.10555667,470.1700
1624040004689000,1,2.12534996,470.1400
1624040004689000,1,4.30745004,470.1400
1624040004691000,1,1.00600000,470.1400
1624040004802000,1,0.00005062,470.1400
1624040005033000,1,13.81648000,470.0300
1624040019282000,1,0.68205728,469.5500
1624040019282000,1,1.46365548,469.4400
1624040083874000,0,4.48000000,469.3300
1624040083920000,0,0.00878097,469.3300
1624040096193000,1,0.74615235,469.0000
1624040096247000,1,1.25384765,469.0000
1624040119200000,1,1.68612000,468.7900
1624040121608000,1,0.00000620,468.7900
1624040169138000,0,4.48771000,469.4500
1624040179297000,0,0.00000911,469.4500
1624040208483000,0,4.48709000,469.5500
1624040211814000,1,1.06319236,469.1800
1624040217333000,0,0.00000322,469.5500
1624040217338000,0,4.48500000,469.7600
1624040217357000,0,0.00002043,469.7600
1624040338379000,0,4.48155000,470.1600
1624040389532000,0,4.49000000,469.0200
1624040390383000,0,0.00301563,469.0200
1624040519768000,1,0.04300000,468.0000
1624040560598000,0,2.14035000,467.7600
1624040561064000,0,2.13896423,467.7500
1624040561064000,0,3.20844577,467.7800
1624040592572000,1,3.78513818,468.2100
1624040612850000,0,0.52905495,468.8100
1624040615729000,1,2.13248625,468.0300
1624040616843000,0,0.10576814,468.5500
1624040669538000,0,0.06200000,468.3600
1624040754142000,1,0.39940922,468.4000
1624040756929000,0,17.94115000,468.7800
1624040756952000,0,0.00000255,468.7800
1624040756954000,0,13.87554467,468.7900
1624040757185000,1,0.10751371,468.4800
1624040796985000,0,2.40000000,468.8100
1624040807617000,1,2.13267050,468.5600
1624040807617000,1,5.33177950,468.5600
1624040853595000,1,2.13542000,468.0500
1624040870731000,0,4.50268000,468.0100
1624040905743000,1,7.49232000,466.9000
1624040909758000,0,4.51145000,467.1700
1624040909859000,0,0.00000362,467.1700
1624040920434000,1,10.55430000,466.9200
1624040922387000,1,0.06000000,466.6600
1624040933790000,1,2.14381345,466.1700
1624040933790000,1,3.00000000,466.1500
1624040933892000,1,1.10700000,466.1000
1624040934233000,1,5.35986978,466.0900
1624040934233000,1,10.00184022,466.0900
1624040934552000,1,3.93412314,466.0900
1624040934552000,1,2.14354686,466.0900
1624040949479000,1,1.67380000,464.6700
1624040956035000,1,0.00006230,464.6700
1624040956035000,1,0.10026238,464.6400
1624040956117000,1,0.14973762,464.6400
1624040969802000,1,0.31292375,463.4400
1624040969848000,1,0.31292375,463.4500
1624040970395000,1,0.31727901,463.4700
1624040994628000,0,1.15000000,463.7300
1624040994651000,0,1.00801877,463.7300
1624041005322000,1,0.19999208,463.2800
1624041010320000,0,5.38869753,464.2500
1624041010320000,0,2.15561247,464.2500
1624041010511000,0,0.00000846,464.2500
1624041010976000,0,2.15525602,464.4200
1624041027576000,1,1.52000000,464.2500
1624041074251000,0,0.48316436,466.5700
1624041075665000,0,2.14341273,466.8200
1624041075665000,0,3.21438727,466.9500
1624041076142000,0,2.14341273,466.9500
1624041076236000,0,5.35756238,467.0200
1624041095068000,0,2.13891614,467.8100
1624041095068000,0,2.13985386,467.8100
1624041118221000,1,2.13656894,467.4800
1624041118221000,1,5.34161106,467.4800
1624041133799000,1,2.14039220,466.3600
1624041133799000,1,2.14055780,466.3600
1624041265878000,0,0.12783521,466.0400
1624041443068000,1,1.52000000,465.1300
1624041502196000,1,0.95000000,463.5500
1624041565979000,1,2.15667000,463.1000
1624041567757000,1,1.15000000,462.8300
1624041567808000,1,6.00000000,462.8300
1624041567878000,1,0.05000000,462.8300
1624041570360000,0,7.60000000,462.4900
1624041573540000,1,0.50000000,462.0000
1624041611186000,0,4.20238000,462.9000
1624041611268000,0,0.35501000,462.9000
1624041611269000,0,0.00000987,462.9000
1624041620424000,0,4.55907000,462.4800
1624041662628000,0,1.15000000,462.1100
1624041664084000,1,0.93304598,461.6200
1624041710646000,0,0.00000001,462.4800
1624041710646000,0,2.16357999,462.5900
1624041710882000,0,0.00000735,462.5900
1624041710882000,0,2.16277265,462.7300
1624041711219000,0,0.00001429,462.7300
1624041711219000,0,7.60228571,462.7700
1624041872995000,0,0.32416311,464.8400
1624041902304000,1,2.15648000,463.4600
1624041902782000,1,0.00000722,463.4600
1624041935592000,1,1.01080000,461.3400
1624041935810000,1,1.15286405,461.3400
1624041935992000,1,2.16554978,461.2800
1624041935992000,1,2.16355022,461.2800
1624041996128000,1,0.96261826,463.7400
1624042061006000,1,2.15086326,464.6100
1624042068736000,1,2.15080000,464.4800
1624042068784000,1,0.00006326,464.4800
1624042070136000,1,7.60000000,464.3700
1624042070166000,1,5.50000000,464.3700
1624042070227000,1,0.88215166,464.3700
1624042123574000,0,1.01080000,464.7000
1624042123632000,0,1.14225648,464.7000
1624042123632000,0,5.38254352,464.7000
1624042129839000,0,2.15272000,464.9600
1624042176458000,1,4.54050000,463.7600
1624042201223000,0,1.52000000,463.3000
1624042436509000,1,0.20000000,460.0000
1624042436509000,1,0.80000000,460.0000
1624042436734000,1,0.21845652,460.0000
1624042436734000,1,0.78154348,460.0000
1624042438882000,0,0.05495774,460.4800
1624042443893000,1,0.21845000,460.0000
1624042444873000,1,0.00000652,460.0000
1624042465753000,0,1.52000000,460.6800
1624042466068000,0,0.98000000,460.7000
1624042466820000,0,1.00000000,460.8500
1624042502765000,1,1.15000000,460.6500
1624042503581000,1,1.01780000,460.6500
1624042504236000,1,0.00001785,460.6500
1624042530557000,1,4.53816000,461.4900
1624042530626000,1,0.87318000,461.4900
1624042533830000,1,2.16580000,461.4900
1624042534779000,1,0.00001191,461.4900
1624042535930000,1,2.16615000,461.0700
1624042541267000,1,2.16821000,460.9300
1624042541331000,1,0.00000538,460.9300
1624042541331000,1,2.16768462,460.9000
1624042545922000,1,2.17005150,460.5300
1624042546494000,1,1.52000000,460.3800
1624042586613000,0,3.50000000,460.4700
1624042593313000,0,7.60000000,460.7300
1624042627639000,1,2.17031073,460.4400
1624042628152000,1,1.52000000,460.2500
1624042647028000,0,1.01780000,460.1700
1624042655598000,1,2.17208000,459.8600
1624042655763000,1,0.00000668,459.8600
1624042782092000,1,2.16430000,461.6000
1624042782141000,1,0.00002993,461.6000
1624042782141000,1,2.16487007,461.5700
1624042782568000,1,0.00003461,461.5700
1624042782568000,1,7.59996539,461.4700
1624042815892000,0,1.52000000,462.3200
1624042815892000,0,3.88000000,462.3400
1624042847626000,1,2.16123000,462.3800
1624042865423000,0,4.55669000,462.6700
1624042865456000,0,0.00000138,462.6700
1624042901327000,0,4.55255000,463.1900
1624042920342000,1,0.19993501,462.9200
1624042933800000,0,4.54647000,463.7400
1624042953502000,0,0.00000923,463.7400
1624042957909000,1,1.06290000,463.6600
1624043005890000,0,4.54191000,464.1800
1624043012578000,0,0.00000574,464.1800
1624043047624000,0,1.06290000,464.5100
1624043047637000,0,3.47520000,464.5100
1624043059930000,1,2.15197000,464.4600
1624043082031000,0,7.60000000,463.8800
1624043082115000,0,8.90070927,463.8800
1624043189606000,0,0.00004872,464.5100
1624043189606000,0,0.51835128,464.8700
1624043206823000,1,7.60000000,464.7700
1624043245193000,0,4.53622568,464.7000
1624043245193000,0,0.67387432,464.8400
1624043328538000,0,4.54405000,464.0300
1624043595456000,0,1.52000000,463.5500
1624043642086000,1,1.54966166,461.8500
1624043665787000,0,0.45434293,461.5500
1624043713076000,0,4.55088935,463.5300
1624043760045000,0,2.15000000,465.1200
1624043760143000,0,0.00160002,465.1200
1624043760512000,0,2.15110856,465.1700
1624043760543000,0,10.12245689,465.1700
1624043761209000,0,5.37671410,465.2700
1624043762280000,0,0.95000000,465.4500
1624043762377000,0,18.78000000,465.5800
1624043762936000,0,1.44570000,465.5800
1624043763471000,0,2.15000000,465.5800
1624043764180000,0,9.29510000,465.5800
1624043767687000,0,0.65957000,465.5800
1624043821187000,0,2.14622000,466.1300
1624043871202000,0,4.52938891,465.5100
1624043918992000,1,7.60000000,464.5100
1624043919054000,1,7.60000000,464.5100
1624043919054000,1,2.84670922,464.5100
1624043919054000,1,4.75329078,464.5000
1624044068843000,1,0.07600000,463.7900
1624044069951000,1,0.00016993,463.7900
1624044070128000,1,0.19048801,463.6900
1624044070128000,1,0.07551199,463.6900
1624044070624000,1,0.00068321,463.6900
1624044125147000,1,1.52000000,462.3200
1624044129320000,0,0.45768174,462.3300
1624044189091000,0,0.12710000,463.5100
1624044278936000,0,0.30000000,463.5100
1624044304571000,1,0.20000000,463.0000
1624044314317000,1,0.45527000,462.3400
1624044405847000,0,0.20900000,463.5000
1624044600331000,1,0.05893152,463.6700
1624044629350000,0,4.54746000,463.4600
1624044629393000,0,0.00000406,463.4600
1624044649070000,0,5.38940000,464.1600
1624044649072000,0,0.00001469,464.1600
1624044649092000,0,2.15500000,464.1800
1624044649129000,0,5.38000000,464.1500
1624044649153000,0,4.54520000,464.1500
1624044649159000,0,0.00004684,464.1800
1624044667018000,0,5.38739000,464.5200
1624044700266000,1,0.04408521,464.3500
1624044700266000,1,0.11462747,464.3500
1624044715982000,0,1.52000000,464.2400
1624044760537000,0,4.54390000,463.8600
1624044793633000,0,4.54999000,463.2200
1624044795145000,0,0.00000335,463.2200
1624044840298000,0,1.06754658,463.5600
1624044854311000,0,3.47867000,463.5600
1624044855886000,0,0.00000578,463.5600
1624044866680000,0,0.10440000,463.7800
1624044942047000,0,4.54685000,463.6100
1624044949411000,1,7.60000000,463.3100
1624044960283000,0,0.00000947,463.6100
1624044960283000,0,0.37357544,463.8000
1624044977510000,0,0.20880000,463.7800
1624045018197000,0,4.54788000,463.4600
1624045019436000,0,0.00000216,463.4600
1624045141666000,0,0.07542563,462.8400
1624045166771000,0,0.24200000,462.9000
1624045252343000,1,1.52000000,463.2700
1624045269448000,0,0.07441665,463.5500
1624045320341000,1,1.64430762,463.0200
1624045484888000,0,0.10420000,464.7400
1624045828004000,0,0.41930000,463.7800
1624046008713000,1,1.50000000,463.6100
1624046026094000,0,0.05400000,464.1000
1624046169572000,0,1.52000000,462.8800
1624046169572000,0,1.61830000,462.8900
1624046176773000,0,4.55490000,462.9000
1624046176883000,0,0.00005905,462.9000
1624046186919000,1,0.09584509,462.9900
1624046426697000,0,4.00000000,461.4900
1624046519221000,0,1.52000000,464.9400
1624046519221000,0,9.59734428,464.9600
1624046530333000,1,0.05000000,464.1000
1624046587654000,1,7.60000000,464.6100
1624046936088000,0,3.50000000,466.8200
1624046936752000,0,0.95000000,467.2000
1624046959803000,0,1.01262955,467.9500
1624046990134000,0,0.10350000,467.9700
1624047000289000,0,2.12123160,468.0600
1624047047810000,0,1.52000000,467.8200
1624047047810000,0,1.93635819,467.8400
1624047178848000,1,2.80533000,467.3100
1624047187586000,1,1.00000000,467.6900
1624047216626000,0,2.38742000,468.0600
1624047360325000,0,4.50242176,468.6100
1624047378419000,0,5.00000000,468.7600
1624047808228000,0,0.30960000,469.1000
1624047973486000,0,0.12689836,469.1400
1624048106338000,1,0.10000000,469.2300
1624048115137000,0,0.59297384,469.2700
1624048119015000,0,0.14848162,469.2500
1624048139136000,0,0.04361742,469.0800
1624048182931000,1,1.00000000,469.0000
1624048200308000,0,0.97999109,469.0800
1624048350933000,0,0.20690000,467.8200
1624048385170000,0,0.10604160,467.8000
1624048440291000,0,0.10576923,467.6000
1624048577330000,0,0.10380000,466.5500
1624048597841000,0,0.77128825,466.4800
1624048689238000,0,3.50000000,465.7200
1624048689321000,0,0.10000000,465.7200
1624048764281000,0,0.20760000,466.4300
1624048835414000,0,0.21288836,466.6800
1624049019343000,0,0.21236454,467.4000
1624049040324000,0,0.42354753,466.9600
1624049142310000,0,0.05339545,465.7700
1624049446110000,0,0.06385966,466.5900
1624049470190000,0,1.03690000,467.0000
1624049558386000,0,1.00000000,466.2600
1624049701947000,1,1.90000000,466.3700
1624049820539000,0,0.10360000,467.4200
1624049929521000,0,0.06366033,467.7400
1624049939293000,0,0.74680523,467.7400
1624050103192000,0,0.50000000,467.7600
1624050197128000,0,1.03450000,468.0700
1624050294844000,0,3.60150000,468.5200
1624050416655000,0,0.00000924,470.1600
1624050416655000,0,0.99999076,470.6600
1624050446155000,1,1.52000000,470.0100
1624050472600000,0,0.21109988,469.9000
1624050480331000,0,0.16227635,469.7000
