timestamp ms,type,amount,price
1623888390729000,0,7.60000000,500.0500
1623888390808000,0,7.60000000,500.0500
1623888403630000,1,1.15000000,499.5800
1623888407710000,1,0.37000000,499.5800
1623888412449000,1,1.52000000,499.2200
1623888425813000,1,1.52000000,498.8700
1623888454292000,1,0.87962841,499.1100
1623888454875000,1,0.64037159,499.1100
1623888454875000,1,0.23925682,499.0900
1623888651086000,1,4.16851000,499.8200
1623888744688000,1,0.87859129,500.3200
1623888745258000,1,0.87859129,500.3200
1623888776886000,1,4.16148000,500.8200
1623888841774000,0,0.28920273,500.6100
1623888841774000,0,0.72299727,500.6100
1623888869013000,1,4.16237682,500.7100
1623888869013000,1,3.43762318,500.6400
1623889003445000,1,4.16273492,500.7900
1623889034280000,1,4.16000000,500.9600
1623889062920000,1,0.00128853,500.9600
1623889128050000,0,8.74000000,500.4600
1623889280314000,0,0.26551000,498.9400
1623889358506000,0,0.25000000,498.8100
1623889391353000,0,0.25395751,499.1000
1623889391353000,0,0.62604249,499.1000
1623889620764000,0,0.97971051,500.0100
1623889620764000,0,0.39187949,500.0100
1623889621206000,0,0.00000471,500.0100
1623889621382000,0,0.39184000,500.2500
1623889640126000,0,0.26381000,501.0800
1623889704186000,0,1.53000000,500.8800
1623889794979000,0,4.16000000,500.6900
1623889847471000,0,4.15000000,501.7100
1623889886829000,0,1.52000000,501.2400
1623889887132000,0,4.16280599,501.2600
1623890057211000,0,2.53000000,502.2100
1623890113481000,1,8.20000000,502.0800
1623890155226000,0,8.70000000,502.6800
1623890222970000,1,3.67513000,502.6600
1623890222977000,1,4.58774568,502.6600
1623890296078000,1,0.13779423,502.8700
1623890306879000,1,0.13778045,502.9000
1623890643206000,1,1.02870000,503.2900
1623890643389000,1,0.95753171,503.2900
1623890835704000,1,0.19812000,502.2100
1623890835780000,1,0.00000430,502.2100
1623890835780000,1,13.19999570,502.1200
1623890882004000,0,4.15000000,502.1900
1623890882030000,0,0.00477731,502.1900
1623891088398000,0,4.15000000,502.6600
1623891195989000,0,4.15000000,502.6400
1623891208709000,0,0.00191498,502.6400
1623891267333000,0,4.15000000,502.7200
1623891340290000,0,0.13700000,503.2400
1623891341643000,1,1.52000000,503.1200
1623891543571000,0,1.52000000,503.2200
1623891544407000,0,0.00073797,503.2400
1623891549888000,0,1.52000000,503.9900
1623891574947000,0,0.39754857,504.0200
1623891574947000,0,0.99386143,504.0200
1623891574998000,0,0.00000999,504.0200
1623891575045000,0,2.58380000,504.1000
1623891575114000,0,0.00004986,504.1000
1623891575344000,0,0.39754857,504.3200
1623891575344000,0,0.62645143,504.3200
1623891575808000,0,0.36741999,504.3200
1623891575808000,0,0.39783001,504.3200
1623891576526000,0,0.39754857,504.7000
1623891576526000,0,0.99387142,504.7000
1623891781015000,0,0.64200000,503.2900
1623891781221000,0,0.25706000,503.2900
1623891781774000,0,8.16930000,503.5500
1623891993767000,0,4.14000000,504.1200
1623892006875000,0,0.00017296,504.1200
1623892116995000,1,0.08013000,505.1200
1623892265528000,0,1.34806933,505.4200
1623892265528000,0,0.27827087,505.4200
1623892265615000,0,0.26095686,505.4200
1623893141179000,0,0.43990218,504.3300
1623893141179000,0,0.43988298,504.3400
1623893141179000,0,2.85021484,504.3400
1623893156502000,0,1.52000000,504.6500
1623893168275000,0,4.13000000,504.6800
1623893194512000,0,0.00163129,504.6800
1623893225108000,0,4.13388590,504.8700
1623893401374000,0,0.53912000,504.2500
1623893401488000,0,0.00000072,504.2500
1623893402655000,0,0.53890040,504.6700
1623893402655000,0,1.34724960,504.6700
1623893545032000,0,4.13000000,504.3200
1623893647799000,0,0.44802000,505.2000
1623893677839000,0,3.19000000,505.4400
1623893680823000,0,0.93000000,505.4400
1623893735571000,0,0.05740000,505.9200
1623893803443000,0,4.12000000,505.9400
1623893885595000,1,1.97600000,505.6400
1623893885668000,1,0.00005808,505.6400
1623894330175000,0,0.11100000,506.5500
1623894443098000,0,1.09750000,506.5800
1623894956200000,0,0.11370000,506.1600
1623894972108000,0,4.00709000,506.1600
1623894972216000,0,1.07226212,506.2400
1623894972216000,0,2.68056788,506.2400
1623894972455000,0,1.07211379,506.3200
1623894972455000,0,2.68016540,506.3200
1623894972803000,0,6.96940000,506.5400
1623894972875000,0,0.00000072,506.5400
1623894974234000,0,1.52000000,507.1200
1623895208886000,0,4.03314488,507.3200
1623895208928000,0,0.08230908,507.3200
1623895225533000,0,1.14020034,507.4500
1623895225533000,0,0.45607966,507.4500
1623895262970000,1,1.96975000,507.3300
1623895263200000,1,0.00037502,507.3300
1623895313149000,1,0.45049847,506.7600
1623895690249000,1,1.52000000,507.6400
1623895829061000,0,0.59780000,508.4700
1623895829303000,0,0.00000221,508.4700
1623896025034000,0,4.10756000,507.6000
1623896025052000,0,0.00000309,507.6000
1623896126521000,1,1.52000000,507.7000
1623896451192000,1,4.12580000,508.6600
1623896584905000,0,3.38000000,508.2400
1623896718119000,1,1.96450000,508.7300
1623896718230000,1,0.00006707,508.7300
1623896807901000,1,1.96240041,509.2300
1623896807901000,1,4.89759959,509.2300
1623896955321000,1,1.96248513,509.2800
1623896955321000,1,8.80188677,509.2700
1623896955321000,1,4.90562810,509.2700
1623896955550000,1,0.00091129,509.2700
1623897102007000,1,0.22226581,509.4000
1623897319777000,1,1.15000000,509.0600
1623897380029000,0,3.27000000,509.2300
1623897427755000,1,4.09000000,509.2200
1623897428146000,1,0.00018804,509.2200
1623897639811000,0,0.97226587,509.9200
1623897639811000,0,1.90887413,509.9200
1623897639885000,0,0.52177000,509.9200
1623897830900000,1,1.52000000,509.7600
1623898169353000,0,1.52000000,509.7600
1623898169353000,0,2.86000000,509.7800
1623898169705000,0,0.00216185,509.7800
1623898178237000,0,8.38000000,510.2400
1623898237317000,1,1.52000000,509.6200
1623898238467000,1,1.52000000,509.6200
1623898569247000,1,4.09556104,508.4100
1623898842498000,1,1.96330196,509.0200
1623898842498000,1,1.95669804,508.9900
1623898850518000,0,0.38958646,509.5400
1623899098489000,1,1.95828079,510.2200
1623899098489000,1,4.89662157,510.1800
1623899118619000,0,1.15000000,510.8200
1623899118652000,0,2.50000000,510.8100
1623899127693000,0,0.06129433,511.4900
1623899138580000,1,1.52000000,511.3900
1623899138646000,1,1.95437000,511.3700
1623899138725000,1,0.00000702,511.3700
1623899138824000,1,4.02740000,511.3700
1623899138890000,1,0.85869454,511.3700
1623899138890000,1,2.14130546,511.3400
1623899151405000,1,1.95444000,511.2200
1623899151497000,1,0.00000578,511.2200
1623899151497000,1,1.95449422,511.2100
1623899160146000,0,0.00125090,511.4900
1623899186871000,1,1.95000000,511.0200
1623899186875000,1,0.00524063,511.0200
1623899228290000,1,4.07000000,510.9300
1623899280412000,1,1.15000000,510.7900
1623899284732000,0,0.06060000,511.0900
1623899289894000,1,1.52000000,510.6200
1623899289915000,1,0.43741449,510.6200
1623899396583000,1,1.95771339,510.3800
1623899396583000,1,4.89443573,510.3800
1623899396583000,1,3.85785088,510.3700
1623899533486000,0,1.52000000,511.2300
1623900178679000,0,1.18797556,511.3100
1623900178679000,0,1.13970056,511.3600
1623900234244000,1,1.52000000,511.4900
1623900384812000,0,2.85000000,511.3600
1623900394830000,0,1.52000000,511.5100
1623900394830000,0,2.85000000,511.5300
1623900441561000,0,1.00126195,511.4800
1623900571986000,0,2.44000000,511.3500
1623900610906000,0,0.00262707,511.5300
1623900629339000,0,1.52000000,511.9500
1623900821333000,1,4.07000000,511.6100
1623900904521000,0,1.52000000,511.7100
1623901026086000,0,2.44000000,511.7400
1623901042437000,0,2.44366053,511.9100
1623901066043000,1,1.95291000,511.7600
1623901125319000,1,1.52000000,511.5600
1623901125557000,1,1.95385006,511.5500
1623901125557000,1,4.07127580,511.5400
1623901142034000,0,2.03000000,511.8800
1623901240622000,0,0.19638360,511.6900
1623901668234000,0,2.44000000,511.0800
1623901695359000,0,2.44583085,511.4600
1623901745362000,0,2.03000000,511.4400
1623902045323000,1,1.95772000,510.4700
1623902104243000,0,3.26000000,510.4300
1623902104318000,0,0.00781417,510.4300
1623902446024000,0,3.25000000,512.2800
1623902539744000,0,3.26000000,511.4700
1623902554511000,0,0.00204783,511.4700
1623902554511000,0,1.51795217,511.4700
1623902560338000,0,0.12608446,511.6700
1623902845401000,0,2.44000000,512.6200
1623902877317000,0,0.00094216,512.6200
1623902885466000,0,1.52000000,513.0300
1623902911457000,0,2.44000000,512.6800
1623902920512000,0,0.00036140,512.6800
1623902920512000,0,2.44036140,512.6800
1623902922528000,0,1.52000000,512.6600
1623902922528000,0,2.44000000,512.6800
1623902986067000,0,0.00036140,512.6800
1623903183102000,0,2.03000000,512.0600
1623903503620000,0,1.29782000,511.7900
1623903503991000,0,0.00000792,511.7900
1623903503991000,0,3.24447208,511.8900
1623903506114000,0,0.71054196,512.2500
1623903568332000,0,2.03801000,511.3700
1623904649379000,0,0.19404680,511.1900
1623904847816000,0,0.19440787,510.5500
1623904903451000,0,0.71335113,510.3200
1623905208625000,0,6.00000000,510.0300
1623905661218000,0,0.29243663,509.3400
1623906102869000,0,0.97673551,509.3600
1623906120716000,0,1.02648710,509.5900
1623906120716000,0,2.56614290,509.5900
1623906120747000,0,0.00001152,509.5900
1623906120865000,0,6.67190000,509.6700
1623906121358000,0,1.02761000,509.6700
1623906439898000,0,0.58395219,507.5900
1623906439898000,0,1.45980781,507.6000
1623906587397000,0,0.53943739,507.7800
1623906587397000,0,1.34891225,507.7800
1623906587468000,0,1.15000000,507.8600
1623906589200000,0,3.36279441,508.0000
1623907358965000,1,1.42959555,507.4300
1623908146165000,0,0.50320000,508.5300
1623908146556000,0,0.00000386,508.5300
1623908146556000,0,0.50305614,508.5600
1623908146616000,0,0.00000910,508.5600
1623908146616000,0,3.27009090,508.5800
1623908146658000,0,0.00006251,508.5800
1623908359081000,1,1.15000000,508.5800
1623908582903000,0,2.87000000,508.0800
1623908583007000,0,0.00123176,508.0800
1623908621774000,0,2.46000000,508.0800
1623908626525000,0,0.00113628,508.0800
1623908626525000,0,2.63886372,508.2700
1623908643428000,0,0.66000000,508.3000
1623908700282000,0,2.46000000,508.8200
1623908823346000,0,0.43000000,509.3500
1623908908031000,0,2.04000000,509.3900
1623908942721000,0,1.63000000,509.2200
1623909030946000,1,4.09000000,508.6500
1623909043796000,0,1.52000000,508.8300
1623909061084000,0,0.71000000,508.8500
1623909243866000,0,0.91875828,511.0700
1623909243874000,0,0.01875017,511.0700
1623909424980000,1,4.08263150,509.8100
1623909424980000,1,4.90138322,509.7900
1623909424980000,1,1.96046141,509.7900
1623909425510000,1,4.08263150,509.8100
1623909610472000,0,0.49000000,510.3400
1623909619071000,0,0.00274700,510.3400
1623909767311000,0,3.67160772,511.0400
1623909822674000,1,4.07946674,510.9400
1623909822674000,1,3.52053326,510.9400
1623909822698000,1,7.60000000,510.9400
1623909828828000,1,3.54290000,510.9400
1623909922777000,0,1.52000000,511.4500
1623910066030000,0,5.00000000,511.3700
1623910122036000,0,5.00000000,511.3300
1623910200349000,1,0.05355748,510.6300
1623910319991000,0,1.52000000,511.3400
1623910775967000,0,3.68000000,509.9800
1623910776401000,0,0.00163994,509.9800
1623910795858000,0,3.67000000,510.3800
1623910826531000,0,3.67975417,510.9200
1623910826531000,0,0.22532041,511.0500
1623910942444000,0,0.46000000,512.0700
1623910959594000,1,1.52000000,511.6200
1623910982000000,0,3.66000000,512.0500
1623911051548000,0,3.25000000,511.9500
1623911102173000,0,3.00000000,511.8400
1623911104403000,0,3.25000000,512.1500
1623911150268000,0,0.38143450,512.5000
1623911150268000,0,0.95358626,512.5000
1623911150268000,0,3.16821229,512.5100
1623911155951000,1,1.52000000,512.2600
1623911156736000,0,1.52000000,512.7800
1623911158032000,0,1.15000000,512.7900
1623911158088000,0,22.85000000,512.7900
1623911158088000,0,9.54460000,512.9100
1623911198881000,0,2.84000000,513.6800
1623911199065000,0,0.00488797,513.6800
1623911611662000,1,1.15000000,512.3900
1623911760881000,0,1.62651000,513.3900
1623911896635000,0,1.62463000,513.7800
1623912013834000,0,1.62432000,513.8600
1623912113101000,0,0.10000000,514.2100
1623912159939000,0,0.30000000,515.0000
1623912161525000,0,1.52000000,515.3200
1623912244094000,0,1.21000000,514.6600
1623912265822000,0,0.28290379,514.9300
1623912389362000,0,0.93342000,514.9300
1623912608233000,0,1.97000000,515.2500
1623912615751000,0,0.00146300,515.2500
1623912615751000,0,0.49853700,515.3400
1623912635381000,0,0.00146300,515.3400
1623912635381000,0,0.04678006,515.5200
1623912655657000,0,1.16835260,515.5200
1623912656872000,1,0.22592890,515.5200
1623912720261000,1,1.13451250,515.1300
1623912828702000,1,0.14096202,515.0700
1623912983291000,1,0.88577703,515.0600
1623913097393000,0,0.80900000,515.5700
1623913097484000,0,0.00062377,515.5700
1623913167886000,1,0.90900000,515.2000
1623913200573000,0,0.80951073,515.5300
1623913200705000,0,0.80951073,515.5300
1623913201062000,0,0.80930053,515.7000
1623913201062000,0,5.94069947,515.9000
1623913266458000,0,0.80914000,515.8300
1623913288092000,1,0.51735700,515.5800
1623913462923000,0,0.09390000,515.9400
1623913463304000,0,0.09360000,515.9400
1623913463304000,0,0.24640000,515.9500
1623913464316000,0,0.00360000,515.9500
1623913464316000,0,0.39640000,516.1600
1623913464751000,0,0.00792406,516.1600
1623913465327000,0,0.15020000,516.3700
1623913466116000,0,0.40000000,516.1600
1623913467040000,0,0.00432406,516.1600
1623913467040000,0,0.25412406,516.3700
1623913467040000,0,0.02295188,516.4600
1623913467230000,0,0.40400000,516.1600
1623913467321000,0,0.00032406,516.1600
1623913479381000,0,0.32290000,516.1600
1623913512975000,1,1.93770000,515.7200
1623913544192000,0,0.39662620,515.7800
1623913544245000,0,0.00809441,515.7800
1623913545824000,0,0.39662620,515.7800
1623913587750000,0,0.40000000,515.7800
1623913601817000,0,0.40460160,515.9700
1623913643481000,0,0.40000000,515.9700
1623913651553000,0,1.52000000,516.1400
1623913652956000,0,0.07979558,516.1600
1623913672142000,0,0.00162848,516.1600
1623913672142000,0,4.99837152,516.4500
1623913673208000,0,0.00162848,516.4500
1623913673208000,0,0.40473133,516.5400
1623913673208000,0,30.88330000,516.6300
1623913673208000,0,0.40468592,516.6800
1623913673400000,0,0.44000000,516.6000
1623913678477000,1,1.52000000,516.7700
1623913701055000,0,1.52000000,517.5400
1623913703755000,0,47.88000000,517.8300
1623913760402000,1,8.51972508,517.1400
1623913791709000,0,5.00000000,516.5600
1623913799854000,0,5.00000000,517.0400
1623913808258000,0,0.30600000,516.5500
1623913808264000,0,3.00000000,516.5500
1623913808341000,0,1.69400000,516.5500
1623913808628000,0,1.15640000,516.5200
1623913808732000,0,3.84360000,516.5200
1623913828519000,0,5.00000000,516.8300
1623913831311000,0,5.00000000,517.0000
1623913852397000,0,5.00000000,517.1100
1623913853443000,1,5.00000000,517.1000
1623913864241000,1,5.00000000,517.1000
1623913868759000,0,4.90000000,517.3200
1623913869422000,0,0.09800000,517.3200
1623913883924000,0,0.74480000,516.9500
1623913884182000,0,4.25520000,516.9500
1623913886423000,0,0.09800000,517.0800
1623913892561000,0,0.09800000,516.9000
1623913892587000,1,5.00000000,516.8900
1623913892656000,1,9.60000000,516.8900
1623913893990000,0,2.73820000,516.9000
1623913894014000,0,2.16380000,516.9000
1623913920350000,0,0.48566870,517.3100
1623913995482000,0,0.09371007,518.2200
1623914026493000,0,0.48283990,517.9500
1623914026493000,0,4.51716010,517.9600
1623914065226000,0,0.38523150,518.1300
1623914090393000,1,0.37202800,517.2900
1623914149707000,1,0.19812430,517.3500
1623914164748000,1,1.93180000,517.4200
1623914164841000,1,0.00009677,517.4200
1623914166432000,1,1.93235422,517.1400
1623914228156000,0,1.93190000,517.0400
1623914228532000,0,3.06810000,517.0400
1623914239563000,0,0.47602089,516.8700
1623914239862000,0,0.47602853,516.8700
1623914240369000,0,0.47599002,516.8000
1623914240664000,0,0.31736261,516.8000
1623914241555000,0,0.25578000,516.7900
1623914250589000,0,5.00000000,516.9900
1623914293388000,1,5.00000000,516.6900
1623914295222000,1,5.00000000,516.4900
1623914581981000,0,0.62831000,516.8800
1623914648585000,0,0.61426000,517.6400
1623914675338000,0,0.60076069,518.0400
1623914675338000,0,0.25723931,518.0500
1623914831636000,1,1.52000000,518.2800
1623914831636000,1,0.64522605,518.2600
1623914833744000,1,0.29855499,518.3100
1623914833793000,1,0.29883454,518.3100
1623914839443000,1,1.52000000,518.2200
1623914960257000,1,0.20000000,518.2200
1623915360778000,0,0.58000000,518.5700
1623915466925000,1,1.52000000,518.2400
1623915788565000,0,0.05000000,518.1400
1623916118790000,1,1.27000000,517.2800
1623916434564000,0,1.52000000,516.6600
1623916560266000,0,0.09018497,517.4000
1623916794748000,1,1.52000000,516.2000
1623916809624000,1,1.52000000,515.6100
1623916835193000,0,0.82048616,516.3500
1623916835193000,0,2.05116384,516.3500
1623916853726000,1,1.52000000,516.2200
1623916861827000,1,1.52000000,516.0600
1623916888793000,0,3.00000000,516.7100
1623916888858000,0,9.90000000,516.7100
1623916925188000,1,1.51999999,517.0200
1623916925210000,1,0.00000001,517.0200
1623916995279000,1,1.30000000,516.3200
1623916999349000,1,0.22000000,516.3200
1623917056081000,0,0.69130222,516.2700
1623917056081000,0,0.69152778,516.2700
1623917065564000,1,1.52000000,516.6100
1623917065564000,1,0.41457000,516.6100
1623917076144000,1,0.00000275,516.6100
1623917108499000,0,0.14090784,516.5500
1623917222404000,0,0.63223971,516.3900
1623917222404000,0,0.08700770,516.3900
1623917222430000,0,0.46202702,516.3900
1623917222524000,0,1.03155555,516.3900
1623917772686000,0,0.18740000,516.8200
1623918356265000,0,4.04000000,517.8900
1623918356521000,0,0.00111750,517.8900
1623918356923000,0,0.05880000,517.8900
1623918357279000,0,3.98000000,517.8900
1623918359316000,0,0.00231750,517.8900
1623918359316000,0,4.03768250,517.8900
1623918361117000,0,0.00343500,517.8900
1623918361117000,0,4.03656500,517.8900
1623918568629000,0,4.04000000,517.3600
1623918665051000,0,4.04000000,517.8600
1623918670458000,0,0.00052069,517.8600
1623918670458000,0,4.03947931,517.8600
1623918671511000,0,0.00104138,517.8600
1623918693780000,0,0.63252727,518.4500
1623918693780000,0,1.58127685,518.4500
1623918724539000,0,1.52000000,519.0200
1623918724539000,0,2.51000000,519.0400
1623918724852000,0,1.52119029,519.0400
1623918724852000,0,1.52000000,519.1900
1623918724983000,0,0.28125000,519.2100
1623918724983000,0,1.51875000,519.2400
1623918725774000,0,2.23000000,519.2400
1623918725870000,0,0.28225515,519.2400
1623918735985000,0,4.03000000,519.0300
1623918737117000,0,0.00114459,519.0300
1623918737117000,0,4.02885541,519.0300
1623918739395000,0,0.00228918,519.0300
1623918805717000,0,1.52000000,518.8600
1623918805717000,0,0.72320855,518.8800
1623919069731000,0,1.52000000,519.0500
1623919069731000,0,4.03000000,519.0700
1623919567542000,1,4.03850000,518.3300
1623919568958000,1,0.00002446,518.3300
1623919568958000,1,1.14997554,518.3300
1623919569722000,1,2.88850000,518.3300
1623919570972000,1,0.00004892,518.3300
1623919570972000,1,4.03852446,518.3300
1623919664042000,1,6.80000000,517.0700
1623919669632000,1,15.20000000,516.6400
1623919669937000,0,1.52000000,517.1700
1623919671551000,0,1.02223558,517.2900
1623919695766000,0,1.52000000,517.0100
1623919780933000,0,4.06000000,515.8500
1623919843286000,0,4.06000000,515.7200
1623919859645000,1,0.11478718,515.2900
1623919862725000,0,0.00139358,515.7200
1623919862725000,0,0.00102497,515.8500
1623919862725000,0,4.05941752,515.9300
1623920128081000,1,1.52000000,517.0300
1623920137057000,0,0.43182670,517.5400
1623920137057000,0,1.07817330,517.5400
1623920138071000,0,0.00137258,517.5400
1623920151005000,0,0.43550000,518.0600
1623920151990000,1,1.52000000,517.5300
1623920158379000,1,1.52000000,517.3600
1623920158379000,1,7.73000000,517.3500
1623920241352000,1,0.09000000,518.0600
1623920286113000,1,7.11000000,518.0600
1623920307187000,0,0.39781628,518.4800
1623920307187000,0,0.39782395,518.4900
1623920307585000,0,0.39782395,518.5200
1623920307585000,0,0.39779783,518.5200
1623920307585000,0,12.79987822,518.5400
1623920336320000,0,0.36194704,518.5600
1623920336320000,0,0.78805296,518.5600
1623920407334000,0,4.03000000,519.6400
1623920414497000,1,20.91000000,519.2200
1623920418934000,1,7.60000000,519.3900
1623920424506000,1,17.76000000,519.0800
1623920434753000,1,1.52000000,519.1800
1623920506248000,0,4.03000000,519.3200
1623920508314000,0,0.00090133,519.3200
1623920508314000,0,1.51909867,519.3200
1623920753653000,1,0.26520952,518.1100
1623920754893000,0,0.06653992,518.6000
1623921000954000,0,4.04000000,517.4800
1623921431417000,0,1.52000000,516.4500
1623921437504000,1,1.52000000,516.0800
1623921486946000,1,0.09000000,516.0300
1623921994266000,0,0.33232307,516.5700
1623921994266000,0,0.83079158,516.5700
1623921994266000,0,0.52483231,516.6600
1623922037325000,0,0.29423275,516.7100
1623922037325000,0,0.73557903,516.7100
1623922037325000,0,4.04995543,516.7200
1623922045796000,0,0.67778305,517.4900
1623922045796000,0,0.27111322,517.5000
1623922128138000,0,0.10546246,517.7900
1623922138525000,0,1.41453754,517.7900
1623922138525000,0,4.04316758,517.8100
1623922247160000,0,0.62403400,518.0800
1623922247160000,0,1.51596600,518.0800
1623922247442000,0,0.00403400,518.0800
1623922260353000,0,0.24000000,518.2400
1623922274777000,0,0.57569939,518.2900
1623922274777000,0,1.42430061,518.3000
1623922459081000,0,4.04000000,517.8900
1623922463348000,0,0.00203043,517.8900
1623922466589000,0,1.52000000,517.8700
1623922532542000,0,4.04000000,517.9200
1623923246960000,1,1.15000000,516.9700
1623923283541000,1,2.88856000,516.9700
1623923331808000,0,3.96832405,516.9600
1623923336924000,0,0.08098621,516.9600
1623923338276000,0,4.04000000,516.9600
1623923408489000,0,0.00931026,516.9600
1623923526434000,0,0.05610000,517.6200
1623923530842000,0,48.76000000,517.5300
1623923637337000,0,4.04000000,517.9500
1623923640315000,1,0.95252874,517.4600
1623923649948000,0,4.04000000,518.1600
1623923650076000,0,0.00678295,518.1600
1623923651295000,0,0.96000000,518.3200
1623923652281000,0,0.19000000,518.4400
1623923652782000,0,2.65000000,518.4400
1623923688999000,1,1.52000000,519.2400
1623923696252000,1,1.52000000,519.0600
1623923757749000,1,5.51564000,518.9400
1623923757806000,1,7.28436000,518.9400
1623923813381000,0,4.03915499,518.2500
1623923813381000,0,0.23620879,518.4300
1623923864078000,0,0.23000000,518.0300
1623923864980000,0,0.00096965,518.0300
1623923864980000,0,0.57757131,518.0900
1623923865537000,0,1.50129841,518.1600
1623923886949000,1,12.17000000,518.4200
1623923922375000,1,4.03000000,518.3500
1623923949660000,1,0.00370642,518.3500
1623923975579000,0,0.17898047,518.7500
1623924175887000,1,1.52000000,518.4200
1623924242966000,0,0.36370000,518.8600
1623924405207000,0,1.52000000,517.8600
1623924405207000,0,3.53552747,517.8800
1623924414711000,0,0.10000000,517.8800
1623924416000000,0,1.52000000,517.8600
1623924416000000,0,0.00317403,517.8800
1623924416000000,0,3.63682597,517.8800
1623924417001000,0,0.00187553,517.8800
1623924417001000,0,1.51812447,517.8800
1623924425302000,1,7.60000000,517.3500
1623924462928000,0,3.23000000,517.2700
1623924463087000,0,0.00789247,517.2700
1623924465569000,0,3.23000000,517.4500
1623924599041000,0,0.28080000,517.2700
1623924653960000,0,2.83000000,517.3300
1623924720279000,1,0.13030489,517.1500
1623924805002000,0,2.42000000,517.5700
1623924855545000,1,1.93315909,516.8000
1623924855603000,1,12.90000000,516.7100
1623924909816000,0,1.52000000,517.3500
1623924909816000,0,0.24000000,517.3700
1623925017072000,0,0.23318759,518.4200
1623925017072000,0,0.58296897,518.4200
1623925017094000,0,0.31399969,518.4200
1623925054605000,1,1.15000000,518.1600
1623925583792000,1,0.60000000,517.6700
1623926131685000,0,0.06242600,517.3300
1623926153880000,0,0.00127400,517.3300
1623926949485000,1,3.30000000,516.9300
1623926989998000,0,0.81077000,517.1800
1623927012065000,0,0.00000755,517.1800
1623927065836000,1,0.04019768,516.8500
1623927148775000,0,0.79407965,517.5400
1623927183884000,0,0.79440927,517.4400
1623927219429000,0,1.52000000,517.5100
1623927219429000,0,0.76387642,517.5300
1623927559970000,1,0.07000000,517.0400
1623927579853000,0,0.81000000,517.3300
1623927601497000,0,0.00044037,517.3300
1623927601497000,0,0.39955963,517.4900
1623927750258000,0,0.40497000,517.5700
1623927750346000,0,0.24262671,517.7000
1623927750346000,0,0.60655329,517.7000
1623927750566000,0,1.57717000,517.8200
1623927750642000,0,0.00000282,517.8200
1623927750642000,0,0.24261718,517.8200
1623927840241000,1,0.39220254,517.6800
1623928200281000,1,0.07190765,518.4300
1623928292895000,0,0.40000000,519.3600
1623928406823000,0,0.00039425,519.6400
1623928406823000,0,0.40388931,519.6800
1623928406823000,0,0.44371644,519.7800
1623928442604000,0,0.07500000,519.9900
1623928498608000,1,0.08492038,520.0300
1623928516008000,1,1.90000000,520.0000
1623928801078000,0,0.40300000,519.2300
1623928801106000,0,0.00080381,519.2300
1623928824794000,0,1.00000000,518.8800
1623929434601000,0,0.06000000,518.3200
1623929716111000,1,1.38204000,517.0300
1623929807117000,0,0.09350000,517.7000
1623930000245000,1,0.19305083,517.4000
1623930011498000,1,0.86408898,517.6300
1623930307468000,0,0.17000000,517.4800
1623930307622000,0,0.17413011,517.4700
1623930307622000,0,0.43532527,517.4700
1623930307622000,0,1.52000000,517.4900
1623930341182000,0,0.15600000,517.9400
1623930542637000,1,1.52000000,518.1500
1623930590660000,0,0.10000000,517.9900
1623930757366000,0,0.15414819,517.6600
1623930757366000,0,0.03295181,517.6700
1623930931436000,1,0.99858191,516.7200
1623931298057000,0,1.52000000,516.4800
1623931298134000,0,1.48960000,516.4800
1623931306935000,1,0.13600000,516.1100
1623931440286000,1,0.06852487,515.5300
1623931448867000,1,1.00000000,515.5500
1623931499140000,0,0.19250000,515.9000
1623931624239000,0,0.51600000,516.0800
1623931624258000,0,3.54536456,516.0800
1623931916489000,0,1.52000000,515.9500
1623931919336000,0,4.05000000,516.0200
1623931919488000,0,0.00992709,516.0200
1623932024996000,1,0.96000000,514.8100
1623932024996000,1,0.06000000,514.5300
1623932025153000,1,0.96000000,514.5300
1623932025153000,1,1.11140000,514.3000
1623932034948000,0,0.06703286,514.4100
1623932057501000,1,1.15000000,513.7700
1623932078067000,0,0.35035096,513.1700
1623932078067000,0,1.16964904,513.1800
1623932114732000,0,1.52000000,512.4100
1623932180697000,0,1.39420000,512.7300
1623932229494000,0,7.53965000,511.7400
1623932229575000,0,5.46035000,511.7400
1623932241243000,0,0.10100000,511.7900
1623932244345000,0,1.04900000,511.8000
1623932295055000,0,0.29125446,512.3100
1623932499381000,0,5.53965000,512.5600
1623932499464000,0,7.46035000,512.5600
1623932702168000,0,0.09053990,512.6300
1623932702168000,0,0.21946010,512.6300
1623932822816000,0,4.10730648,510.3700
1623932880287000,1,0.39954627,510.4500
1623932946333000,0,4.10757000,510.1500
1623932946356000,0,0.00000435,510.1500
1623933002525000,1,7.60000000,510.1000
1623933007490000,0,0.13614807,510.0400
1623933013405000,1,1.11536146,509.6400
1623933020109000,0,0.13616168,509.7700
1623933020424000,1,0.96000000,509.4600
1623933030252000,1,0.96000000,509.3200
1623933069608000,0,2.50000000,509.7700
1623933069718000,0,0.96000000,509.7700
1623933069777000,0,0.51189275,509.7700
1623933086107000,0,2.50000000,510.0400
1623933086187000,0,1.47173000,510.0400
1623933109426000,0,0.00000924,510.0400
1623933109426000,0,4.10559076,510.1600
1623933123439000,0,4.10710000,510.5800
1623933128138000,0,0.00006473,510.5800
1623933146461000,0,2.84116000,510.1800
1623933146541000,0,1.26313000,510.1800
1623933151198000,0,0.00000327,510.1800
1623933155190000,0,2.73687000,510.4500
1623933155287000,0,1.36556000,510.4500
1623933206320000,0,0.15580000,509.9600
1623933277098000,0,0.17527262,509.6600
1623933324269000,0,4.10000000,509.7600
1623933475278000,0,4.11000000,509.5500
1623933486246000,0,0.00228894,509.5500
1623933486246000,0,8.37771106,509.9500
1623933514028000,0,0.00000094,510.4500
1623933629830000,0,0.05840000,511.1900
1623933697998000,0,4.10000000,510.6200
1623933840947000,0,3.69000000,510.3100
1623933885954000,0,1.52000000,510.4400
1623933885954000,0,1.69913920,510.4600
1623933936358000,1,0.31570238,509.2600
1623934224594000,0,0.06507188,511.1400
1623934224594000,0,0.16268097,511.1600
1623934224594000,0,2.46052272,511.1700
1623934439035000,0,2.45577858,512.1200
1623934472335000,1,7.60000000,511.6000
1623934515754000,0,2.04000000,511.6600
1623934557883000,0,2.04000000,511.3600
1623934680168000,1,1.95630000,510.9300
1623934702242000,0,1.64000000,510.8600
1623934754514000,0,1.23000000,510.1700
1623934763904000,0,1.23000000,510.2900
1623934810975000,0,0.00154403,510.8600
1623934810975000,0,0.81845597,510.9100
1623934922048000,0,0.82000000,510.4000
1623934947860000,0,0.82000000,510.1900
1623934990822000,0,0.41000000,510.5600
1623935033385000,0,0.12538382,511.0700
1623935033385000,0,0.31345954,511.3600
1623935033385000,0,0.41061549,511.3700
1623935033385000,0,3.04054115,511.4000
1623935122133000,0,0.09470000,511.1700
1623935280263000,0,0.15609247,510.8200
1623935423343000,0,0.08732334,509.8000
1623935423343000,0,0.24433138,509.8100
1623935517547000,0,0.09752293,509.0000
1623935529029000,0,0.31000000,509.0000
1623935575442000,0,0.41000000,509.2400
1623935859407000,0,7.60000000,508.2100
1623935859521000,0,5.50000000,508.2100
1623935961218000,0,0.05870000,509.0900
1623936152124000,1,0.08212436,507.6500
1623936173463000,0,0.41000000,508.1400
1623936804135000,1,1.38155000,509.6500
1623936926916000,0,0.07948951,510.4000
1623936926916000,0,0.19051049,510.4100
1623937100101000,1,1.52000000,510.0700
1623937324349000,1,3.81110888,509.5200
1623937324349000,1,1.52000000,509.4800
1623937455063000,1,1.96128532,509.3500
1623937455063000,1,1.52272468,509.3500
1623937837457000,0,0.30370000,510.2500
1623937864705000,0,1.39378563,510.4300
1623938106595000,0,5.00000000,509.2900
1623938167225000,1,4.91155276,508.7500
1623938167225000,1,1.96453740,508.7500
1623938167225000,1,6.22390984,508.7400
1623938413237000,1,4.53000000,508.5100
1623938520904000,1,0.96000000,507.9300
1623938521522000,1,8.86459551,507.5500
1623938521522000,1,50.59540449,507.4700
1623938522248000,1,0.19000000,507.7200
1623938523917000,1,1.64600000,507.4400
1623938524079000,1,1.19400000,507.4400
1623938592734000,0,0.41000000,507.3000
1623938610597000,1,1.97250000,506.6600
1623938688747000,0,0.41000000,507.1000
1623938938589000,1,4.13280000,506.8700
1623939100150000,0,0.06997337,507.7600
1623939182214000,1,4.13090000,507.0500
1623939236831000,1,1.52000000,507.0700
1623939248848000,1,0.00002210,507.0500
1623939295758000,0,0.41000000,507.5900
1623939353365000,1,0.29000000,507.5200
1623939405861000,0,0.41200000,507.8400
1623939413335000,1,1.52000000,507.6100
1623939457723000,0,0.41000000,507.2000
1623939461898000,0,0.41000000,507.3900
1623939469524000,0,1.52000000,507.3700
1623939480149000,0,0.00329732,507.3900
1623939586581000,1,4.79315000,508.2800
1623939587338000,1,13.63000000,508.2800
1623939714749000,0,6.16740000,508.2900
1623939932565000,0,1.02000000,508.7400
1623939980070000,0,0.73800000,510.2500
1623939980182000,0,0.22200000,510.2500
1623939980182000,0,1.08120000,510.4800
1623939980428000,0,7.60000000,510.3800
1623939993835000,1,1.52000000,510.3200
1623939996941000,1,0.48000000,510.1600
1623940062892000,1,6.16000000,510.3300
1623940084364000,0,0.41000000,510.8000
1623940182997000,1,0.06308000,510.7100
1623940192489000,1,1.95639663,510.8600
1623940218230000,0,8.20000000,511.6400
1623940243946000,0,1.52000000,512.5000
1623940246729000,1,8.40000000,512.3500
1623940246919000,1,7.60000000,512.3500
1623940246997000,1,7.60000000,512.3500
1623940247064000,1,3.00000000,512.3500
1623940247128000,1,3.50000000,512.3500
1623940247622000,0,1.52000000,512.3300
1623940307487000,0,0.40000000,512.2600
1623940660404000,1,0.54000000,511.2700
1623940664811000,0,0.12560000,511.7100
1623940976464000,1,4.10000000,510.0500
1623940977482000,1,4.10000000,509.8600
1623941071732000,0,0.86833338,509.1400
1623941072191000,0,0.65166662,509.1400
1623941072191000,0,0.21666676,509.1600
1623941076923000,0,0.95110000,509.1400
1623941197873000,1,4.91022827,508.8000
1623941197873000,1,1.96397636,508.8000
1623941197873000,1,1.78579537,508.7600
1623941459703000,0,0.09765342,508.6900
1623941460923000,1,1.52000000,508.1600
1623941567558000,0,5.00000000,507.9900
1623941567654000,0,4.00000000,507.9900
1623941683703000,1,1.96000000,509.3200
1623941691061000,1,0.73000000,509.0400
1623941717451000,1,1.96000000,508.7600
1623941823849000,0,0.09500000,509.8000
1623941885045000,0,7.60000000,509.7000
1623941885152000,0,5.40000000,509.7000
1623942107192000,1,1.52000000,510.5200
1623942129079000,1,4.10000000,510.4300
1623942141565000,1,1.52000000,510.4400
1623942143776000,0,0.10050000,511.0100
1623942274431000,1,0.10000000,510.6200
1623942404813000,1,0.16000000,510.6100
1623942404851000,1,1.15000000,510.6100
1623942562172000,1,1.00000000,509.5000
1623942661734000,1,4.11117646,509.6300
1623942717599000,0,0.82345553,509.3600
1623942852616000,0,0.09275032,509.5400
1623942857021000,0,0.82000000,509.6700
1623943139587000,0,0.12730000,510.4600
1623943278185000,0,1.52000000,510.3600
1623943378463000,1,0.06857904,510.5100
1623943380934000,0,0.82100000,510.8900
1623943381045000,0,0.00081944,510.8900
1623943539676000,1,0.58555200,510.7000
1623943660663000,0,4.10000000,510.9900
1623943740999000,1,0.82100000,510.6400
1623943815345000,0,0.75820000,510.9300
1623944110519000,1,1.95158578,512.0800
1623944110519000,1,4.87841422,512.0800
1623944159102000,0,0.53000000,511.9500
1623944325495000,1,1.95000000,511.9100
1623944325843000,1,0.00224918,511.9100
1623944325843000,1,4.88096307,511.7700
1623944325843000,1,12.68678775,511.7700
1623944441803000,0,0.09450000,512.2400
1623944885899000,0,2.61000000,513.3600
1623944885967000,0,0.07735407,513.3600
1623944893046000,0,1.52000000,513.7800
1623945006381000,0,0.56590000,513.2600
1623945272200000,0,2.41000000,514.3100
1623945454917000,0,0.18850000,513.9300
1623945456059000,0,1.52000000,513.7200
1623945456059000,0,3.52000000,513.7400
1623945507383000,0,0.77000000,513.5400
1623945604444000,0,4.08830000,513.9600
1623945604762000,0,0.00008240,513.9600
1623945604762000,0,7.59991760,514.0300
1623945609359000,1,4.08183566,514.1400
1623945658242000,1,1.94758537,513.0800
1623945658242000,1,4.86891463,513.0800
1623945664090000,0,8.88000000,513.4500
1623945666109000,0,4.09000000,513.4800
1623945668064000,0,0.00213713,513.4800
1623945693356000,1,0.10203300,512.5700
1623945704519000,1,0.97426600,512.3700
1623945766592000,0,3.00000000,512.8300
1623945908820000,0,4.09000000,512.9800
1623945943128000,1,9.74000000,512.3500
1623946023707000,1,1.52000000,511.6000
1623946047770000,0,0.30000000,512.1200
1623946087686000,1,1.52000000,511.4000
1623946087686000,1,1.95444342,511.3800
1623946087686000,1,3.36555658,511.3800
1623946147935000,0,4.10000000,511.7100
1623946507534000,1,1.52000000,511.2000
1623946508351000,1,1.52000000,511.0600
1623946508351000,1,0.94000000,510.9600
1623946508351000,1,1.06000000,510.9500
1623946539977000,0,0.11370000,511.0500
1623946544583000,1,2.79000000,510.2000
1623946581466000,0,1.52000000,511.0700
1623946629410000,1,2.79000000,509.2400
1623946629410000,1,0.94000000,509.2400
1623946630279000,1,0.94000000,509.6000
1623946729050000,1,3.61000000,509.3500
1623946777952000,0,0.09500000,509.7600
1623946816064000,0,1.52000000,509.4500
1623946855421000,1,1.52000000,508.2500
1623946913510000,0,4.12000000,508.9800
1623946957963000,0,0.57090000,508.9300
1623947425689000,1,0.00006431,506.8700
1623947426128000,1,1.97345404,506.3700
1623947426128000,1,4.92654596,506.3700
1623947452897000,0,1.52000000,506.4900
1623947455775000,1,0.77902000,506.5700
1623947487749000,0,0.19100000,506.9400
1623947489303000,1,0.00000337,506.5700
1623947597116000,1,1.52000000,506.3200
1623947693161000,0,1.15000000,507.1900
1623947703020000,1,4.14000000,506.8900
1623947776824000,1,5.00000000,507.6000
1623947798417000,0,4.14935251,506.7600
1623947811183000,0,3.27689000,507.0900
1623947880326000,1,0.18826314,507.0900
1623948046637000,1,1.52000000,505.6200
1623948064146000,1,1.52000000,505.0500
1623948065266000,1,1.00000000,505.0000
1623948069410000,1,1.52000000,504.7400
1623948070449000,1,1.52000000,504.6600
1623948076996000,0,0.13677607,505.3100
1623948121541000,0,0.09819444,505.5800
1623948130161000,1,1.52000000,505.0700
1623948187143000,1,4.15000000,505.4600
1623948192799000,1,1.52000000,505.4800
1623948196857000,1,0.00343809,505.4600
1623948202924000,1,1.52000000,505.3200
1623948221777000,1,5.00000000,505.3800
1623948224433000,1,4.15000000,505.2400
1623948245850000,1,5.00000000,505.0800
1623948293308000,0,0.57460000,505.6100
1623948308531000,1,4.15000000,504.9100
1623948308994000,1,4.17000000,504.7600
1623948311816000,1,0.94000000,504.5400
1623948321040000,0,0.13681711,504.9100
1623948406214000,1,5.00000000,504.6600
1623948407584000,1,4.16000000,504.5500
1623948409898000,1,0.00222127,504.5500
1623948409898000,1,4.15777873,504.5500
1623948414836000,1,4.16000000,504.3700
1623948415184000,1,0.00261305,504.3700
1623948435051000,1,4.16000000,504.0300
1623948543892000,1,4.16000000,504.6100
1623948544075000,1,0.00150913,504.6100
1623948580935000,0,0.13690884,504.1900
1623948645857000,1,5.00000000,504.1300
1623948646391000,1,1.93000000,504.1000
1623948727410000,0,0.10940000,504.4100
1623948748141000,1,1.98000000,503.9500
1623948751031000,1,1.98000000,503.9100
1623948767680000,1,0.00312098,503.9100
1623948767680000,1,1.98444407,503.6000
1623948767680000,1,4.95243495,503.6000
1623948823451000,0,0.78150533,503.2800
1623948873422000,0,0.05908970,504.0100
1623948889478000,1,1.98295000,503.9000
1623948889822000,1,0.00000655,503.9000
1623948889822000,1,4.01704345,503.8900
1623948889900000,1,0.94067000,503.8900
1623948890025000,1,0.00000711,503.8900
1623948890025000,1,9.05932289,503.8300
1623948890770000,1,1.98295655,503.4700
1623948890770000,1,4.41922211,503.4700
1623948890777000,1,0.54186314,503.4700
1623948890777000,1,0.71110264,503.4700
1623948911766000,1,8.91000000,502.9100
1623948929793000,1,0.05553148,501.9700
1623948929793000,1,4.17446852,501.3700
1623948999380000,1,4.17000000,503.1700
1623949013050000,1,3.21000000,502.9800
1623949040850000,1,4.17627256,502.8900
1623949090793000,1,4.17337075,503.2300
1623949090793000,1,50.10823000,503.1600
1623949090793000,1,4.17538977,503.0400
1623949090793000,1,3.00000000,503.0000
1623949090793000,1,30.75537000,502.9900
1623949090793000,1,2.24661429,502.9700
1623949091152000,1,4.17330000,503.2300
1623949094527000,1,4.17000000,502.4800
1623949115453000,1,5.00000000,502.4400
1623949178892000,0,1.98913804,502.9700
1623949178892000,0,4.97227460,503.0500
1623949178892000,0,3.00000000,503.0500
1623949178892000,0,8.98979350,503.0700
1623949178892000,0,4.17796975,503.1100
1623949178892000,0,9.64625411,503.2900
1623949180924000,1,52.45000000,502.8400
1623949184091000,0,1.98884467,503.0000
1623949186896000,1,4.17000000,502.5100
1623949208232000,1,4.18000000,501.4700
1623949212296000,1,0.00084820,501.4700
1623949212296000,1,4.17915180,501.3000
1623949216872000,1,0.00316625,501.3000
1623949216872000,1,4.17683375,501.3000
1623949231182000,1,1.64782748,502.0500
1623949231205000,1,3.35217252,502.0500
1623949254940000,0,0.19793587,501.3000
1623949285931000,1,5.00000000,501.7100
1623949315906000,0,1.00000000,501.3100
1623949339045000,1,4.19000000,500.5700
1623949339365000,1,0.00346534,500.5700
1623949344171000,1,1.99891000,500.0300
1623949344327000,1,0.00000841,500.0300
1623949344381000,1,1.00000000,500.0000
1623949344486000,1,4.99378525,499.9500
1623949345623000,1,1.99891000,499.7900
1623949374633000,1,10.71228541,499.7600
1623949374633000,1,4.20067744,499.7400
1623949375917000,0,0.06609724,500.2000
1623949380898000,1,4.19000000,499.3700
1623949382321000,0,1.52000000,499.8700
1623949443486000,1,4.19000000,500.1100
1623949443852000,1,2.81000000,500.1200
1623949445214000,1,8.28000000,499.9600
1623949446813000,1,4.19000000,499.9300
1623949469965000,0,0.21818869,500.6000
1623949493556000,1,1.99000000,500.0400
1623949516879000,1,4.19000000,499.8700
1623949522001000,1,4.19000000,499.4000
1623949534873000,1,4.20000000,499.3400
1623949536324000,1,0.00268833,499.3400
1623949536324000,1,4.19731167,499.3400
1623949550492000,1,4.20000000,499.0400
1623949598589000,0,0.11920048,499.8000
1623949609568000,1,4.20421178,499.2300
1623949626058000,0,0.94000000,499.6600
1623949626072000,0,7.60000000,499.6600
1623949680728000,1,5.00280612,499.4400
1623949680728000,1,2.00106718,499.4400
1623949680728000,1,4.19612670,499.4300
1623949682198000,1,5.00000000,499.3300
1623949722638000,1,5.00000000,499.9200
1623949722906000,1,3.00000000,499.9500
1623949730809000,1,1.99972275,499.7000
1623949734785000,1,4.19000000,499.6000
1623949783483000,1,2.00002680,499.6000
1623949783483000,1,4.99997320,499.6000
1623949808387000,1,4.99703764,499.7500
1623949808387000,1,1.99296236,499.7500
1623949863394000,1,4.20000000,498.5700
1623949864544000,1,0.00166509,498.5700
1623949906407000,1,4.21000000,497.7700
1623949906471000,1,0.00422539,497.7700
1623949906471000,1,1.01751468,497.5700
1623949906689000,0,0.21899813,498.5300
1623949908527000,1,4.21000000,497.7700
1623949922067000,0,2.00773504,498.2700
1623949925036000,1,4.21140000,498.0700
1623949925498000,1,0.00000056,498.0700
1623949925498000,1,0.00422539,497.7700
1623949925498000,1,2.99577405,497.7500
1623949926574000,1,4.21488091,497.5500
1623949926574000,1,1.03000000,497.3400
1623949926574000,1,0.94000000,497.2800
1623949926574000,1,4.20511909,497.2800
1623949927597000,1,0.00930625,497.2800
1623949927597000,1,0.94069375,497.1700
1623949927910000,1,1.22000000,497.2800
1623949935511000,1,4.21000000,497.0100
1623949937192000,1,4.21000000,496.7000
1623949942467000,0,9.06485000,497.5200
1623949942950000,0,2.42060000,497.7200
1623949961600000,1,4.21320621,497.6900
1623949961600000,1,51.14071000,497.5800
1623949961600000,1,10.20000000,497.5000
1623949961600000,1,4.21594434,497.3700
1623949961600000,1,33.18561000,497.3200
1623949961904000,1,2.42060000,497.6900
1623949961911000,1,1.79260000,497.6900
1623949962056000,1,0.00000621,497.6900
1623949962063000,1,5.00000000,497.5200
1623949962177000,0,0.99579572,498.3100
1623949965032000,1,1.52000000,497.2700
1623949965512000,1,4.21877450,497.0200
1623949965512000,1,8.40000000,496.8600
1623949965512000,1,8.25628475,496.7400
1623949965512000,1,4.21614977,496.7300
1623949965512000,1,0.94000000,496.4600
1623949975404000,1,1.73000000,496.6000
1623949977183000,1,15.21000000,496.4100
1623949980275000,0,0.05097015,497.0100
1623950004798000,1,4.21998000,497.0100
1623950005202000,1,5.02757120,497.0200
1623950038040000,0,1.52000000,496.9700
1623950049107000,0,0.11982008,497.4600
1623950062235000,0,7.60000000,497.5200
1623950092919000,1,2.00000000,497.2900
1623950094584000,1,5.02411576,497.2000
1623950094584000,1,2.00959843,497.2000
1623950126433000,0,7.60000000,497.9400
1623950126446000,0,2.66692086,497.9400
1623950170817000,1,2.00534527,498.2500
1623950170817000,1,5.00465473,498.2500
1623950181739000,1,2.00606137,498.2200
1623950181739000,1,4.20393863,498.2100
1623950183198000,1,2.00000000,498.1100
1623950222487000,1,18.04670922,496.7500
1623950222487000,1,2.01103987,496.7400
1623950223494000,1,2.01190575,496.7600
1623950223494000,1,5.02844086,496.7600
1623950223494000,1,13.06965339,496.7600
1623950226438000,0,2.01000000,497.3300
1623950238685000,1,5.02900731,496.8100
1623950238685000,1,2.01099269,496.8100
1623950281267000,1,2.00000000,497.2400
1623950332050000,1,2.00922268,497.3300
1623950332050000,1,5.02077732,497.3200
1623950351494000,1,2.00000000,497.2700
1623950352067000,1,0.00974134,497.2700
1623950352067000,1,2.21025866,497.2600
1623950381990000,1,2.01000000,497.0900
1623950382184000,1,0.00005873,497.0900
1623950383912000,1,2.01000000,497.0100
1623950385404000,1,2.01000000,496.8200
1623950385582000,1,0.00136727,496.8200
1623950425937000,1,4.22000000,496.4300
1623950428095000,1,0.94000000,496.0900
1623950429075000,0,2.79000000,495.5500
1623950429112000,0,0.94000000,495.5500
1623950429892000,1,0.94000000,496.1000
1623950434083000,0,1.52000000,495.7100
1623950438853000,1,30.40000000,495.4900
1623950455472000,0,2.02060000,495.1300
1623950455557000,0,0.00000310,495.1300
1623950455557000,0,5.05062749,495.2600
1623950456320000,0,7.60000000,495.4000
1623950456327000,0,5.80000000,495.4000
1623950490710000,0,0.22062042,494.5800
1623950492010000,1,5.05831328,493.9100
1623950492010000,1,2.02229063,493.9000
1623950501150000,0,0.05814162,494.8600
1623950504295000,1,2.02203992,494.0700
1623950504295000,1,5.04796008,494.0700
1623950517191000,0,7.60000000,494.5700
1623950517305000,0,5.90000000,494.5700
1623950520298000,0,0.06379254,494.9100
1623950545454000,0,0.09000000,494.4500
1623950559406000,0,0.00672864,494.4500
1623950564981000,1,5.05321302,494.4900
1623950564981000,1,2.01678698,494.4900
1623950565151000,1,0.00441999,494.4900
1623950578122000,1,2.02215377,494.1100
1623950578122000,1,5.04784623,494.1100
1623950654796000,1,5.04834983,494.6700
1623950654796000,1,2.01927995,494.6700
1623950665711000,0,0.42275938,494.9500
1623950667310000,1,1.52000000,494.3100
1623950681240000,1,2.02070637,494.6000
1623950681240000,1,5.05211468,494.6000
1623950681240000,1,49.97717895,494.5900
1623950748939000,1,4.24000000,494.4500
1623950803941000,1,2.02088021,494.5800
1623950818295000,1,2.02000000,493.9400
1623950841407000,0,0.12045709,494.0900
1623950866204000,1,2.02263571,494.0300
1623950866204000,1,50.06736429,494.0200
1623950969695000,1,4.24000000,494.8900
1623950998330000,1,4.23911156,495.1000
1623950999432000,1,4.23000000,495.1000
1623951001942000,1,0.00126397,494.8900
1623951001942000,1,2.01828169,494.7900
1623951001942000,1,5.04465434,494.7900
1623951010466000,1,2.02235936,494.2000
1623951033641000,0,0.40138686,494.5400
1623951067270000,1,4.24000000,494.3200
1623951072400000,1,4.24408957,493.8600
1623951103235000,1,4.25000000,493.2700
1623951103950000,1,1.52000000,493.2900
1623951220486000,1,4.23000000,495.5000
1623951262006000,1,4.22000000,496.4300
1623951269360000,1,4.22000000,496.1900
1623951309535000,0,0.08440817,496.7100
1623951324039000,1,4.22000000,496.5900
1623951337639000,1,4.22000000,496.8000
1623951343798000,1,0.00263386,496.8000
1623951343798000,1,4.21736614,496.8000
1623951366718000,1,48.70747000,496.6200
1623951366718000,1,0.00253000,496.5900
1623951373620000,1,0.00210811,496.5900
1623951373620000,1,4.21789189,496.5900
1623951382775000,1,4.22000000,496.0400
1623951384691000,1,0.00416618,496.0400
1623951384691000,1,4.22583382,495.8300
1623951384905000,1,0.00056944,495.8300
1623951384905000,1,2.01943056,495.6300
1623951384986000,1,0.94000000,495.8400
1623951386501000,1,0.94000000,495.5100
1623951398651000,1,4.23000000,495.5700
1623951398922000,1,0.00041485,495.5700
1623951398922000,1,0.00333880,495.5000
1623951398922000,1,6.46624635,495.3200
1623951404815000,0,0.09998684,495.7600
1623951448414000,1,4.22000000,495.9600
1623951449510000,1,4.23000000,495.6600
1623951449732000,1,0.00140518,495.6600
1623951451472000,1,4.23000000,495.6600
1623951459553000,1,0.00140518,495.6600
1623951459553000,1,4.22859482,495.6000
1623951466826000,1,0.00422844,495.6000
1623951466826000,1,4.22577156,495.3900
1623951477985000,1,4.23000000,495.0900
1623951483929000,1,0.00335755,495.0900
1623951483929000,1,4.22664245,495.0900
1623951483959000,1,0.00671510,495.0900
1623951504367000,1,4.23000000,495.1200
1623951551764000,1,2.01811000,495.2500
1623951551830000,1,0.00000538,495.2500
1623951551830000,1,5.04474462,495.1800
1623951561525000,1,2.02096673,494.5000
1623951561525000,1,2.01903327,494.4900
1623951562141000,1,0.00108685,494.4900
1623951566085000,0,5.25124558,494.6400
1623951566605000,0,1.04090000,494.7500
1623951566625000,0,0.98206903,494.7500
1623951566770000,0,5.05716621,494.7700
1623951566784000,0,1.02730000,494.8600
1623951566791000,0,0.99457325,494.8600
1623951570091000,0,1.52000000,495.4100
1623951570091000,0,13.50000000,495.4600
1623951571107000,0,13.40000000,495.3500
1623951723740000,1,4.23649943,495.2500
1623951731286000,1,4.23000000,495.2500
1623951773208000,0,1.52000000,494.8100
1623951879335000,1,4.23000000,495.4600
1623951911837000,1,4.23000000,495.6600
1623951969456000,1,4.23000000,495.8500
1623951979206000,1,0.00158253,495.8500
1623951979206000,1,4.23158253,495.8500
1623952015961000,1,0.00300230,495.6600
1623952015961000,1,0.59185966,495.6600
1623952016675000,1,0.89717600,495.6600
1623952016777000,1,2.74396664,495.6600
1623952100004000,1,2.01861306,494.9700
1623952126926000,1,1.52000000,495.2700
1623952126926000,1,0.49000000,495.2500
1623952159887000,1,2.01918792,494.9300
1623952159887000,1,4.23081208,494.9200
1623952187282000,0,2.00399683,495.3000
1623952197124000,1,2.01920000,494.9300
1623952292393000,0,1.52000000,493.2200
1623952309066000,0,1.52000000,493.7500
1623952309066000,0,0.49159193,493.7700
1623952312312000,0,4.25621000,493.7900
1623952440300000,0,0.61683949,494.3500
1623952453397000,1,2.02423804,493.6900
1623952453397000,1,5.06036196,493.6700
1623952453491000,1,0.00003899,493.6700
1623952453491000,1,7.59996101,493.5700
1623952552319000,0,1.37220000,494.0300
1623952762051000,0,7.60000000,493.9100
1623952762124000,0,1.02590000,493.9100
1623952805513000,1,2.02619495,493.1200
1623952807054000,1,2.02445356,492.7000
1623952807054000,1,2.02618644,492.7000
1623952807056000,1,0.00000851,492.7000
1623952898815000,1,0.46938756,493.7900
1623953040289000,0,0.12234271,494.6500
1623953172377000,1,2.02540000,493.4400
1623953172538000,1,0.00000689,493.4400
1623953172538000,1,4.24599311,493.4300
1623953262450000,1,1.15000000,492.0800
1623953266660000,0,1.52000000,492.3700
1623953284967000,1,0.50732578,492.3900
1623953472202000,0,0.99347081,493.1700
1623953494110000,0,0.94000000,493.3300
1623953864948000,1,0.20000000,493.0000
1623953872686000,0,0.25560000,492.6700
1623953910528000,0,2.02957000,493.0800
1623953910616000,0,0.00000119,493.0800
1623954473430000,1,1.52000000,492.2100
1623954473430000,1,4.16999510,492.2000
1623954480284000,0,0.48951474,492.6200
1623954735164000,1,2.03295000,491.6000
1623954735537000,1,0.06300000,491.4800
1623954735704000,1,0.00070914,491.4800
1623954735704000,1,5.08304416,491.4200
1623954735704000,1,2.03214670,491.4200
1623954736662000,1,0.87700000,491.2000
1623954750378000,1,1.52000000,490.0200
1623954750450000,1,0.20000000,490.0000
1623954750450000,1,0.50000000,490.0000
1623954770576000,0,1.52000000,491.3100
1623954803784000,0,0.20183614,491.9000
1623954811692000,1,4.26826702,491.4600
1623954811692000,1,1.51999298,491.4600
1623954820686000,1,4.26950000,491.2400
1623954822677000,1,0.00000903,491.2400
1623954823464000,0,0.46386315,491.0500
1623954845242000,0,0.12103933,492.5300
1623954889211000,1,1.52000000,494.3000
1623954991142000,1,1.00000000,495.0300
1623955068696000,0,1.00000000,495.1800
1623955275345000,0,0.50791625,494.5400
1623955393295000,1,2.02442000,493.6300
1623955394899000,1,2.02530000,493.3900
1623955453688000,0,0.94000000,493.9300
1623955597047000,0,1.20006710,493.5300
1623955636210000,0,0.21000000,493.9300
1623955639954000,1,4.24685000,493.8100
1623955640877000,1,0.00000689,493.8100
1623955728150000,0,11.15440000,494.0500
1623955768437000,0,0.94000000,494.6000
1623955894657000,1,4.24090000,494.0100
1623956040280000,0,0.38067536,493.6800
1623956040919000,1,1.15000000,493.3400
1623956040925000,1,5.55000000,493.3400
1623956073270000,0,0.31153823,493.8100
1623956186992000,0,0.70000000,493.2500
1623956236491000,0,1.52000000,493.0800
1623956325285000,0,0.07860000,493.0900
1623956347162000,0,1.52000000,493.2400
1623956419547000,0,8.26000000,492.6500
1623956435999000,0,0.19180584,492.7900
1623957195984000,0,1.15000000,494.6000
1623957250365000,0,0.34947810,495.1200
1623957360262000,0,1.52000000,493.7800
1623957360262000,0,0.03054935,493.8000
1623957429259000,0,0.09810000,493.6300
1623957810629000,0,2.02086679,495.1200
1623957810629000,0,5.05153321,495.1300
1623957810753000,0,0.00023733,495.1300
1623957810753000,0,4.24514123,495.1900
1623957810753000,0,3.35462144,495.2000
1623957810890000,0,7.60000000,495.2000
1623957811187000,0,10.39210000,495.2000
1623957812831000,0,5.17938062,495.2000
1623958314228000,0,0.94000000,495.0800
1623958325257000,0,0.94000000,495.5400
1623958343280000,0,0.79550000,495.7700
1623958500296000,0,0.06516847,495.1700
1623958883631000,0,1.00334582,496.1400
1623958958369000,0,0.04012743,495.9200
1623958961432000,1,0.08023435,495.6200
1623958965902000,0,1.47987257,495.9200
1623958965902000,0,0.31783743,495.9200
1623959013633000,0,0.00000668,495.9200
1623959024305000,1,4.23470000,496.0000
1623959238206000,0,4.24705000,495.1200
1623959562450000,1,0.75938943,494.4000
1623960141211000,1,1.71440000,492.4700
1623960141758000,1,7.60000000,492.4600
1623960141807000,1,7.60000000,492.4500
1623960141889000,1,8.11850000,492.4600
1623960155680000,1,0.94000000,491.6500
1623960158473000,0,1.39560000,491.7800
1623960177872000,0,0.41052151,491.6600
1623960221742000,1,2.03410000,491.3300
1623960221924000,1,0.00000799,491.3300
1623960221924000,1,5.08552201,491.3100
1623960387015000,1,0.99044667,491.6300
1623960541747000,0,0.66953000,493.8900
1623960547096000,0,0.00000417,493.8900
1623960600338000,0,0.06025649,494.8500
1623960605166000,0,1.00000000,494.7200
1623960625692000,0,0.27410000,494.6300
1623960730657000,1,4.23649000,495.7900
1623960776895000,0,2.01520000,496.5200
1623960776917000,0,0.00007166,496.5200
1623960807673000,1,4.23044000,496.5500
1623960808473000,1,0.00000979,496.5500
1623961264487000,1,2.02390000,493.7600
1623961264558000,1,0.00008526,493.7600
1623961264558000,1,5.05981474,493.7500
1623961264911000,1,0.00017247,493.7500
1623961288569000,0,1.52000000,493.9000
1623961288569000,0,2.15630000,493.9800
1623961680270000,0,1.02080888,494.8400
1623962258964000,1,0.20200584,491.7600
1623962542261000,1,1.52000000,492.9500
1623962542261000,1,4.25988263,492.9300
1623962542261000,1,1.52000000,492.8000
1623962542261000,1,8.53957881,492.7800
1623962542261000,1,2.53289895,492.7500
1623962581941000,0,2.02770000,493.4300
1623962582095000,0,0.00005185,493.4300
1623962582266000,0,3.12430000,493.4000
1623962582268000,0,7.60000000,493.4000
1623962582272000,0,6.70862431,493.4000
1623962582288000,0,5.06910000,493.4400
1623962582604000,0,0.00000200,493.4400
1623962582739000,0,11.00000000,493.6100
1623962582784000,0,2.17819718,493.6100
1623963000289000,0,0.05999518,495.8700
1623963027281000,0,0.09530531,495.8800
1623963087217000,1,4.23798593,495.4800
1623963605385000,1,1.52000000,494.6700
1623963605889000,1,1.52000000,494.6800
1623963720299000,0,1.52000000,494.3200
1623963720299000,0,8.14678928,494.3400
1623963720299000,0,2.07320476,494.3500
1623963810674000,0,1.52000000,493.9700
1623963810674000,0,2.73469000,493.9900
1623964213612000,0,0.11055879,493.6200
1623964251984000,0,1.00543915,493.3800
1623964440277000,0,0.06019216,493.1300
1623964844799000,0,0.94000000,493.9600
1623965129155000,0,0.42108664,495.2000
1623965919563000,0,0.48830000,495.8000
1623965937241000,1,4.23728915,495.3200
1623965937241000,1,3.47322614,495.2200
1623966623940000,1,0.85618682,497.0000
1623966671234000,1,0.08594100,497.0600
1623966756650000,0,0.09740000,497.3500
1623966909297000,0,0.05988352,497.2000
1623966935967000,0,0.50000000,497.2000
1623967053599000,0,0.05840000,497.4700
1623967440295000,0,0.18567643,497.0700
1623967442187000,0,0.32000000,497.0700
1623967749104000,0,0.09770000,495.8500
1623967804236000,0,0.09760000,496.1200
1623968099535000,0,0.94000000,495.7000
1623968181959000,0,0.94000000,496.2800
1623968197639000,0,0.94000000,497.0500
1623968224275000,0,0.07790000,497.2500
1623968315198000,0,0.09740000,497.1800
1623968478329000,0,0.36110000,496.1400
1623968506190000,1,2.01768000,495.2800
1623968562550000,1,0.19478373,495.0200
1623968636333000,0,0.10393697,495.6400
1623968909140000,1,0.16200000,496.8000
1623969539455000,0,4.24000000,494.4500
1623970069069000,0,0.94000000,496.3800
1623970175227000,0,0.94000000,497.6500
1623970184042000,0,0.94000000,498.0200
1623970628248000,0,0.94000000,497.5100
1623970646076000,1,0.88078706,497.7100
1623970646814000,1,0.63921294,497.7100
1623970646814000,1,0.24157412,497.7100
1623970689376000,1,0.41722597,497.7600
1623970714111000,0,0.94000000,498.7400
1623970862603000,0,4.21462000,498.4600
1623970870350000,0,0.94000000,499.3000
1623970871345000,0,2.00306468,499.8200
1623970871345000,0,5.00749532,499.8200
1623970871536000,0,0.00000721,499.8200
1623971007704000,0,0.94000000,500.5100
1623971012059000,0,2.79000000,500.7500
1623971012059000,0,0.94000000,500.7500
1623971133948000,1,0.15100000,501.1700
1623971144003000,1,0.15090000,501.1300
1623971169870000,1,0.07540000,501.1800
1623971181969000,0,0.05790000,501.6000
1623971389977000,0,0.13000000,502.0700
1623971402916000,0,0.37983613,502.2600
1623971419489000,0,1.99312521,502.0100
1623971516778000,0,0.87100000,501.8800
1623971813801000,0,2.92000000,501.0300
1623972313644000,0,0.09180000,500.9700
1623972479873000,1,4.18981000,500.7000
1623972480158000,1,1.99643320,500.5900
1623972480432000,1,1.99639000,500.5700
1623972511875000,0,4.19877000,500.1300
1623972562523000,0,0.00000955,500.1300
1623972592588000,0,1.99806000,500.7600
1623972766969000,0,4.20000000,499.9300
1623973560287000,0,4.19371000,500.8200
1623973621876000,0,4.19182000,501.1300
1623973638758000,0,0.00000023,501.1300
1623973683527000,0,4.18868798,501.8900
1623973683527000,0,1.52000000,501.8900
1623973683527000,0,3.99953118,501.9900
1623973683527000,0,1.22442616,502.0000
1623973778148000,0,4.18072000,502.2500
1623973800082000,0,0.00000920,502.2500
1623973800082000,0,0.06664883,502.5300
1623973800082000,0,3.24334197,502.6100
1623973805409000,0,1.52000000,502.6300
1623973875127000,1,0.13777300,503.1100
1623974064855000,0,4.17361000,503.1900
1623974140352000,1,1.98581433,503.1800
1623974140352000,1,2.11574567,503.1800
1623974311381000,0,4.17000000,502.6100
1623974345043000,0,4.02000000,502.8200
