timestamp ms,type,amount,price
1621641675289000,1,0.06894410,566.81
1621641676305000,1,0.09753807,567.08
1621641782647000,1,1.98000000,562.69
1621641784281000,0,0.16676364,562.73
1621641853213000,1,1.25000000,558.72
1621641911423000,0,0.08912473,555.25
1621641958902000,1,1.98000000,552.34
1621641998876000,0,3.74060000,549.47
1621642003709000,0,1.25000000,549.81
1621642015976000,0,3.73746000,550.91
1621642054946000,0,1.98000000,553.26
1621642059256000,0,11.80000000,553.18
1621642061500000,0,3.71532000,553.28
1621642254392000,0,1.00000000,551.18
1621642296671000,0,3.22061000,550.59
1621642296774000,0,0.51114000,550.59
1621642319099000,0,3.73337000,550.19
1621642332605000,0,1.45409063,549.59
1621642402663000,1,1.98000000,547.59
1621642459779000,0,0.07413545,548.42
1621642471144000,1,1.98000000,547.23
1621642492173000,1,0.04600000,546.68
1621642492173000,1,1.98000000,546.68
1621642519912000,1,1.98000000,545.28
1621642522215000,0,3.76453000,545.70
1621642558279000,1,1.98000000,544.53
1621642753380000,0,0.05320000,545.74
1621642801483000,0,0.09087587,547.45
1621643029692000,1,1.98000000,544.93
1621643136589000,1,3.72751000,550.08
1621643139560000,1,0.00000457,550.08
1621643139560000,1,3.73132543,549.57
1621643150095000,1,3.50000000,550.95
1621643150196000,1,0.22352000,550.95
1621643160282000,0,0.95960377,552.37
1621643165838000,1,0.00000708,550.95
1621643254892000,1,3.71820000,551.55
1621643259968000,1,0.00000032,551.55
1621643259968000,1,3.71877968,551.54
1621643264761000,1,3.72047000,551.12
1621643278286000,1,1.98000000,551.13
1621643293337000,1,0.00000676,549.57
1621643293337000,1,4.00000000,549.47
1621643386298000,0,1.98000000,547.00
1621643386298000,0,0.02000000,547.03
1621643567602000,1,3.69902000,554.56
1621643568601000,1,3.69970000,554.09
1621643590914000,1,3.70107000,554.21
1621643608304000,1,3.70211000,553.51
1621643608455000,0,1.00902284,554.46
1621643637708000,1,3.69637000,554.93
1621643705232000,0,0.14717100,553.12
1621643878125000,0,3.74520000,548.96
1621643905618000,0,3.80000000,548.75
1621643931531000,0,3.74550000,548.91
1621644003452000,1,1.25000000,549.76
1621644164072000,1,3.70082000,554.58
1621644190345000,1,3.69220000,555.77
1621644201402000,1,0.00000917,554.58
1621644292582000,1,3.68693000,556.59
1621644297648000,1,0.00000708,556.59
1621644297807000,1,3.68834000,556.47
1621644392087000,0,1.98000000,560.47
1621644418049000,0,1.98000000,561.79
1621644420206000,1,3.65588000,561.26
1621644420237000,1,0.00000467,561.26
1621644430119000,1,3.65840000,560.81
1621644451921000,0,1.98000000,562.68
1621644460579000,0,1.98000000,563.72
1621644470203000,0,1.98000000,563.78
1621644481219000,1,3.64348000,563.04
1621644581724000,1,3.62423000,565.98
1621644675038000,0,0.26206000,566.96
1621644688736000,0,0.00000659,566.96
1621644833535000,1,3.61681000,566.88
1621644900795000,0,1.98000000,565.01
1621644900795000,0,1.02000000,565.04
1621645033712000,0,0.17675827,564.33
1621645067966000,1,4.00000000,564.92
1621645521719000,0,3.65687000,561.91
1621645556417000,0,3.66294000,560.92
1621645805898000,0,1.06140000,563.10
1621645822410000,0,0.44058479,561.54
1621645891168000,0,3.67127000,559.63
1621646080656000,0,3.70189000,555.29
1621646338137000,0,3.70033000,555.57
1621646560983000,1,3.66481000,559.68
1621646718532000,0,1.98000000,566.89
1621646718977000,1,3.62953226,566.29
1621646772460000,0,0.03584159,566.10
1621646798633000,0,0.21110000,566.23
1621647012889000,1,3.59877484,570.04
1621647012889000,1,0.57076361,569.73
1621647276807000,1,7.30084000,571.13
1621647430397000,0,3.40000000,570.31
1621647430397000,0,0.09144306,570.32
1621647446656000,0,0.05217103,572.16
1621647500512000,0,3.60160000,570.51
1621647500694000,0,0.00000271,570.51
1621647500694000,0,7.10560729,570.73
1621647510950000,0,0.44000000,571.52
1621647549963000,0,3.60321000,570.22
1621647553244000,0,0.00000170,570.22
1621647553244000,0,3.60320830,570.22
1621647561544000,0,0.00000340,570.22
1621647561544000,0,3.60098660,570.57
1621647628599000,0,3.60026000,571.42
1621647640422000,0,3.60205000,570.58
1621647640748000,0,0.00000992,570.58
1621647709905000,0,3.60033000,570.66
1621647787823000,0,0.03584000,568.08
1621647789983000,0,0.00000159,568.08
1621648052516000,0,4.30291482,566.58
1621648052516000,0,3.62700428,566.59
1621648052516000,0,11.50000000,566.65
1621648052516000,0,1.16780000,566.93
1621648052516000,0,15.38820762,566.95
1621648063448000,1,1.98000000,565.32
1621648079923000,0,3.63369000,565.63
1621648135145000,0,3.64110000,564.24
1621648135158000,0,0.00000206,564.24
1621648450386000,0,1.70830000,562.60
1621648451680000,1,1.98000000,561.72
1621648513523000,0,0.05296003,561.09
1621648545634000,1,5.98000000,560.66
1621648552181000,1,1.98000000,560.48
1621648636338000,0,1.25000000,560.61
1621648770037000,1,1.98000000,560.25
1621648775791000,0,3.66720000,560.19
1621648776251000,0,0.00000727,560.19
1621648776251000,0,3.66551273,560.46
1621648874631000,0,7.96000000,563.25
1621648877686000,0,1.98000000,564.38
1621648942440000,1,0.18238529,561.00
1621649108886000,0,0.08838473,562.88
1621649385817000,0,0.91923417,568.84
1621649419744000,0,0.03563045,570.54
1621649439065000,0,0.17368479,571.39
1621649659575000,0,1.68680000,569.67
1621649793174000,0,0.06213141,568.59
1621650136864000,0,0.03563000,569.00
1621650137477000,0,0.00000045,569.00
1621650160849000,1,3.60236000,569.35
1621650166778000,1,3.60172000,569.56
1621650480963000,1,1.98000000,570.40
1621650481087000,1,1.25000000,570.40
1621650519744000,0,7.02937000,573.18
1621650545825000,0,0.00001129,574.29
1621650545825000,0,0.03998871,574.48
1621650549550000,0,0.00001129,574.48
1621650623964000,1,1.98000000,569.67
1621650624068000,1,7.56794000,569.63
1621650817024000,0,0.17490059,566.67
1621650831062000,0,1.21000000,566.08
1621651053914000,0,0.08879796,563.78
1621651137002000,1,1.98000000,559.72
1621651253254000,1,1.98000000,558.26
1621651283378000,1,1.98000000,557.22
1621651285621000,1,0.20000000,557.85
1621651335014000,1,1.98000000,555.92
1621651671847000,0,0.05750454,559.06
1621651724209000,0,0.37265591,559.19
1621651798674000,1,1.98000000,557.83
1621651801806000,1,1.98000000,557.11
1621651814594000,0,0.36771000,555.97
1621651820014000,0,0.00000194,555.97
1621651886014000,1,1.98000000,554.66
1621651890602000,1,3.70011000,554.28
1621651897519000,1,0.00000225,554.28
1621651994417000,1,0.36978966,553.97
1621652181093000,1,0.17675827,556.10
1621652462182000,1,12.55948000,556.30
1621652462290000,0,0.06130465,557.15
1621652673967000,1,48.60224000,556.97
1621652800671000,1,22.50000000,558.79
1621652833815000,0,0.08454080,559.02
1621652913098000,1,3.66000000,560.69
1621652998869000,0,0.05710000,561.20
1621653020467000,1,3.66296000,560.07
1621653132900000,1,7.15095000,560.55
1621653137650000,1,3.66198000,559.60
1621653171006000,1,7.90000000,558.28
1621653211146000,1,1.98000000,559.08
1621653214057000,1,21.62411000,558.79
1621653214216000,1,3.50000000,558.79
1621653214274000,1,2.96902000,558.79
1621653217884000,1,1.20000000,558.28
1621653326069000,1,0.22810145,555.58
1621653326113000,1,1.75189855,555.58
1621653326113000,1,3.69321594,555.56
1621653328862000,1,1.25000000,555.29
1621653329529000,1,0.73000000,555.29
1621653336161000,0,4.00000000,554.33
1621653381834000,0,0.11404095,550.30
1621653405419000,0,0.20000000,550.78
1621653440181000,0,0.35231985,548.49
1621653474031000,1,1.10098000,546.35
1621653503742000,0,13.72068204,545.60
1621653510257000,1,3.76000000,544.61
1621653510271000,1,0.00467633,544.61
1621653520945000,1,3.76467633,544.77
1621653528743000,1,0.50000000,543.45
1621653531956000,1,5.59236673,543.32
1621653533838000,1,0.00763327,543.32
1621653567289000,1,2.50000000,543.77
1621653651509000,0,1.00862709,543.86
1621653676085000,0,1.98000000,544.21
1621653699481000,1,3.76505000,545.12
1621653709991000,0,0.80000000,545.99
1621653738121000,1,0.00000493,545.12
1621653739794000,0,4.00000000,544.78
1621653923127000,0,1.98000000,548.66
1621653963122000,1,1.00000000,548.81
1621653986936000,0,1.98000000,545.12
1621654121705000,0,0.89013160,546.15
1621654174600000,0,1.98000000,549.10
1621654195838000,0,3.75516000,547.74
1621654273711000,0,1.51936947,547.45
1621654298108000,0,3.76185000,546.71
1621654344196000,0,1.25000000,548.98
1621654344462000,0,0.72999999,548.98
1621654344506000,0,0.00000001,548.98
1621654344506000,0,5.53873246,549.00
1621654345143000,0,6.36126754,549.00
1621654345323000,0,0.93264873,549.04
1621654345655000,0,1.04735127,549.04
1621654378922000,0,3.73678000,550.03
1621654381721000,0,0.00000179,550.03
1621654381721000,0,3.73737821,550.39
1621654410966000,1,1.98000000,548.24
1621654425705000,0,3.75285000,548.37
1621654442582000,0,3.75677000,547.19
1621654442674000,0,0.00000160,547.19
1621654552185000,1,17.33036368,549.00
1621654552185000,1,20.10358266,548.99
1621654552324000,1,1.25000000,548.99
1621654552627000,1,0.69822752,548.99
1621654552711000,1,30.15963982,548.99
1621654585730000,1,1.98000000,546.29
1621654596733000,0,0.18122021,547.46
1621654601763000,0,0.18105195,546.66
1621654714535000,1,1.98000000,545.53
1621654744623000,1,1.98000000,541.44
1621654754574000,1,1.98000000,540.64
1621654762607000,1,1.98000000,540.92
1621654847304000,0,1.30000000,538.81
1621654847304000,0,10.90000000,538.82
1621654882993000,1,1.98000000,538.62
1621654883216000,1,4.00000000,538.56
1621654890531000,1,5.27301136,537.96
1621654890615000,1,6.82698864,537.96
1621654893140000,0,4.00000000,538.46
1621654931033000,0,2.30000000,538.81
1621654936094000,0,3.81640000,539.75
1621654947127000,0,1.25000000,539.61
1621654947144000,0,0.09276608,539.61
1621654952241000,0,3.80977000,541.00
1621654952663000,1,0.07500000,540.03
1621654952663000,1,1.30000000,540.03
1621654952663000,1,10.72500000,540.02
1621654954466000,0,0.00000801,541.00
1621655034768000,0,3.81562000,539.18
1621655035182000,0,12.10000000,539.31
1621655068404000,1,2.00000000,535.60
1621655242747000,0,1.98000000,539.39
1621655243285000,0,1.98000000,539.51
1621655252972000,0,12.00000000,540.14
1621655254405000,1,3.80185606,539.58
1621655256695000,1,1.98000000,539.58
1621655263851000,1,1.22782000,540.58
1621655272132000,1,1.22838000,540.28
1621655321393000,1,7.00000000,540.56
1621655321486000,1,16.50000000,540.56
1621655415035000,1,1.22000000,542.24
1621655415711000,1,0.00394000,542.24
1621655415711000,1,1.98000000,542.23
1621655432286000,0,1.98000000,542.23
1621655457358000,0,0.27715489,543.85
1621655463936000,1,3.78082000,542.79
1621655489545000,1,1.98000000,540.79
1621655490901000,1,1.34000000,540.33
1621655490905000,1,1.25000000,540.33
1621655490914000,1,1.21000000,540.33
1621655490914000,1,3.79152426,540.31
1621655495485000,0,1.98000000,539.78
1621655532272000,1,3.80952000,538.62
1621655722207000,0,1.98000000,537.54
1621655783589000,0,1.98000000,540.67
1621655792976000,1,3.29937000,539.08
1621655793909000,0,0.33220000,539.64
1621655793961000,0,1.64780000,539.64
1621655793961000,0,3.86194445,539.66
1621655938051000,0,12.10000000,541.97
1621655961906000,0,1.25000000,542.80
1621656053667000,0,0.20000000,545.15
1621656061631000,0,1.98000000,545.32
1621656063049000,0,1.98000000,545.74
1621656099238000,0,1.98000000,546.60
1621656174016000,0,3.76685000,545.63
1621656193405000,1,1.98000000,543.03
1621656229819000,0,0.09142473,542.66
1621656256406000,1,1.98000000,540.28
1621656327420000,0,1.98000000,542.79
1621656397945000,0,1.98000000,544.62
1621656416148000,1,3.76815000,544.36
1621656453297000,1,1.98000000,544.13
1621656510725000,1,3.76027000,545.34
1621656517201000,1,3.75728000,545.78
1621656524835000,1,0.00000754,545.78
1621656524835000,1,3.75924246,545.67
1621656540587000,1,0.00000912,545.67
1621656540587000,1,0.00000146,545.34
1621656540587000,1,3.76025942,545.34
1621656600344000,0,0.08332250,544.19
1621656655354000,0,1.98000000,543.94
1621656768023000,0,0.53100000,544.09
1621656921760000,1,1.98000000,542.91
1621656993578000,0,0.14110790,541.09
1621657030908000,0,1.98000000,544.39
1621657055148000,0,1.00015556,545.05
1621657119542000,0,1.98000000,543.16
1621657200263000,0,0.08365781,541.60
1621657217289000,0,0.45777229,540.73
1621657218263000,0,1.98000000,540.64
1621657331594000,1,1.98000000,538.40
1621657331921000,0,1.00000000,538.96
1621657405481000,0,0.90689000,535.36
1621657419770000,1,3.83000000,535.20
1621657425510000,1,1.98000000,534.13
1621657430326000,0,5.18622000,533.34
1621657461386000,1,3.84967000,533.48
1621657468080000,1,1.98000000,533.75
1621657468080000,1,3.84902917,533.73
1621657468080000,1,10.76533021,533.51
1621657468080000,1,1.98000000,533.50
1621657468080000,1,0.00000607,533.48
1621657468080000,1,1.06151421,533.47
1621657481158000,1,3.83588000,535.35
1621657481911000,1,0.00000859,535.35
1621657482458000,1,3.00000000,534.86
1621657514230000,0,1.98000000,534.68
1621657557490000,1,3.84783000,533.78
1621657567313000,1,0.51000000,532.84
1621657611065000,1,3.85366224,532.66
1621657647935000,1,1.00000000,530.64
1621657650463000,1,1.41000000,530.00
1621657650463000,1,1.98000000,530.00
1621657652508000,1,3.86924228,529.78
1621657672780000,0,0.09347147,531.42
1621657680365000,0,0.18510555,531.00
1621657689073000,1,1.25000000,529.04
1621657707457000,1,1.27284554,527.90
1621657723829000,1,3.88756626,528.33
1621657766260000,1,3.86000000,530.79
1621657771071000,1,3.86000000,530.58
1621657780992000,0,1.98000000,530.00
1621657807426000,1,3.87209000,530.04
1621657816554000,1,0.62000000,528.87
1621657818994000,0,4.50000000,529.03
1621657822551000,0,3.00000000,529.19
1621657822691000,0,4.00000000,529.20
1621657847080000,1,3.88960000,527.28
1621657847376000,1,0.00000137,527.28
1621657866697000,0,4.00000000,526.52
1621657866787000,0,3.33507000,526.51
1621657903124000,0,4.50000000,527.10
1621657903215000,0,6.00000000,527.10
1621657903319000,0,1.90000000,527.10
1621657913031000,0,6.60000000,526.72
1621657913131000,0,4.50000000,526.72
1621657963466000,1,2.60405193,529.99
1621657974452000,1,3.86589000,530.92
1621658022685000,0,11.80000000,526.01
1621658031106000,1,1.98000000,525.02
1621658031844000,1,2.00000000,525.00
1621658034299000,0,4.51529000,524.86
1621658044497000,1,1.98000000,523.46
1621658044497000,1,2.02000000,522.85
1621658053161000,1,3.90671000,525.07
1621658137357000,1,3.90339000,525.62
1621658138980000,1,0.00000649,525.62
1621658153753000,0,6.50000000,525.00
1621658169338000,0,1.84070000,525.00
1621658170062000,0,1.25000000,525.00
1621658170118000,0,39.10920307,525.00
1621658170699000,0,21.30009693,525.00
1621658177174000,0,0.95612354,526.02
1621658286740000,0,0.80000000,523.06
1621658341118000,1,3.92527000,522.87
1621658354804000,1,0.00000811,522.87
1621658380736000,1,3.92561000,522.75
1621658384847000,0,1.98000000,522.48
1621658421842000,1,3.92583000,521.71
1621658471096000,0,0.50000000,523.44
1621658487507000,1,3.92513000,522.91
1621658510121000,1,3.92024000,523.63
1621658520985000,1,3.91805000,523.96
1621658521620000,1,0.00000679,523.96
1621658521620000,1,0.00000634,523.63
1621658521620000,1,3.92022687,523.63
1621658531230000,1,0.00001947,523.63
1621658576542000,1,3.92181000,523.24
1621658578803000,1,0.00000417,523.24
1621658598965000,0,1.98000000,524.63
1621658611425000,1,14.10690858,523.93
1621658615858000,1,3.91492000,524.28
1621658617440000,1,0.00000842,524.28
1621658617440000,1,3.91755158,523.90
1621658620864000,1,0.00000876,523.90
1621658620864000,1,3.92118124,523.52
1621658620987000,1,0.00001509,523.52
1621658632552000,1,0.00000282,522.91
1621658723073000,1,1.98000000,517.65
1621658732541000,0,6.24894000,516.29
1621658743935000,0,4.10691000,516.69
1621658746131000,1,1.98000000,515.84
1621658747847000,1,0.16002000,515.50
1621658748691000,1,0.16002000,515.48
1621658748724000,1,0.00000181,515.48
1621658752115000,1,1.98000000,514.34
1621658766050000,0,16.00000000,516.40
1621658766132000,0,10.00000226,516.18
1621658792451000,1,3.96851000,516.88
1621658792724000,1,0.00000562,516.88
1621658800808000,0,0.19155540,517.02
1621658853559000,0,0.20121060,518.32
1621658876210000,1,3.97427000,516.50
1621658905406000,0,1.98000000,518.93
1621658929495000,0,1.53861948,518.04
1621658929672000,0,0.05377963,518.04
1621658964884000,1,1.25000000,512.33
1621658964922000,1,3.75000000,512.33
1621658972806000,0,5.50000000,511.25
1621658982256000,1,4.00444000,511.91
1621658989278000,1,0.00000238,511.91
1621659031934000,0,11.00000000,510.71
1621659033966000,1,1.47000000,510.00
1621659034491000,1,1.98000000,509.26
1621659034491000,1,4.00000000,509.05
1621659034491000,1,4.02380868,509.04
1621659034491000,1,4.02566862,508.70
1621659034491000,1,7.79246994,507.92
1621659034491000,1,4.03022397,507.91
1621659034491000,1,10.13375551,507.55
1621659068090000,0,1.29015000,509.62
1621659079091000,0,1.10786000,511.25
1621659079376000,0,0.00000640,511.25
1621659095933000,0,0.36455528,512.46
1621659185863000,0,0.19306889,514.51
1621659201419000,0,0.09633247,516.64
1621659222945000,0,0.50000000,516.58
1621659235581000,1,3.98403000,515.20
1621659260522000,1,3.98971000,513.73
1621659261321000,1,0.00000347,513.73
1621659355144000,1,3.96059000,518.10
1621659436400000,1,3.95504000,519.13
1621659444937000,0,0.17773610,519.25
1621659454756000,0,1.80226390,519.25
1621659454756000,0,2.01784295,519.33
1621659455085000,0,5.50000000,519.34
1621659458272000,1,3.95927000,518.49
1621659502601000,0,1.98000000,521.77
1621659525371000,1,3.93970000,520.06
1621659528831000,1,0.00000040,520.06
1621659573232000,0,7.94748000,523.43
1621659603419000,0,1.25000000,521.40
1621659603754000,0,5.45000000,521.40
1621659611430000,0,0.19004163,522.47
1621659614406000,0,11.40000000,522.43
1621659637122000,0,0.40000000,525.00
1621659709822000,0,0.09415905,527.11
1621659715843000,0,0.18839674,526.96
1621659744542000,0,0.56608206,525.18
1621659821200000,0,1.98000000,525.28
1621659821200000,0,0.30000000,525.29
1621659821200000,0,3.91602127,525.30
1621659821200000,0,1.98000000,525.46
1621659821200000,0,3.91419847,525.61
1621659821200000,0,7.85998396,525.72
1621659821200000,0,17.76076116,525.73
1621659847308000,1,2.74000000,523.27
1621659853612000,0,0.18901383,523.26
1621659906652000,1,1.98000000,519.87
1621659927869000,1,1.98000000,517.50
1621659947056000,1,7.23989000,516.09
1621660012247000,1,1.98000000,514.48
1621660037630000,1,1.98000000,514.37
1621660037630000,1,3.02000000,514.34
1621660082446000,0,4.01234000,513.18
1621660086002000,0,12.70000000,513.31
1621660086525000,0,4.00778000,513.36
1621660090479000,0,4.00642000,513.84
1621660133256000,0,1.00000000,514.90
1621660177190000,0,49.85201000,517.00
1621660177560000,0,39.69986777,517.00
1621660178080000,0,39.66719009,517.00
1621660178175000,0,49.61851000,517.00
1621660178413000,0,63.72000000,517.00
1621660178616000,0,39.65680646,517.00
1621660179156000,0,5.74863667,517.00
1621660179176000,0,5.74863667,517.00
1621660179177000,0,39.65743786,517.00
1621660179523000,0,13.03090448,517.00
1621660193600000,0,1.00000000,516.78
1621660285504000,0,0.09655150,512.28
1621660291613000,0,4.02228000,511.67
1621660291932000,0,12.80000000,511.69
1621660351061000,0,0.29186653,509.81
1621660367452000,0,4.04057000,509.95
1621660402689000,0,0.10000000,509.66
1621660435700000,0,0.19495392,508.07
1621660467317000,0,1.98000000,511.21
1621660477868000,0,0.10800000,510.95
1621660530716000,0,0.09665492,512.77
1621660530821000,1,0.80000000,511.96
1621660600014000,0,1.00989000,508.15
1621660603180000,0,0.00000152,508.15
1621660603180000,0,0.50699251,508.86
1621660634096000,0,0.19042359,508.86
1621660648215000,1,1.98000000,508.41
1621660648215000,1,1.30544000,508.39
1621660648215000,1,0.71456000,508.38
1621660704703000,0,0.30000000,508.79
1621660745001000,1,4.04781000,506.01
1621660767610000,1,1.98000000,505.20
1621660781173000,1,1.38000000,505.00
1621660781683000,1,0.00421782,505.00
1621660800692000,1,4.00000000,504.51
1621660800692000,1,0.24244757,504.50
1621660849362000,0,0.97425295,509.29
1621660875116000,0,0.18322284,508.75
1621660901063000,1,0.31323664,504.80
1621660907467000,0,0.19114428,506.43
1621660908034000,1,1.00000000,505.07
1621660942837000,0,0.09500000,503.59
1621660944053000,1,1.98000000,502.13
1621660956812000,1,4.08387000,501.48
1621660961170000,1,0.48574850,501.00
1621660965230000,0,0.05952974,501.43
1621660991711000,1,1.04334378,503.25
1621661010262000,0,3.80000000,502.99
1621661015218000,1,0.05750000,500.50
1621661023397000,1,1.00000000,500.00
1621661023397000,1,0.50000000,500.00
1621661023397000,1,0.19900000,500.00
1621661025801000,0,1.77635715,500.66
1621661046994000,0,0.11600000,502.22
1621661063699000,0,0.09905089,499.76
1621661079119000,0,1.81999771,499.07
1621661082708000,1,4.12092189,497.84
1621661082871000,0,4.87907811,497.29
1621661105344000,1,4.12143000,497.21
1621661105516000,1,16.08686411,497.21
1621661115268000,0,0.64991681,497.51
1621661135883000,0,0.11978855,499.02
1621661141865000,1,1.33651000,496.57
1621661141865000,1,4.12268145,496.56
1621661141865000,1,5.30390351,496.55
1621661184085000,0,1.98000000,499.76
1621661189120000,0,1.98000000,500.60
1621661189120000,0,2.45567895,500.62
1621661197021000,0,0.14339314,500.63
1621661212285000,0,0.19969570,499.51
1621661213529000,0,3.91657000,499.51
1621661215763000,0,0.00000776,499.51
1621661222474000,0,0.11747418,500.26
1621661244182000,0,0.39402517,503.23
1621661297591000,0,0.09858260,501.89
1621661339423000,0,0.20333756,499.54
1621661376554000,1,1.98000000,495.24
1621661377171000,1,1.67369606,495.01
1621661415005000,1,4.00000000,495.01
1621661417575000,1,2.20000000,495.01
1621661417575000,1,0.19980000,495.00
1621661417575000,1,7.79020000,495.00
1621661417993000,1,1.19218126,495.00
1621661421693000,0,0.50000000,495.67
1621661422086000,1,1.01000000,495.00
1621661422808000,1,0.00761874,495.00
1621661423758000,0,0.20006769,495.25
1621661435034000,0,1.00000000,494.42
1621661455264000,0,32.14374000,497.57
1621661456023000,0,0.00000370,497.57
1621661467933000,0,0.49367896,501.50
1621661476604000,1,0.34416041,499.85
1621661521621000,0,0.23589910,500.80
1621661521944000,0,0.14140000,500.80
1621661523492000,0,1.23188000,500.35
1621661525566000,0,0.00000485,500.35
1621661533880000,1,0.41954090,501.35
1621661543938000,0,3.42128000,503.00
1621661558517000,0,0.00000919,503.00
1621661558577000,0,0.09848089,504.00
1621661571035000,0,2.06781130,505.12
1621661624733000,1,1.00000000,509.09
1621661646900000,0,4.00000000,510.29
1621661646900000,0,6.44401332,510.30
1621661720619000,0,0.22256733,511.88
1621661723656000,0,0.09708099,512.40
1621661745123000,0,0.62812527,513.67
1621661748223000,0,0.09657569,513.54
1621661755160000,0,1.98000000,514.38
1621661755160000,0,0.40053859,514.40
1621661755160000,0,0.40006847,514.76
1621661755160000,0,0.40000000,514.79
1621661755160000,0,2.87364309,514.80
1621661769107000,1,9.00000000,512.31
1621661769129000,1,1.10000000,512.31
1621661771616000,0,0.40109774,512.48
1621661771616000,0,0.08104100,512.83
1621661776731000,0,0.09644832,512.46
1621661794886000,0,0.40161000,511.96
1621661801038000,0,0.00000169,511.96
1621661801038000,0,0.40099831,511.96
1621661803558000,1,0.07543488,511.32
1621661820451000,0,0.40170732,512.47
1621661820451000,0,0.40147278,512.76
1621661820603000,0,0.40170000,512.47
1621661821097000,0,0.64787795,514.76
1621661822808000,0,0.10000000,516.91
1621661822808000,0,0.67524038,516.92
1621661835666000,0,0.05778381,516.25
1621661954977000,1,4.60224000,509.66
1621661955046000,1,2.36124000,509.66
1621661963867000,0,0.69900000,510.79
1621661965106000,0,1.30100000,510.79
1621661982287000,0,0.07750321,513.34
1621662012495000,0,7.70215000,514.03
1621662012739000,0,0.08358676,515.30
1621662039607000,0,0.44080185,513.11
1621662039607000,0,0.55369815,513.12
1621662082819000,1,1.98000000,509.83
1621662107399000,0,0.97070848,511.92
1621662118636000,0,0.09685487,510.61
1621662152260000,1,4.70000000,510.70
1621662233631000,0,42.33809000,510.00
1621662233725000,0,1.66191000,510.00
1621662286415000,1,0.09912635,512.10
1621662286631000,0,0.21243841,513.42
1621662335927000,1,0.17000000,516.08
1621662399358000,0,0.18036624,519.23
1621662399358000,0,0.08500512,519.23
1621662399358000,0,1.66101751,519.24
1621662425673000,0,1.66101000,519.23
1621662436119000,0,0.04052868,524.32
1621662460264000,0,1.86511000,525.00
1621662472186000,0,1.98000000,524.98
1621662482597000,0,1.98000000,524.98
1621662547156000,0,1.98000000,523.86
1621662547156000,0,0.78428066,523.88
1621662547156000,0,1.98000000,524.21
1621662547156000,0,0.07500000,524.21
1621662547156000,0,2.60119284,524.22
1621662576416000,0,0.09440846,524.62
1621662622590000,0,0.05682849,522.85
1621662641100000,1,1.98000000,522.83
1621662642900000,1,3.92105000,522.78
1621662655609000,1,3.91941000,523.12
1621662660654000,1,0.00000234,523.12
1621662673072000,0,3.70651791,521.91
1621662684428000,1,1.25000000,521.64
1621662684513000,1,2.67639481,521.64
1621662689029000,1,3.12265000,522.11
1621662705981000,1,3.92304000,522.69
1621662706416000,1,3.92562000,522.35
1621662716231000,1,0.00000487,522.35
1621662730236000,0,0.10990000,522.16
1621662733223000,0,0.21820594,522.49
1621662738222000,1,3.92203000,522.67
1621662768504000,1,3.91734000,522.71
1621662784716000,0,0.00000004,525.00
1621662827881000,0,7.32403099,524.78
1621662827881000,0,3.91468134,524.79
1621662827881000,0,3.91785076,525.17
1621662827881000,0,0.73136449,525.61
1621662828206000,0,1.01929242,524.78
1621662849821000,1,1.98000000,523.05
1621662861331000,0,0.79436339,524.57
1621662868232000,0,3.00000000,525.58
1621662877231000,0,1.00000000,524.82
1621662899815000,1,3.90991000,524.11
1621662900093000,0,1.43397768,524.91
1621662901727000,1,0.00000456,524.11
1621662901727000,1,0.52251221,524.11
1621662929198000,1,3.00000000,523.11
1621662929266000,1,0.92022000,523.11
1621662929334000,1,1.98000000,523.13
1621662944466000,1,1.98000000,521.77
1621662971611000,1,1.00000000,521.73
1621662978005000,0,1.00000000,523.00
1621662993179000,1,3.02255000,522.28
1621663019441000,0,2.84918499,521.64
1621663028072000,0,1.00000000,522.00
1621663029987000,0,0.09492025,523.50
1621663035032000,1,3.92289000,522.55
1621663056518000,0,3.93358724,522.50
1621663056518000,0,6.06641276,522.74
1621663107236000,1,3.93355000,521.04
1621663121778000,0,2.00000000,520.98
1621663129934000,1,1.00000000,520.94
1621663138407000,1,3.93328000,520.59
1621663138931000,1,0.00000231,520.59
1621663138931000,1,3.93351769,520.44
1621663141154000,0,1.89902143,521.21
1621663206748000,1,1.00349844,521.99
1621663226515000,0,1.31782272,522.00
1621663226515000,0,3.93619960,522.25
1621663226515000,0,0.45758144,522.36
1621663240066000,0,1.00000000,525.00
1621663261476000,0,0.28274227,526.69
1621663296705000,1,3.89207000,526.81
1621663303747000,0,0.05642013,526.81
1621663306711000,0,0.09398379,527.33
1621663375213000,0,6.00000000,523.82
1621663377222000,0,1.89078977,523.66
1621663399477000,1,1.98000000,521.19
1621663422820000,1,1.98000000,520.46
1621663424764000,1,1.98000000,520.46
1621663441869000,1,2.00000000,520.20
1621663449953000,0,0.95140003,522.11
1621663462537000,1,4.00000000,521.78
1621663474225000,1,3.93609000,520.05
1621663515251000,1,3.93284000,521.45
1621663526943000,1,0.00000396,521.45
1621663526943000,1,3.93304604,521.45
1621663527257000,1,0.00000467,521.45
1621663527257000,1,3.93527533,521.14
1621663564203000,0,0.42528603,522.66
1621663604179000,1,3.94038000,520.16
1621663608443000,1,0.00000013,520.05
1621663608443000,1,3.94536987,519.86
1621663617598000,1,0.00000807,519.86
1621663642274000,0,0.14323892,518.13
1621663651415000,1,1.98000000,517.23
1621663651415000,1,4.00000000,517.23
1621663651415000,1,3.95712320,517.21
1621663651415000,1,10.06287680,516.75
1621663652003000,1,3.95712000,517.21
1621663655770000,1,1.98000000,517.50
1621663655770000,1,0.10000000,517.49
1621663655770000,1,1.92000000,517.48
1621663680267000,0,0.09361345,518.46
1621663683420000,1,2.04207000,517.48
1621663755208000,1,3.96991949,516.46
1621663767855000,1,3.97267000,515.36
1621663772118000,1,0.00000406,515.36
1621663828501000,0,2.00000000,517.00
1621663857711000,0,0.18783187,517.90
1621663878060000,0,0.19215126,514.90
1621663985149000,0,0.04695461,517.61
1621664007230000,1,1.98000000,514.42
1621664007230000,1,3.75531401,514.40
1621664008217000,0,0.20000000,514.92
1621664037968000,1,0.14875370,513.34
1621664040326000,0,0.19023097,514.54
1621664060967000,0,0.18356329,513.12
1621664093272000,1,0.10110030,512.20
1621664149644000,1,3.98249000,515.10
1621664164545000,0,0.95991503,516.84
1621664172888000,1,3.97502000,515.92
1621664175069000,1,0.00000677,515.92
1621664175069000,1,3.97836323,515.49
1621664180728000,1,0.00000938,515.49
1621664192725000,0,1.00000000,516.46
1621664211498000,1,1.64900000,517.83
1621664245293000,0,0.47834493,518.13
1621664280376000,0,0.08951497,517.61
1621664285280000,0,0.21450487,517.46
1621664364768000,0,1.98000000,516.44
1621664390399000,0,1.98000000,517.56
1621664390399000,0,3.79200000,517.73
1621664393913000,0,0.20000000,517.83
1621664419265000,1,0.20000000,518.00
1621664465183000,0,0.41031554,517.89
1621664508965000,1,3.98001311,514.63
1621664510729000,1,5.00000000,513.63
1621664517673000,0,0.20000000,514.11
1621664519679000,0,0.09602924,513.85
1621664561831000,1,1.98000000,512.95
1621664561831000,1,0.70000000,512.94
1621664561831000,1,2.68315783,512.93
1621664651872000,1,0.10000000,515.80
1621664705530000,0,0.20000000,513.26
1621664714530000,0,0.20000000,512.26
1621664738115000,0,0.19366668,511.31
1621664744095000,0,0.25000000,510.82
1621664748199000,0,0.04000000,511.03
1621664752782000,1,1.00000000,510.00
1621664752782000,1,8.50000000,510.00
1621664752843000,1,8.50000000,510.00
1621664752856000,1,31.77000000,510.00
1621664752891000,1,40.28950851,510.00
1621664752922000,1,4.00000000,510.00
1621664753459000,1,6.94049149,510.00
1621664781839000,0,0.46673000,508.77
1621664782683000,0,0.46600000,508.76
1621664782791000,0,0.00073495,508.76
1621664782822000,0,0.00000495,508.77
1621664804141000,1,1.98000000,508.38
1621664804141000,1,1.60561895,508.36
1621664880567000,0,1.00213742,507.55
1621664914980000,1,1.98000000,504.49
1621664914980000,1,0.12339727,504.47
1621664939019000,0,0.28143818,506.07
1621664951044000,0,0.97908652,508.73
1621664975438000,0,1.98000000,509.73
1621664983115000,0,0.35005000,509.90
1621665011008000,0,0.00000123,509.90
1621665011008000,0,0.23299877,509.91
1621665012861000,0,0.00036871,509.91
1621665013234000,0,0.35005121,509.94
1621665015216000,0,1.98000000,511.70
1621665015216000,0,0.00380000,511.71
1621665083702000,1,4.00110000,512.76
1621665126388000,0,0.11952405,514.48
1621665158616000,0,0.77304367,513.34
1621665181502000,1,2.60000000,511.13
1621665193007000,0,1.22290816,511.72
1621665196928000,0,0.09691919,511.57
1621665249406000,0,0.03922532,508.60
1621665249500000,1,0.80000000,507.55
1621665266436000,0,0.09703477,507.23
1621665280698000,0,1.98000000,506.12
1621665280698000,0,0.92389665,506.14
1621665310178000,0,2.86190000,509.41
1621665472678000,0,6.50000000,516.00
1621665472753000,0,3.00000000,516.00
1621665472853000,0,8.67956000,516.00
1621665472946000,0,6.50000000,516.00
1621665473072000,0,34.84367000,516.00
1621665486180000,1,0.57719320,516.86
1621665585365000,1,0.25000000,517.01
1621665600443000,0,0.08806918,518.51
1621665721188000,0,0.08940000,515.60
1621665766544000,0,0.05665377,515.24
1621665768396000,0,2.00000000,514.74
1621665825667000,1,1.98000000,513.96
1621665825667000,1,1.00000000,513.76
1621665825667000,1,1.36008530,513.75
1621665831682000,0,0.09632100,515.44
1621665868380000,0,0.10000000,517.48
1621665885531000,0,0.09581276,517.18
1621666023484000,0,1.01904476,524.40
1621666074046000,0,1.98000000,526.91
1621666074046000,0,3.66255967,526.96
1621666074069000,0,0.24099231,526.96
1621666074070000,0,3.90168201,527.11
1621666074072000,0,4.00000000,526.94
1621666081896000,0,1.50000000,529.31
1621666096618000,0,1.98000000,530.11
1621666150033000,1,0.69900000,528.33
1621666150174000,1,0.30100000,528.33
1621666159692000,1,0.36455528,527.86
1621666194842000,0,0.07016640,529.38
1621666214313000,0,0.08238853,527.48
1621666234294000,0,0.05633171,527.84
1621666260918000,0,0.09393408,527.83
1621666268230000,0,0.08916981,530.00
1621666291028000,0,0.09125499,529.54
1621666298020000,0,0.09356292,529.94
1621666315246000,0,1.25000000,530.00
1621666315765000,0,3.66083019,530.00
1621666321290000,1,3.87066000,529.47
1621666353733000,0,2.70000000,526.92
1621666353733000,0,6.67923453,526.93
1621666363910000,0,0.55966953,527.74
1621666405178000,1,0.22119000,527.98
1621666414670000,1,0.00000955,527.98
1621666414670000,1,3.88556045,527.87
1621666420845000,1,3.88090000,528.48
1621666425311000,1,0.00000103,528.48
1621666435621000,1,3.88340000,528.14
1621666473865000,0,0.18684461,530.15
1621666512370000,1,9.28095000,528.24
1621666512457000,1,0.41905000,528.24
1621666582068000,0,0.18708713,528.90
1621666587526000,0,0.22933015,529.66
1621666590371000,1,1.98000000,528.82
1621666590371000,1,0.02000000,528.77
1621666613221000,1,1.98000000,527.89
1621666652228000,1,3.87980000,528.33
1621666696583000,0,0.18779012,528.07
1621666716162000,0,0.55339571,528.81
1621666736587000,1,3.88056000,528.41
1621666892692000,1,1.00000000,526.57
1621666907319000,0,0.20634603,529.38
1621666943625000,1,1.98000000,526.30
1621666943625000,1,1.86163425,526.28
1621666944016000,1,1.38421782,526.30
1621666949082000,0,0.10000000,527.96
1621666972265000,0,0.18784333,527.40
1621667142295000,0,1.00000000,522.91
1621667177900000,1,3.92627029,521.32
1621667177900000,1,1.73441315,521.01
1621667177903000,1,2.19560780,521.01
1621667177903000,1,3.46543804,520.72
1621667177944000,1,4.00000000,521.33
1621667192919000,0,1.00000000,521.00
1621667253303000,0,3.00000000,521.96
1621667317946000,0,1.00000000,522.00
1621667349877000,0,1.00000000,523.00
1621667354657000,0,0.09489308,523.10
1621667398194000,1,3.92587000,521.81
1621667400390000,0,0.12938020,522.53
1621667430251000,1,3.91784000,523.22
1621667434910000,0,0.48743772,524.00
1621667439254000,0,0.10413442,524.54
1621667520298000,0,0.48813075,524.36
1621667595036000,0,0.19033098,520.54
1621667615160000,0,0.09521287,520.06
1621667617335000,0,3.50312000,519.75
1621667617429000,0,0.44972000,519.75
1621667629388000,0,0.08309807,519.41
1621667652508000,0,3.96021000,518.75
1621667763760000,0,0.23882235,517.63
1621667764753000,1,1.00000000,516.48
1621667768752000,0,0.04679395,518.30
1621667825385000,0,0.38366503,517.16
1621667851473000,1,3.97337000,516.31
1621667905715000,1,2.06378824,517.65
1621667943070000,1,1.98000000,517.16
1621667943304000,1,3.96876000,517.11
1621668066119000,0,0.95956979,518.01
1621668242466000,0,0.09339635,522.00
1621668327928000,0,0.94550274,524.96
1621668385281000,0,0.56616200,523.34
1621668433904000,0,1.98000000,525.31
1621668480502000,0,0.08460000,526.83
1621668484328000,1,3.83688983,525.64
1621668510037000,1,0.06730000,526.30
1621668510450000,0,0.30007201,527.64
1621668597036000,0,1.98000000,526.20
1621668597036000,0,0.02000000,526.21
1621668725243000,0,5.00000000,528.00
1621668783310000,0,0.19333852,528.66
1621668921360000,1,1.98000000,519.21
1621668939156000,0,0.11450439,520.57
1621668996719000,1,1.98000000,518.36
1621669085374000,1,1.00000000,517.41
1621669099408000,0,0.50000000,518.40
1621669212951000,0,5.00000000,514.91
1621669226005000,0,0.21341753,516.01
1621669246178000,0,0.20202860,514.78
1621669320440000,0,1.98000000,518.93
1621669320440000,0,0.27399588,518.94
1621669505856000,0,12.00000000,524.04
1621669521284000,1,3.91729000,523.38
1621669529665000,1,7.59305000,521.66
1621669546245000,0,1.76225396,522.28
1621669658782000,0,0.18974735,523.65
1621669722651000,0,0.21681941,525.08
1621669747818000,0,4.00254000,525.56
1621669767076000,0,0.09415726,527.40
1621669782875000,1,1.25000000,527.17
1621669880722000,0,6.50000000,527.10
1621669890067000,0,0.39566645,527.92
1621669905427000,1,3.89620000,526.69
1621669937832000,0,0.93900723,529.32
1621669965589000,0,1.98000000,527.92
1621669965589000,0,1.02000000,527.93
1621670030065000,0,0.09395583,528.25
1621670076253000,0,1.98000000,529.59
1621670076253000,0,0.02000000,529.67
1621670115608000,1,3.43485000,529.00
1621670134212000,1,0.00000822,529.00
1621670179167000,0,0.16855273,528.91
1621670194664000,0,0.25000000,529.74
1621670238976000,0,0.16873034,528.79
1621670259347000,0,1.89372409,528.00
1621670263691000,1,1.98000000,527.33
1621670287554000,1,3.89693000,526.42
1621670300924000,1,0.00000084,526.42
1621670317155000,0,2.00000000,526.74
1621670397313000,0,0.14112879,527.96
1621670414878000,0,0.18888573,528.15
1621670421135000,1,3.89081000,527.42
1621670431832000,0,0.09396248,528.40
1621670574727000,0,1.98000000,534.45
1621670622018000,0,0.07500000,533.96
1621670632786000,0,1.98000000,535.11
1621670632786000,0,0.40000000,535.12
1621670632786000,0,3.84645435,535.13
1621670632786000,0,2.60514622,535.36
1621670691766000,0,0.41732512,535.71
1621670704594000,0,0.39137126,536.49
1621670726132000,0,5.11879000,538.00
1621670726255000,0,0.49611000,538.00
1621670726412000,0,0.00000826,538.00
1621670743958000,0,4.23403443,538.00
1621670743958000,0,6.56388843,538.01
1621670743958000,0,3.82167057,538.02
1621670743958000,0,12.10000000,538.12
1621670743958000,0,5.37464983,538.26
1621670751675000,1,0.48338000,536.34
1621670771587000,0,0.96020000,536.58
1621670771587000,0,3.83343753,536.59
1621670771587000,0,0.80963478,536.79
1621670771590000,0,7.39801552,536.79
1621670771593000,0,3.99234970,536.79
1621670771593000,0,1.61092261,536.96
1621670771621000,0,3.83173471,537.18
1621670771621000,0,1.77153760,537.34
1621670771623000,0,2.05652325,537.34
1621670775602000,1,0.17320000,536.59
1621670776337000,1,0.00000324,536.59
1621670778531000,0,1.98000000,537.11
1621670779220000,0,0.06418611,537.49
1621670800522000,0,0.30553394,538.33
1621670861266000,0,0.49934819,537.63
1621670883077000,0,0.11400000,538.70
1621670884417000,0,0.50000000,538.82
1621670902280000,0,3.66511365,541.58
1621670915036000,0,3.80926000,540.34
1621670915483000,0,0.00000474,540.34
1621670937363000,0,3.81654000,538.98
1621670972681000,0,2.00000000,538.76
1621670978327000,0,3.82084000,538.36
1621670983733000,0,1.81781000,538.76
1621671008719000,0,0.09198107,540.52
1621671021704000,0,0.91749808,540.53
1621671048181000,0,0.91885708,540.00
1621671108030000,0,0.18301239,542.69
1621671114026000,0,0.07312810,542.29
1621671164805000,0,1.03621640,541.60
1621671239076000,1,1.22895000,540.03
1621671268003000,0,0.98137684,542.05
1621671360494000,0,0.15224645,542.18
1621671365958000,0,0.98138372,541.83
1621671394211000,0,0.89704763,540.39
1621671433679000,0,0.40954000,542.99
1621671435713000,0,0.00000730,542.99
1621671435713000,0,1.65049657,543.78
1621671485355000,0,1.47000000,544.30
1621671490426000,0,0.16002000,545.69
1621671499394000,0,0.00000181,545.69
1621671500037000,0,6.00000000,546.25
1621671578407000,0,3.78583000,543.64
1621671629207000,0,1.22485761,541.35
1621671635852000,0,10.90000000,540.98
1621671643373000,0,3.80894000,540.52
1621671645955000,1,25.00336000,540.00
1621671646021000,1,17.00000000,540.00
1621671646124000,1,6.00000000,540.00
1621671646202000,1,6.00000000,540.00
1621671646303000,1,3.50000000,540.00
1621671646378000,1,3.00000000,540.00
1621671650918000,1,38.11144369,540.00
1621671652062000,1,1.38519631,540.00
1621671669503000,0,6.50000000,540.39
1621671669774000,0,0.80000000,540.39
1621671704217000,0,0.89260000,542.58
1621671748195000,0,0.07311831,541.48
1621671786777000,0,1.05948997,542.36
1621671787802000,0,0.18347777,542.30
1621671814788000,0,0.70460713,539.84
1621671916479000,0,0.68079870,539.67
1621671925512000,0,0.45926698,539.15
1621671945147000,0,0.89656637,538.85
1621672023636000,0,0.09230551,537.22
1621672070507000,0,3.43485000,539.00
1621672115257000,0,0.00000822,539.00
1621672136192000,0,0.14000000,538.71
1621672184491000,0,0.10418743,538.77
1621672195766000,1,0.05750000,538.23
1621672241301000,0,1.90687302,540.01
1621672241301000,0,12.10000000,540.16
1621672241301000,0,7.41618571,540.30
1621672241301000,0,0.24503431,540.36
1621672310401000,0,1.84222761,538.99
1621672395549000,0,5.00000000,539.92
1621672395549000,0,2.45632061,539.95
1621672395549000,0,5.00000000,539.96
1621672395549000,0,2.26984974,539.98
1621672411615000,0,5.00000000,538.40
1621672412574000,0,0.18396561,538.57
1621672431967000,1,0.17649591,538.61
1621672440415000,0,0.92189216,539.40
1621672453307000,1,1.98000000,539.19
1621672453307000,1,1.83272324,539.14
1621672467745000,0,0.99999819,540.90
1621672491544000,0,0.65479533,541.36
1621672497159000,0,1.52361016,541.38
1621672497159000,0,4.04832195,541.47
1621672497167000,0,5.57193211,541.47
1621672497342000,0,1.98000000,541.46
1621672497408000,0,3.02000000,541.46
1621672497408000,0,1.98000000,541.54
1621672497427000,0,3.02000000,541.54
1621672560393000,0,0.07278742,541.94
1621672561443000,0,0.10000000,541.91
1621672563150000,0,0.06250000,541.62
1621672575305000,0,4.56515000,542.86
1621672575399000,0,4.63485000,542.86
1621672617691000,0,0.46530000,541.18
1621672625369000,0,0.09036587,542.56
1621672716305000,0,0.05950527,543.29
1621672784749000,1,1.98000000,543.26
1621672784749000,1,4.00000000,543.19
1621672784749000,1,3.78391070,543.18
1621672784820000,0,4.00000000,543.18
1621672784822000,0,1.25000000,543.18
1621672784844000,0,20.79812745,543.18
1621672800330000,0,0.18197191,544.03
1621672838921000,0,0.50000000,545.45
1621672841161000,0,2.26644000,544.80
1621672868536000,0,1.00911315,545.19
1621672872236000,0,0.08890000,544.79
1621672874827000,0,0.04000000,544.00
1621672913834000,0,0.05438687,548.10
1621672924631000,0,1.81019756,547.65
1621672930672000,0,1.76866599,546.89
1621672960995000,0,0.50000000,549.00
1621672967330000,1,1.21037000,548.32
1621672969181000,0,4.00000000,548.98
1621672969181000,0,4.16296754,548.99
1621673032855000,0,0.17752634,547.36
1621673120865000,1,5.19092000,545.00
1621673121249000,1,1.25000000,545.00
1621673121953000,1,5.74785064,545.00
1621673121953000,1,0.75214936,545.00
1621673122109000,1,9.50000000,545.00
1621673122210000,1,10.00000000,545.00
1621673122820000,1,5.50000000,545.00
1621673122834000,1,29.37896704,545.00
1621673122835000,1,33.83936000,545.00
1621673122895000,1,7.00000000,545.00
1621673122967000,1,4.02952360,545.00
1621673213663000,0,0.75460000,545.33
1621673245728000,0,1.00000000,547.47
1621673292791000,0,0.75155000,547.64
1621673294572000,0,0.00000675,547.64
1621673328085000,0,0.37468000,549.16
1621673330273000,0,0.00000766,549.16
1621673330273000,0,0.37468766,549.16
1621673330273000,0,0.37465354,549.49
1621673330273000,0,0.37464375,549.52
1621673330273000,0,2.49758867,549.59
1621673337691000,0,0.37468000,549.16
1621673352651000,0,0.00000766,549.16
1621673352651000,0,0.37454042,549.23
1621673352651000,0,0.37465354,549.49
1621673352651000,0,1.98000000,549.65
1621673352651000,0,0.09300000,549.70
1621673352651000,0,0.17779838,549.76
1621673421826000,0,0.11640000,549.78
1621673431237000,0,0.07166503,548.68
1621673446154000,0,0.11530000,549.15
1621673453278000,0,0.37506000,548.66
1621673475624000,0,0.37557000,547.93
1621673496773000,0,0.08790000,547.45
1621673559900000,0,1.00012706,546.74
1621673645285000,0,0.36150503,548.62
1621673647294000,0,0.80000000,548.72
1621673647294000,0,3.20000000,548.73
1621673728103000,0,0.37578409,547.71
1621673728103000,0,34.67106000,547.79
1621673728103000,0,54.87716000,547.93
1621673728103000,0,0.37605674,548.05
1621673728103000,0,12.00000000,548.05
1621673728103000,0,7.44452291,548.41
1621673728103000,0,0.37584375,548.42
1621673728103000,0,3.10000000,548.72
1621673753251000,0,0.37550171,548.11
1621673753251000,0,0.64717284,548.28
1621673756260000,0,0.37550000,548.11
1621673762716000,0,0.37532000,548.98
1621673773654000,0,0.05784738,548.89
1621673778636000,0,3.36422586,548.13
1621673783051000,0,0.37557000,548.15
1621673795927000,0,0.37578000,547.77
1621673797384000,0,0.00000926,547.77
1621673797384000,0,0.00000393,548.15
1621673797384000,0,0.37554681,548.15
1621673833227000,0,0.37564000,547.94
1621673836256000,0,0.00000868,547.94
1621673836256000,0,0.37563132,547.94
1621673842455000,0,0.00001736,547.94
1621673842455000,0,0.37563264,547.94
1621673843631000,0,0.00001604,547.94
1621673843631000,0,0.37563396,547.94
1621673845213000,0,0.00001472,547.94
1621673845213000,0,0.37563528,547.94
1621673859369000,0,1.21720000,547.93
1621673869851000,0,0.00001340,547.94
1621673869851000,0,0.00001913,548.15
1621673880313000,0,0.00000172,548.98
1621673880313000,0,0.18504412,550.01
1621673886221000,0,1.82253378,549.31
1621673905849000,0,5.00000000,549.84
1621673905849000,0,2.20923482,549.86
1621673919120000,0,0.41944987,550.06
1621673995726000,0,0.20000000,549.06
1621674011717000,0,3.00000000,550.05
1621674011811000,0,2.00000000,550.05
1621674127006000,0,0.27479412,545.50
1621674157752000,0,0.05450174,545.12
1621674247880000,0,0.45486390,544.92
1621674291456000,0,0.27126814,545.50
1621674359816000,0,1.00000000,546.49
1621674393771000,0,0.10453988,548.79
1621674399113000,0,2.01818588,548.29
1621674491158000,0,0.91192211,547.47
1621674506252000,0,0.20849212,547.13
1621674584832000,1,0.91192211,543.43
1621674638817000,0,0.15541369,543.50
1621674765515000,0,0.73246590,543.37
1621674978256000,0,2.20000000,540.19
1621674990056000,0,0.70000000,540.67
1621675005889000,0,12.20000000,539.25
1621675006125000,0,1.90000000,539.34
1621675010300000,0,7.80000000,539.21
1621675017523000,0,2.90941000,540.01
1621675018991000,0,0.00000496,540.01
1621675018991000,0,4.99999504,540.56
1621675019158000,0,5.50000000,540.46
1621675019998000,0,5.00000000,540.54
1621675019998000,0,0.00000496,540.56
1621675019998000,0,20.07878504,540.56
1621675020229000,0,12.10000000,540.44
1621675021840000,0,5.26202000,540.76
1621675022006000,0,6.83798000,540.76
1621675022202000,0,1.22671000,540.84
1621675033152000,1,7.47000000,539.98
1621675044265000,1,1.98000000,538.14
1621675044265000,1,1.23336000,538.10
1621675044265000,1,4.57559314,538.08
1621675057445000,0,0.18390762,539.65
1621675074799000,0,0.18398602,539.61
1621675087366000,1,0.29798410,538.92
1621675090540000,0,0.45960000,539.95
1621675090809000,0,0.12874487,539.95
1621675188568000,1,0.30007201,538.89
1621675213991000,1,0.43033810,540.04
1621675267570000,0,0.30000000,539.70
1621675267570000,0,0.14825007,539.71
1621675313644000,0,0.38602718,540.44
1621675358576000,1,1.98000000,538.82
1621675386218000,1,4.00000000,539.00
1621675386726000,0,12.00000000,539.00
1621675446518000,0,0.98629750,544.43
1621675491939000,0,1.98000000,547.48
1621675498294000,0,6.93084000,548.74
1621675505280000,0,1.97999999,548.72
1621675505292000,0,0.00000001,548.72
1621675505292000,0,0.00000719,548.74
1621675689824000,0,0.04946630,550.88
1621675744506000,0,0.09345515,550.64
1621675763973000,0,0.23450000,550.24
1621675780417000,0,0.05840000,548.59
1621675803957000,0,1.25000000,548.67
1621675804835000,0,2.80470705,548.67
1621675820156000,0,1.82261705,550.31
1621675822704000,0,0.27433129,550.32
1621675864932000,0,1.45144000,551.32
1621676033114000,1,1.25000000,556.80
1621676033365000,1,1.35000000,556.80
1621676044734000,0,0.73849000,557.30
1621676083684000,0,0.21344383,557.14
1621676121539000,0,0.36963616,556.99
1621676121539000,0,0.52295748,557.03
1621676141760000,0,0.37031417,556.23
1621676141760000,0,0.37968583,556.29
1621676261472000,1,0.40000000,557.70
1621676269580000,0,0.17797449,558.43
1621676291276000,0,5.00000000,560.10
1621676293733000,0,0.08852470,561.99
1621676345911000,0,1.10090238,560.57
1621676345911000,0,1.20000000,560.69
1621676345911000,0,7.68120629,560.70
1621676348492000,0,1.10090000,560.57
1621676350634000,0,1.09963000,561.11
1621676354480000,0,0.00000740,561.11
1621676354480000,0,1.09962260,561.42
1621676394404000,0,0.73277000,561.30
1621676418103000,0,0.73593000,559.15
1621676437818000,0,0.00000654,559.15
1621676437818000,0,0.73509346,559.43
1621676503823000,0,0.19465101,560.46
1621676529297000,0,0.36739000,560.01
1621676592317000,0,0.36826000,558.37
1621676615149000,0,0.36832951,558.29
1621676615149000,0,0.00000870,558.37
1621676615149000,0,0.05866997,558.48
1621676615149000,0,2.57299182,558.49
1621676663924000,0,0.08818421,558.70
1621676674905000,1,1.00000000,557.37
1621676788785000,0,0.36863715,558.31
1621676788785000,0,3.06301450,558.36
1621676792777000,0,0.08879172,557.52
1621676838460000,0,7.60000000,555.91
1621676865869000,0,0.36963365,556.69
1621676865869000,0,0.63036635,557.01
1621676880293000,0,0.08876405,556.18
1621677022271000,0,0.36987000,556.30
1621677067139000,0,0.00000107,556.30
1621677067139000,0,1.78339562,556.53
1621677188688000,0,0.17836530,555.65
1621677202018000,0,0.22370000,555.34
1621677246923000,0,1.25000000,553.96
1621677247728000,0,0.70171965,553.96
1621677247739000,0,3.04828035,553.96
1621677312144000,1,2.30000000,553.41
1621677337479000,1,1.98000000,552.85
1621677337479000,1,0.02000000,552.83
1621677360356000,0,0.71948265,555.22
1621677433074000,0,0.37304961,555.02
1621677543356000,1,0.25946719,552.48
1621677613581000,0,1.98000000,559.99
1621677624628000,1,1.98000000,558.15
1621677653242000,0,0.00000985,560.01
1621677655267000,0,1.98000000,562.22
1621677655267000,0,3.02000000,562.24
1621677655426000,0,0.20000000,562.24
1621677655687000,0,1.58000000,562.24
1621677655774000,0,0.20000000,562.24
1621677745754000,0,0.51770000,559.37
1621677760378000,0,4.12678000,559.58
1621677760535000,0,2.50000000,559.58
1621677760632000,0,4.00000000,559.58
1621677760829000,0,0.67322000,559.58
1621677821750000,0,0.10598687,559.90
1621677833739000,1,1.25000000,557.60
1621677841619000,1,4.41000000,557.60
1621677841645000,1,7.44715566,557.60
1621677939422000,1,1.98000000,556.87
1621677939422000,1,0.02393942,556.62
1621677960265000,0,0.10000000,562.13
1621677960265000,0,0.28636266,562.13
1621677997437000,0,8.82093659,562.95
1621678003467000,0,0.08832554,563.97
1621678054437000,1,1.98000000,563.89
1621678065349000,0,0.30000000,563.23
1621678065349000,0,1.19452000,563.24
1621678065349000,0,1.98000000,563.24
1621678065349000,0,6.52548000,563.26
1621678103996000,0,0.08787667,564.63
1621678115963000,0,2.30000000,564.87
1621678134026000,1,1.82539000,564.00
1621678142835000,1,1.98000000,564.02
1621678158123000,1,0.00000007,564.00
1621678190018000,1,1.98000000,561.16
1621678201004000,1,1.98000000,561.49
1621678210432000,1,1.98000000,559.60
1621678259197000,0,3.66921000,560.77
1621678292698000,0,0.00000626,560.77
1621678346053000,1,6.00000000,561.34
1621678346214000,1,3.30000000,561.34
1621678348319000,0,1.00000000,561.84
1621678372960000,0,0.07187757,562.31
1621678401734000,0,0.55094179,562.86
1621678455319000,0,0.05170181,565.15
1621678472801000,0,1.84330366,564.37
1621678501807000,0,0.17644457,565.39
1621678540469000,0,1.25000000,567.40
1621678540529000,0,0.16000000,567.40
1621678553732000,1,1.25000000,567.62
1621678558632000,0,1.98000000,568.10
1621678558632000,0,5.83507357,568.12
1621678586378000,0,0.13172512,568.79
1621678596709000,0,2.00000000,570.00
1621678625903000,0,1.98000000,572.02
1621678625903000,0,6.82266958,572.04
1621678625903000,0,33.40689000,572.05
1621678625903000,0,2.83690800,572.33
1621678629800000,0,1.98000000,572.49
1621678629800000,0,3.59847992,572.51
1621678629800000,0,17.68248329,572.65
1621678636191000,0,1.00000000,572.49
1621678642097000,0,1.25000000,572.80
1621678642107000,0,0.75000000,572.80
1621678777581000,0,1.98000000,567.95
1621678777581000,0,0.89859162,567.97
1621678782027000,0,3.62555000,567.35
1621678789525000,0,0.00000350,567.35
1621678789525000,0,2.72250471,567.97
1621678789525000,0,1.27749179,568.40
1621678920535000,0,0.13346243,565.83
1621678963826000,0,3.00000000,563.77
1621679028681000,0,3.00000000,563.25
1621679055709000,1,0.06000000,563.09
1621679055714000,1,0.00025679,563.09
1621679072507000,0,0.16062415,562.91
1621679088842000,1,1.98000000,560.26
1621679088842000,1,3.65914549,560.15
1621679088845000,0,2.52382205,560.15
1621679115894000,0,3.66065835,562.07
1621679115894000,0,2.60000000,562.38
1621679115894000,0,3.75695128,562.39
1621679116764000,0,0.06000000,562.38
1621679177630000,1,4.00000000,565.09
1621679199702000,0,0.08764901,565.26
1621679237115000,0,1.98000000,566.11
1621679237115000,0,3.41115847,566.15
1621679237118000,0,0.22283462,566.15
1621679237118000,0,5.16832385,566.40
1621679237120000,0,5.39115847,566.40
1621679237122000,0,0.44051768,566.40
1621679237122000,0,1.18191000,566.43
1621679237122000,0,3.63595268,566.52
1621679237122000,0,0.13277811,566.59
1621679242483000,0,0.17522587,567.93
1621679358285000,0,3.60367409,570.81
1621679374687000,1,1.25000000,571.28
1621679374720000,1,6.74345329,571.28
1621679441689000,0,0.40000000,570.72
1621679441689000,0,4.84599022,570.73
1621679517088000,0,0.19921649,570.60
1621679557997000,0,0.82655077,571.81
1621679560358000,0,1.98000000,571.67
1621679560358000,0,2.36527530,571.69
1621679566147000,0,2.48267395,572.26
1621679568165000,0,0.08679014,572.26
1621679641421000,0,0.09488532,574.80
1621679656528000,0,3.58881000,572.93
1621679712242000,0,2.85954000,571.93
1621679732619000,0,0.00000243,571.93
1621679826861000,0,3.44181090,575.59
1621679833862000,0,2.00000000,577.13
1621679843504000,0,0.15116000,577.50
1621679846921000,0,0.09262776,577.50
1621679846923000,0,0.00000001,577.50
1621679847031000,0,0.09203362,577.67
1621679847145000,0,0.05912000,577.67
1621679847403000,0,0.00000709,577.67
1621679876256000,0,2.00000000,576.72
1621679890858000,1,0.20474389,575.71
1621679907978000,0,0.20000000,578.04
1621679907978000,0,3.23419286,578.05
1621679908688000,1,1.18011227,576.54
1621679947211000,0,3.57092000,575.83
1621679949699000,0,0.00000236,575.83
1621679952482000,0,0.20686732,576.63
1621679977759000,0,0.85284168,575.84
1621680026233000,0,0.05100000,578.20
1621680059592000,0,2.38721328,579.58
1621680076837000,0,0.38478403,579.70
1621680120328000,0,3.04240855,579.37
1621680144116000,1,1.14729000,578.47
1621680184955000,0,1.25000000,580.00
1621680185101000,0,2.50000000,580.00
1621680185173000,0,0.32415598,580.00
1621680185207000,0,0.15790311,580.00
1621680185430000,0,0.76794091,580.00
1621680185430000,0,2.50000000,580.00
1621680194882000,0,0.22830348,580.52
1621680204030000,0,1.70934699,580.52
1621680209880000,0,3.54372541,580.14
1621680209880000,0,1.58510990,580.51
1621680215885000,0,3.41950553,580.16
1621680284742000,0,0.05054373,582.77
1621680291815000,0,0.17027198,581.57
1621680330753000,1,1.98000000,580.06
1621680330753000,1,1.14418000,580.04
1621680330753000,1,1.98000000,580.03
1621680330753000,1,2.88927329,580.00
1621680342289000,0,0.76368448,581.55
1621680347381000,0,0.34122298,581.39
1621680354049000,0,1.00000000,581.93
1621680401299000,0,0.09380000,586.39
1621680410832000,0,0.08420000,586.37
1621680420685000,0,0.00000053,586.39
1621680422008000,0,0.99999999,586.87
1621680422140000,0,0.00000001,586.87
1621680423666000,0,1.36000000,588.20
1621680423666000,0,1.16531939,589.09
1621680436992000,0,0.08000000,590.20
1621680437290000,0,0.00800000,590.20
1621680483314000,0,0.08397203,590.00
1621680491507000,0,3.37285391,592.05
1621680493774000,0,0.16857730,593.49
1621680500784000,0,1.67748217,592.59
1621680513963000,0,1.39538036,590.09
1621680518728000,0,3.48377864,590.10
1621680518728000,0,1.44826854,590.99
1621680522382000,0,3.48377864,590.10
1621680522382000,0,3.48474348,590.14
1621680522382000,0,12.34377184,590.35
1621680525767000,0,0.08410010,591.00
1621680536357000,0,0.60459863,591.78
1621680556669000,0,3.48493000,589.45
1621680559256000,1,1.98000000,588.70
1621680564098000,1,4.00000000,588.34
1621680582835000,0,0.06181859,587.91
1621680616621000,0,3.51094000,584.97
1621680617292000,0,0.00000163,584.97
1621680617292000,0,3.51009837,585.47
1621680621863000,1,5.08377000,584.23
1621680621882000,1,4.01623000,584.23
1621680638440000,0,3.51072000,585.09
1621680639477000,0,0.00000828,585.09
1621680639477000,0,0.00000770,585.47
1621680639477000,0,3.50952402,585.64
1621680695461000,0,0.16768020,591.19
1621680717129000,0,3.48707000,588.90
1621680786124000,0,3.50000000,585.92
1621680809482000,0,3.50902000,585.16
1621680829624000,0,3.51169887,584.45
1621680829624000,0,0.50000000,584.82
1621680829624000,0,1.98000000,584.83
1621680829624000,0,3.50976250,584.85
1621680829624000,0,0.67531817,585.13
1621680830377000,1,1.13740000,583.50
1621680830377000,1,1.86260000,583.48
1621680834650000,0,0.50843478,584.83
1621680887708000,0,0.05894875,583.99
1621680911794000,1,5.24599022,584.17
1621680994122000,0,0.15229639,585.64
1621681016260000,0,0.16972459,584.36
1621681142479000,0,1.13878000,583.79
1621681142479000,0,0.08011446,583.81
1621681204348000,0,1.61181026,584.00
1621681204763000,0,4.00000000,584.00
1621681204781000,0,2.31638404,584.00
1621681204827000,0,5.21083686,584.00
1621681204875000,0,6.86096884,584.00
1621681233174000,0,0.05593642,585.59
1621681255386000,0,3.51835827,583.84
1621681255386000,0,1.57448392,584.47
1621681269696000,0,5.06743153,583.11
1621681293949000,0,3.53265331,581.84
1621681293949000,0,4.90089347,582.12
1621681314061000,1,1.98000000,580.35
1621681325980000,0,1.71697009,581.14
1621681362849000,0,0.17077588,580.42
1621681429339000,1,2.50000000,580.47
1621681429405000,1,1.50000000,580.47
1621681645316000,0,3.50000000,580.69
1621681665996000,0,0.05670000,580.80
1621681800317000,0,3.55093236,579.01
1621681800317000,0,1.98000000,579.33
1621681800317000,0,3.08154062,579.34
1621681806522000,1,2.00000000,578.48
1621681820821000,0,1.00000000,578.78
1621681855883000,0,3.54343487,580.48
1621681855885000,0,1.98000000,580.92
1621681856411000,0,1.98875941,581.82
1621681890043000,0,0.14259000,579.30
1621681890144000,0,0.00000600,579.30
1621681890737000,0,0.05000000,580.35
1621681931226000,1,1.14909000,577.56
1621681974858000,0,0.04011704,580.27
1621681974995000,0,0.04332465,580.27
1621682076734000,1,1.98000000,578.68
1621682105836000,0,0.24118423,579.00
1621682105845000,0,1.12304163,579.00
1621682154255000,1,1.98000000,580.54
1621682156137000,1,3.53440000,580.21
1621682156159000,0,0.17067016,581.22
1621682167630000,1,1.98000000,579.52
1621682177938000,1,3.00000000,579.64
1621682234434000,0,3.56442000,576.95
1621682238725000,0,0.00000630,576.95
1621682262777000,1,3.74291000,577.27
1621682297441000,0,2.00000000,576.00
1621682348878000,1,0.04946630,574.55
1621682400338000,0,0.06320032,575.02
1621682423092000,0,0.37896583,577.96
1621682511397000,0,0.17223089,576.56
1621682534573000,1,0.30000000,574.29
1621682553301000,0,0.10133000,574.78
1621682640285000,0,0.21464141,573.70
1621682688627000,1,6.20000000,571.62
1621682689054000,1,1.98000000,571.42
1621682689054000,1,3.00000000,571.41
1621682689054000,1,5.02000000,571.40
1621682767463000,0,0.17269538,573.09
1621682868450000,1,3.58988000,571.92
1621683016915000,1,1.98000000,573.16
1621683017177000,1,3.58408000,572.95
1621683095703000,0,0.67916706,577.50
1621683129495000,1,1.98000000,574.38
1621683172100000,0,0.05179779,573.53
1621683193609000,0,0.17295719,572.96
1621683224114000,1,3.58596091,571.99
1621683224114000,1,22.74711755,571.85
1621683237004000,1,5.00000000,570.00
1621683238380000,1,3.60210000,569.15
1621683275298000,1,1.98000000,566.92
1621683378508000,1,1.16476000,569.79
1621683391159000,1,3.60844194,569.42
1621683410289000,0,1.00000000,570.00
1621683436502000,1,3.60362139,570.49
1621683436502000,1,27.79464000,570.30
1621683436502000,1,3.60420310,570.16
1621683436502000,1,3.60478809,570.13
1621683448531000,1,1.00000000,568.82
1621683456445000,0,0.20035112,569.60
1621683506702000,1,3.60841000,569.44
1621683515823000,1,3.60000000,569.20
1621683567115000,0,0.04153975,571.26
1621683640882000,1,12.58000000,570.49
1621683663869000,0,0.26106439,570.98
1621683719001000,0,1.98000000,571.13
1621683719001000,0,1.49884556,571.18
1621683756515000,1,3.59000000,571.10
1621683756610000,1,0.00824137,571.10
1621683809024000,0,3.01747000,572.76
1621683809100000,0,4.00000000,572.76
1621683841923000,1,3.58000000,572.51
1621683884987000,0,0.17410426,572.99
1621683899776000,0,3.59392251,572.72
1621683899776000,0,1.63414279,572.85
1621683915274000,0,0.25995672,573.32
1621683930485000,0,0.09419830,573.29
1621683944158000,0,0.45718170,573.29
1621683972769000,1,1.98000000,571.05
1621684186738000,0,0.34762259,571.25
1621684200365000,0,0.12988262,571.28
1621684228903000,0,0.05090000,570.66
1621684347272000,0,0.08630358,571.85
1621684392459000,1,3.58512000,572.82
1621684399692000,0,1.98000000,573.41
1621684399692000,0,0.61434842,573.43
1621684408615000,0,0.16880000,573.58
1621684417042000,1,3.58503000,572.99
1621684426703000,1,0.00000550,572.99
1621684426703000,1,0.00000142,572.82
1621684426703000,1,3.58633308,572.70
1621684428558000,1,0.00000953,572.70
1621684627555000,0,3.00868539,572.13
1621684680292000,0,0.08641005,572.33
1621684729129000,0,1.98000000,574.60
1621684729129000,0,0.02000000,574.66
1621684756927000,0,0.86346187,574.53
1621684784742000,0,0.07027960,574.39
1621684803050000,0,20.00000000,575.00
1621684815717000,0,0.17225779,578.33
1621684817907000,0,1.98000000,578.21
1621684891440000,0,0.16968397,585.22
1621684933801000,0,1.00000000,583.73
1621684935322000,0,0.07976025,583.70
1621684948520000,0,0.42507470,584.52
1621684975003000,1,1.25000000,583.07
1621685044789000,1,3.31085000,586.00
1621685045603000,1,0.00000324,586.00
1621685091236000,0,0.21880000,585.56
1621685116013000,1,3.51056000,584.98
1621685117456000,1,0.00000185,584.98
1621685123389000,1,3.51355000,584.30
1621685168445000,1,3.10000000,582.11
1621685168445000,1,2.12806530,582.10
1621685203614000,1,3.52745000,581.97
1621685271514000,1,3.51998000,583.11
1621685280305000,0,0.52418363,582.75
1621685333564000,1,3.53101000,581.48
1621685336493000,1,3.53031000,580.78
1621685419707000,0,7.23789000,582.37
1621685443263000,1,3.52141000,582.95
1621685453476000,1,0.00000621,582.95
1621685453476000,1,3.52405379,582.49
1621685481856000,0,0.20230000,583.87
1621685481867000,0,0.20230000,583.87
1621685566577000,1,1.98000000,577.25
1621685594800000,1,1.98000000,575.76
1621685640328000,0,0.15124477,575.53
1621685645943000,1,0.45739599,573.69
1621685655467000,0,0.07714895,574.76
1621685681317000,1,1.37218798,573.34
1621685715413000,0,0.04756435,572.59
1621685738572000,0,4.00000000,571.08
1621685738572000,0,1.98000000,571.08
1621685738572000,0,7.57443466,571.09
1621685738572000,0,3.79267245,571.11
1621685750663000,0,1.69490000,571.37
1621685808149000,1,4.00000000,571.41
1621685848510000,1,3.58387000,572.11
1621685888659000,1,3.58684000,572.75
1621685897681000,0,4.00000000,573.48
1621685897681000,0,7.02074902,573.49
1621685897681000,0,2.80600844,573.50
1621685948114000,0,6.90000000,574.09
1621686052701000,0,1.98000000,579.43
1621686052701000,0,2.29650878,579.44
1621686071090000,0,0.84215780,580.96
1621686113239000,1,7.40529000,580.95
1621686137406000,0,0.08310000,582.08
1621686140606000,0,0.08797585,581.58
1621686208479000,1,7.91400000,584.33
1621686211052000,1,0.00000407,584.33
1621686237625000,0,0.04805179,585.41
1621686319596000,0,0.47599743,582.39
1621686426033000,1,6.50000000,579.13
1621686426205000,1,0.70497000,579.13
1621686585081000,0,0.12480000,581.37
1621686596422000,0,0.34145189,581.13
1621686698852000,0,3.51591000,584.54
1621686706909000,0,3.51382000,585.70
1621686737791000,1,1.98000000,582.79
1621686796501000,1,1.98000000,583.02
1621686796501000,1,3.51848384,583.00
1621686796501000,1,1.98000000,582.97
1621686796501000,1,23.59755294,582.95
1621686798136000,1,3.51848000,583.00
1621686815681000,0,0.08309572,583.15
1621686900833000,1,0.50000000,581.00
1621686982652000,1,3.00000000,580.50
1621686995580000,0,0.31268664,580.37
1621687086530000,1,3.54949000,578.17
1621687090478000,1,3.54759000,577.60
1621687133916000,0,0.05039137,576.95
1621687187625000,1,3.55079000,577.67
1621687273364000,1,1.52794648,577.06
1621687284361000,0,0.06700000,578.15
1621687361152000,0,1.00000000,579.32
1621687481236000,1,0.21670651,576.49
1621687584232000,0,0.25805528,577.50
1621687605150000,0,1.71712441,578.57
1621687617139000,1,0.30000000,576.80
1621687659129000,1,0.20000000,575.00
1621687701308000,0,1.00000000,573.92
1621687703438000,0,3.58379000,573.77
1621687740554000,0,0.00000062,573.77
1621687740554000,0,3.58016938,574.28
1621687783887000,1,0.84215780,571.62
1621687852652000,0,0.10370535,573.24
1621687985413000,1,1.92433436,573.75
1621687985428000,1,3.99999999,573.76
1621688005530000,0,0.17060000,572.98
1621688061582000,1,0.07318123,571.60
1621688063101000,1,3.51645000,571.60
1621688088283000,0,0.25430000,570.95
1621688283664000,0,3.61363000,568.82
1621688283694000,0,0.00000229,568.82
1621688311639000,0,0.11855903,567.14
1621688341129000,0,1.25000000,567.09
1621688343817000,1,1.82539007,566.88
1621688413757000,0,0.25424198,567.97
1621688413957000,0,0.77662270,567.97
1621688413967000,0,7.16913532,567.97
1621688474335000,0,1.98000000,567.75
1621688474335000,0,3.62255974,567.83
1621688474335000,0,6.62500668,567.84
1621688526074000,1,0.80000000,566.93
1621688542919000,0,3.62500000,567.15
1621688544059000,0,0.00000015,567.15
1621688544059000,0,3.62244985,567.57
1621688545911000,0,0.00000098,567.57
1621688545911000,0,3.62418902,568.02
1621688580563000,0,3.61609000,568.41
1621688585088000,0,3.61481000,568.72
1621688586488000,0,0.00000699,568.72
1621688624216000,0,3.60842000,570.60
1621688630631000,0,1.98000000,570.58
1621688640343000,0,0.00000813,570.60
1621688640343000,0,0.05863997,571.03
1621688660678000,0,0.05080000,572.49
1621688679834000,1,0.06472800,569.72
1621688691419000,0,0.86894631,571.14
1621688812237000,0,0.06930364,572.10
1621688864498000,0,0.08685393,573.82
1621688904099000,1,0.03350000,572.20
1621688928717000,0,0.09290000,573.12
1621688937335000,0,1.18220000,573.41
1621688951338000,0,3.58583000,573.17
1621688953879000,0,0.00000603,573.17
1621688965619000,0,0.11810000,573.88
1621689109083000,1,0.07110974,573.82
1621689120410000,0,0.08627000,574.81
1621689146258000,0,0.11800000,574.43
1621689250674000,0,3.58226000,573.84
1621689259216000,0,0.08457678,573.81
1621689276266000,0,0.17380000,573.34
1621689438552000,0,0.07500000,574.62
1621689458587000,0,1.98000000,574.28
1621689458587000,0,2.02000000,574.30
1621689515567000,1,1.73961000,574.40
1621689516201000,1,0.00000450,574.40
1621689662023000,0,0.17329842,572.45
1621689832104000,0,3.59372000,571.85
1621689840404000,0,0.04674821,572.47
1621689843337000,0,3.59013000,572.25
1621689845738000,0,0.00000316,572.25
1621689845738000,0,3.59382684,572.53
1621689850073000,0,0.00001278,572.53
1621689969799000,1,7.00000000,572.44
1621689970627000,1,0.57533000,572.44
1621689971802000,1,0.00000433,572.44
1621690029636000,1,1.98000000,570.47
1621690029747000,0,5.93400000,570.36
1621690029846000,0,0.00000407,570.36
1621690166521000,0,4.22600000,573.11
1621690211503000,0,1.72987334,573.69
1621690259690000,0,2.87296801,572.40
1621690259690000,0,5.80134356,572.51
1621690260837000,0,0.04950000,572.36
1621690299823000,0,0.08604724,575.01
1621690304912000,0,0.17274346,574.92
1621690329362000,0,1.27000000,576.00
1621690341180000,0,6.30429000,577.00
1621690341947000,0,0.00000493,577.00
1621690396418000,1,4.50000000,577.67
1621690432826000,0,4.58815000,579.38
1621690459772000,1,0.10000000,581.75
1621690469770000,1,0.10000000,582.74
1621690469855000,1,0.10000000,582.74
1621690469855000,1,7.62627000,582.73
1621690470064000,1,0.10000000,582.73
1621690472458000,1,0.00000117,582.73
1621690535585000,0,3.54036000,580.91
1621690574430000,1,0.20000000,580.00
1621690695050000,0,0.04711410,577.17
1621690773419000,0,0.85850280,578.72
1621690785011000,0,1.71507711,579.13
1621690800897000,1,3.54958000,577.79
1621690920019000,1,3.55312000,577.55
1621690981595000,0,0.08603930,576.54
1621691279418000,1,0.20000000,571.00
1621691357016000,1,0.85000000,572.06
1621691357017000,1,0.15000000,572.06
1621691458413000,0,0.43178352,575.23
1621691721195000,0,1.25000000,572.55
1621691734083000,1,0.40000000,573.38
1621691747871000,0,0.50560000,574.50
1621691848704000,0,0.05400000,574.37
1621691872123000,0,0.27135984,573.74
1621691903892000,1,7.51832000,573.93
1621692000463000,0,0.06551867,572.07
1621692167858000,1,3.60749000,568.93
1621692168059000,1,0.00000757,568.93
1621692287750000,1,1.72303000,566.02
1621692291537000,1,0.00000098,566.02
1621692291537000,1,1.97999902,565.70
1621692330506000,0,0.44076842,565.83
1621692344400000,0,0.90558615,565.79
1621692415607000,1,1.98000000,563.07
1621692415607000,1,3.57438252,563.04
1621692415608000,1,0.06480318,563.04
1621692427068000,1,1.97999999,561.72
1621692506456000,1,1.98000000,561.03
1621692576123000,0,0.31960000,561.07
1621692613124000,0,2.48267013,559.74
1621692617485000,1,1.98000000,558.49
1621692617485000,1,2.40000000,558.48
1621692617485000,1,3.34627117,558.47
1621692620264000,1,1.98000000,558.53
1621692620264000,1,1.33085324,558.51
1621692663018000,1,0.50494576,559.59
1621692669617000,0,0.17696919,560.76
1621692782436000,1,3.67047000,559.61
1621692933105000,0,1.98000000,561.88
1621692933105000,0,1.02000000,561.94
1621692937568000,0,0.17230000,562.17
1621692939106000,0,1.80770000,562.17
1621692939106000,0,2.19230000,562.20
1621692947940000,1,0.86894631,560.32
1621692992024000,0,0.99998221,562.19
1621693002985000,1,7.65219000,562.42
1621693003035000,1,0.00000942,562.42
1621693060457000,0,0.08807629,563.53
1621693066000000,0,0.12054988,563.75
1621693072141000,0,0.17870000,563.53
1621693081053000,0,1.98000000,563.77
1621693081053000,0,1.02000000,563.88
1621693099186000,1,4.00000000,562.53
1621693118100000,1,1.98000000,562.10
1621693118100000,1,28.19238000,561.81
1621693118246000,0,3.65375337,561.84
1621693118688000,0,1.98000000,562.50
1621693118688000,0,7.52085796,562.54
1621693118688000,0,1.98000000,562.55
1621693119189000,0,13.50000000,562.54
1621693121394000,1,1.98000000,562.49
1621693129606000,0,0.22090120,563.13
1621693239235000,0,0.06156630,564.30
1621693254674000,0,3.64343000,564.66
1621693286319000,0,3.51363586,565.58
1621693290818000,0,0.42810000,565.56
1621693408251000,0,0.87477034,566.88
1621693441849000,0,3.62646000,566.89
1621693474076000,1,1.98000000,566.66
1621693474076000,1,0.11404800,566.66
1621693474076000,1,11.01310766,566.64
1621693480748000,0,0.11601045,568.46
1621693487830000,1,2.00000000,568.08
1621693503940000,0,2.53304000,568.16
1621693564435000,0,1.80980000,567.82
1621693585938000,0,1.44788000,567.83
1621693742577000,0,1.09024000,565.65
1621693758742000,0,1.09131000,564.99
1621693767181000,0,0.00000472,564.99
1621694015090000,1,1.98000000,557.63
1621694015090000,1,0.30000000,557.44
1621694015090000,1,0.30296757,557.43
1621694032579000,0,0.73937000,556.49
1621694101621000,1,1.98000000,552.21
1621694102508000,1,0.50000000,551.12
1621694137034000,1,1.98000000,553.00
1621694153679000,0,0.17580000,550.81
1621694155745000,1,1.36000000,550.00
1621694155745000,1,0.24748000,550.00
1621694158942000,1,0.00000100,550.00
1621694158942000,1,1.97999900,550.00
1621694170756000,1,0.13000000,549.80
1621694170937000,1,0.00074909,549.80
1621694184512000,0,0.08600000,549.79
1621694184513000,0,0.00098073,549.79
1621694237815000,1,1.97530000,549.68
1621694247234000,1,0.00000740,549.68
1621694253816000,1,0.08500000,547.60
1621694284292000,1,1.98000000,548.19
1621694284292000,1,9.71105536,547.63
1621694284292000,1,52.14620000,547.62
1621694284292000,1,0.07500000,547.62
1621694284292000,1,0.07500000,547.30
1621694284292000,1,0.07500000,547.18
1621694284292000,1,3.75296979,547.04
1621694284396000,0,0.09276607,547.00
1621694284452000,0,37.45691126,547.00
1621694284494000,0,3.74552351,547.00
1621694284494000,0,3.74552351,547.00
1621694284497000,0,3.74552351,547.00
1621694284540000,0,25.69900000,547.00
1621694284573000,0,3.46782842,547.00
1621694284574000,0,1.00357763,547.00
1621694284710000,0,48.85934000,547.00
1621694284800000,0,1.76035038,547.00
1621694284980000,0,0.73022181,547.00
1621694285065000,0,1.87820875,547.00
1621694299758000,1,2.60843000,546.82
1621694318002000,0,1.98000000,549.98
1621694318002000,0,0.02000000,550.00
1621694327172000,0,0.21411276,549.29
1621694331048000,1,0.00000056,546.82
1621694338539000,1,1.98000000,545.84
1621694436253000,0,0.04400000,548.18
1621694436317000,0,7.60819942,548.18
1621694441737000,0,1.98000000,549.16
1621694441737000,0,0.02000000,549.18
1621694474222000,1,1.98000000,546.09
1621694535827000,0,1.98000000,545.01
1621694535827000,0,0.97747754,545.02
1621694538125000,0,3.39696000,545.13
1621694599789000,0,0.45276408,547.95
1621694602804000,0,3.38541000,546.91
1621694632997000,0,0.00000073,546.91
1621694649147000,0,3.00647000,547.39
1621694736064000,0,0.00000621,547.39
1621694736064000,0,0.90581947,548.29
1621694942870000,0,0.75244000,547.42
1621694943508000,0,4.00000000,547.99
1621694943508000,0,5.06801568,548.00
1621694948939000,0,0.75192000,548.15
1621694989755000,1,5.06743153,548.97
1621695129317000,0,1.98000000,553.68
1621695137796000,1,1.30000000,553.70
1621695197832000,0,0.10000000,554.86
1621695416944000,1,1.00000000,554.34
1621695500932000,0,1.00000000,552.73
1621695651595000,0,1.98000000,552.02
1621695651595000,0,1.52758074,552.03
1621695745437000,1,1.00000000,552.35
1621695900927000,1,0.06033133,552.93
1621696007652000,1,1.00000000,551.48
1621696092000000,1,4.00000000,547.19
1621696092000000,1,7.16000000,547.18
1621696125882000,1,0.37517221,543.09
1621696126036000,1,1.00000000,543.09
1621696147056000,0,0.09112311,545.46
1621696178313000,1,1.98000000,541.20
1621696320331000,0,0.18302152,539.14
1621696332089000,1,1.98000000,538.07
1621696333749000,1,1.98000000,537.70
1621696341858000,1,1.84000000,537.67
1621696347441000,1,3.82000000,537.58
1621696353474000,1,0.00265424,537.58
1621696353474000,1,0.05400000,536.50
1621696425319000,0,0.38473175,535.40
1621696425319000,0,1.46338471,535.43
1621696507851000,1,1.98000000,536.52
1621696507851000,1,1.02887394,536.48
1621696581223000,1,0.04846406,532.88
1621696585496000,0,0.08200000,533.82
1621696585498000,0,0.00063169,533.82
1621696594508000,0,0.09430000,534.09
1621696598018000,0,3.80000000,534.12
1621696598018000,0,8.40000000,534.13
1621696603658000,0,0.35652518,533.63
1621696603765000,0,11.94347482,533.63
1621696604578000,0,12.20000000,533.53
1621696605144000,0,0.38500000,533.73
1621696609347000,0,0.38500000,533.78
1621696622967000,0,12.20000000,533.66
1621696623313000,0,0.38565000,533.76
1621696624593000,0,0.00000088,533.76
1621696624593000,0,0.14799912,534.10
1621696635562000,0,4.00000000,536.64
1621696658096000,1,1.23000000,536.42
1621696715221000,0,0.08990000,538.81
1621696818733000,0,0.38284000,538.51
1621696831230000,0,0.18366632,539.38
1621696853120000,1,0.12238900,538.31
1621697054173000,0,0.05682197,538.46
1621697065784000,0,4.13590000,538.59
1621697204820000,0,0.55135508,540.97
1621697240440000,0,1.79480000,539.58
1621697284235000,0,0.20186688,540.67
1621697389291000,0,1.00000000,540.49
1621697453800000,0,0.15000000,541.36
1621697460860000,0,1.00000000,542.90
1621697568772000,0,0.21695378,543.97
1621697709618000,0,0.05720000,542.06
1621697780134000,0,0.18420469,541.68
1621697984101000,0,1.98000000,546.32
1621697996547000,0,1.98000000,549.83
1621697999398000,0,0.10000000,551.12
1621697999398000,0,1.98000000,551.20
1621697999398000,0,1.09000000,551.22
1621697999398000,0,0.37429661,551.50
1621698055916000,0,1.98000000,552.51
1621698055916000,0,0.84209381,552.86
1621698068638000,0,1.98000000,551.89
1621698099710000,0,1.98000000,550.99
1621698120835000,1,1.25000000,551.00
1621698121845000,1,2.09800000,551.00
1621698145403000,0,7.87683000,554.87
1621698277611000,0,1.98000000,555.62
1621698277611000,0,11.80000000,555.64
1621698277611000,0,7.75643887,555.71
1621698277611000,0,1.98000000,555.72
1621698277611000,0,19.83579262,555.73
1621698329890000,1,1.98000000,551.02
1621698341676000,1,0.00000362,551.00
1621698507263000,0,1.20000000,550.50
1621698773089000,0,0.12290000,551.28
1621698840288000,1,0.07013101,553.62
1621698842663000,1,4.00000000,553.16
1621698956586000,0,0.17764898,551.67
1621699306579000,0,1.25000000,550.38
1621699306796000,0,5.72058468,550.38
1621699306798000,0,0.24060557,550.38
1621699306949000,0,1.56366809,550.38
1621699307344000,0,7.53230000,550.38
1621699307693000,0,5.72284014,550.38
1621699307734000,0,4.60751152,550.38
1621699320584000,1,1.98000000,552.06
1621699338439000,0,0.37194000,553.25
1621699340552000,0,0.00000314,553.25
1621699364875000,1,6.00647000,551.75
1621699364958000,1,4.50000000,551.75
1621699400837000,1,1.98000000,545.26
1621699408737000,1,1.98000000,546.01
1621699460936000,1,1.98000000,544.54
1621699548092000,0,12.00000000,542.00
1621699665737000,0,0.20109049,541.95
1621699674406000,0,0.05510226,541.72
1621699799521000,1,3.90000000,544.72
1621699896412000,0,1.98000000,550.78
1621699899741000,1,1.98000000,550.57
1621699986933000,0,0.05720067,550.31
1621700052897000,0,1.90176634,547.48
1621700286265000,0,0.58940000,544.43
1621700465114000,1,0.09166900,549.07
1621700640299000,0,0.18031927,549.56
1621700640305000,0,0.10875759,549.56
1621700743685000,0,0.37440000,549.19
1621700772893000,0,0.37433000,549.21
1621700774456000,0,0.00000255,549.21
1621700775240000,0,0.37424000,549.47
1621700776418000,0,0.00000329,549.47
1621700781211000,0,0.37389000,550.67
1621700870908000,0,0.16750000,551.09
1621700911379000,0,0.08780000,551.72
1621700978067000,0,0.89766611,552.99
1621700995537000,0,0.08979584,552.60
1621701109574000,1,0.20000000,553.91
1621701439560000,0,0.95193933,552.97
1621701689232000,0,0.40461000,550.00
1621701691902000,0,0.00000987,550.00
1621701978463000,0,0.08720000,551.08
1621702503552000,0,1.82400291,543.08
1621702709028000,0,1.82373480,544.39
1621702736280000,0,0.18231318,543.93
1621702740124000,1,5.00000000,542.90
1621702775437000,0,7.98669000,541.97
1621702800357000,0,1.00391752,540.97
1621702965698000,0,3.77655000,544.43
1621702974839000,0,0.18898717,544.96
1621702987704000,0,1.98000000,544.93
1621702987704000,0,3.51418143,544.98
1621703000836000,0,1.82068512,545.59
1621703040277000,0,0.27281452,545.75
1621703092940000,1,1.21442000,546.49
1621703137950000,0,1.00020000,546.67
1621703166553000,1,3.50000000,545.75
1621703207025000,0,0.27476395,543.81
1621703224885000,1,7.75730000,542.83
1621703256975000,0,0.09130921,542.67
1621703270100000,0,0.29648148,541.99
1621703316487000,0,0.99927320,545.82
1621703451369000,1,3.78548000,542.24
1621703568188000,0,1.98000000,542.62
1621703568188000,0,0.94838898,542.67
1621703650549000,1,3.78117000,543.06
1621703651198000,1,0.00000433,543.06
1621703766260000,1,0.50000000,540.00
1621703766290000,0,4.00000000,540.74
1621703766290000,0,11.23396821,540.75
1621703773333000,0,1.83323376,540.38
1621703807898000,0,3.81429000,539.27
1621703890342000,1,1.98000000,537.35
1621703890342000,1,0.54531939,537.33
1621703946115000,0,0.50000000,536.74
1621703955105000,1,4.00000000,536.85
1621704034331000,1,1.98000000,536.18
1621704057233000,1,1.98000000,533.72
1621704057848000,1,1.98000000,533.28
1621704057848000,1,2.00000000,533.26
1621704057848000,1,1.51418143,533.25
1621704089065000,1,1.98000000,535.03
1621704097646000,1,1.98000000,534.52
1621704097811000,1,28.37703000,534.50
1621704098028000,1,1.98000000,534.31
1621704098352000,1,3.84153000,534.27
1621704133294000,0,1.00000000,537.13
1621704182003000,0,0.19100918,534.66
1621704186041000,0,0.48618907,534.49
1621704202059000,0,7.53126000,535.35
1621704219697000,1,3.30000000,534.74
1621704285845000,0,0.55638257,535.17
1621704452035000,0,0.18494939,537.79
1621704584617000,0,1.01844818,534.72
1621704630975000,0,1.00000000,535.40
1621704708320000,1,1.41000000,530.00
1621704740160000,0,0.67714228,530.98
1621704741141000,0,0.09354319,531.01
1621704867866000,0,3.88381000,529.57
1621704895855000,0,0.68242448,528.84
1621704971389000,0,1.87139301,530.79
1621704974395000,1,0.32583526,530.10
1621705023590000,0,2.69502320,532.27
1621705032751000,0,0.94529530,533.43
1621705131116000,0,3.88000000,529.90
1621705150259000,1,2.40000000,531.38
1621705153027000,0,0.93358424,531.68
1621705173160000,0,1.00373313,530.58
1621705220934000,1,0.51993362,528.33
1621705316399000,0,1.86850419,531.23
1621705438962000,1,0.42050000,526.67
1621705439030000,1,0.00000999,526.67
1621705439030000,1,0.17059087,525.95
1621705460923000,0,1.98000000,527.24
1621705460923000,0,3.52860000,527.27
1621705465634000,0,0.07850000,526.83
1621705465645000,0,0.00000010,526.83
1621705502659000,0,0.05640019,528.15
1621705504688000,0,0.18804695,528.49
1621705535634000,0,3.88221000,529.75
1621705589862000,0,1.00000000,532.91
1621705623553000,0,0.27220000,533.54
1621705639058000,0,1.98000000,532.22
1621705639058000,0,4.00000000,532.25
1621705639058000,0,3.32470781,532.27
1621705680309000,0,0.09353628,532.01
1621705701261000,0,1.02930000,532.16
1621705703238000,1,15.00000000,531.27
1621705732443000,0,3.86661000,531.52
1621705746729000,1,5.00000000,532.18
1621705769608000,0,3.85841000,532.90
1621705794385000,0,3.85753000,532.68
1621705812573000,1,1.98000000,530.23
1621705821225000,1,1.98000000,528.64
1621705904998000,0,0.40000000,528.61
1621705904998000,0,4.29028866,528.62
1621705945538000,0,0.09339532,531.37
1621705989562000,0,1.98000000,532.14
1621705989562000,0,3.86763137,532.16
1621705989562000,0,0.15236863,532.18
1621706073189000,0,3.86602000,531.56
1621706078449000,0,0.00000200,531.56
1621706078449000,0,3.86601800,531.56
1621706088618000,1,1.98000000,529.87
1621706090214000,0,3.87294000,530.80
1621706194236000,1,0.10815000,528.70
1621706195019000,1,0.00000701,528.70
1621706293487000,0,1.98000000,532.43
1621706400338000,0,0.23063442,532.60
1621706446576000,0,0.51261953,533.30
1621706486602000,0,0.29143969,534.21
1621706520256000,0,0.05561381,534.32
1621706550000000,0,0.08111504,535.44
1621706587596000,0,0.12687317,534.79
1621706602820000,1,8.16191000,533.20
1621706681054000,0,0.92879681,534.52
1621706707912000,1,3.84546000,533.78
1621706711139000,1,0.00000253,533.78
1621706775650000,0,2.32237000,531.11
1621706928276000,0,2.34057000,527.15
1621706930255000,0,0.00000185,527.15
1621706951748000,0,2.33932000,527.31
1621706973772000,0,1.94864000,527.49
1621707247282000,0,1.98000000,532.65
1621707247282000,0,1.74257618,532.67
1621707257530000,0,1.93183000,532.02
1621707258167000,0,0.00000169,532.02
1621707258167000,0,1.93182831,532.30
1621707287406000,0,0.59608000,533.68
1621707313140000,0,1.53993464,533.92
1621707313140000,0,0.39244598,534.11
1621707585572000,0,0.18605694,532.62
1621707657110000,0,1.54224000,532.91
1621707751125000,0,0.93509706,530.46
1621707757524000,0,1.55077000,529.95
1621707758140000,0,0.00000805,529.95
1621707758140000,0,1.54970195,530.23
1621707814482000,0,1.16274000,530.14
1621707831267000,0,1.16151000,530.77
1621707910286000,0,0.77737000,528.55
1621707912606000,0,0.00000326,528.55
1621707915951000,0,0.77665000,529.07
1621707988610000,0,0.38896000,528.39
1621708040252000,0,0.37977237,527.69
1621708042237000,0,0.38918729,528.07
1621708042237000,0,0.38896634,528.39
1621708042237000,0,0.16190303,528.41
1621708043811000,0,0.38896000,528.39
1621708055283000,0,0.00000634,528.39
1621708055283000,0,0.38891366,528.95
1621708103590000,0,0.38695000,531.11
1621708201413000,0,0.38906000,528.28
1621708305714000,0,3.53616000,526.90
1621708377237000,0,1.98000000,530.05
1621708377237000,0,1.25656000,530.07
1621708377237000,0,0.53205350,530.09
1621708389713000,0,0.47117946,529.31
1621708617965000,1,4.00000000,530.90
1621708618066000,1,1.00000000,530.90
1621708941869000,0,3.00550556,526.84
1621709086022000,0,0.20678397,528.79
1621709297811000,0,1.00000000,534.00
1621709483762000,0,3.58402000,534.47
1621709602680000,0,0.09272869,535.53
1621709641260000,0,0.46400000,535.13
1621709802758000,0,0.38381000,535.52
1621709823423000,0,0.38369000,535.81
1621709824892000,0,0.38381000,536.15
1621709827285000,0,0.00000104,536.15
1621709859557000,0,0.76507000,537.59
1621709874481000,0,0.76485000,537.42
1621709942582000,0,0.00000126,537.42
1621709942582000,0,0.00000940,537.59
1621709942582000,0,0.09235388,537.81
1621709957187000,0,0.38301000,536.72
1621709983405000,0,0.38255475,537.40
1621709983405000,0,0.14504525,537.61
1621709997263000,0,0.38303684,536.59
1621709997360000,0,0.00000001,536.59
1621710032051000,1,3.14826000,535.95
1621710032148000,1,1.85174000,535.95
1621710074103000,0,0.38444000,534.99
1621710163178000,0,0.38696000,531.24
1621710165860000,0,0.00000276,531.24
1621710165860000,0,0.38695724,531.50
1621710167058000,0,0.00000552,531.50
1621710167058000,0,0.38655448,531.86
1621710179726000,0,0.38716000,531.02
1621710182992000,0,0.00000204,531.02
1621710182992000,0,0.38715796,531.02
1621710184354000,0,0.00000408,531.02
1621710185661000,0,0.38683000,531.54
1621710188526000,0,0.00000084,531.54
1621710188526000,0,0.00001381,531.86
1621710196377000,0,0.05601927,533.04
1621710197886000,0,0.38591000,533.57
1621710213484000,0,0.35790891,534.26
1621710227027000,0,0.38524000,533.84
1621710243387000,0,0.00000990,533.84
1621710302500000,0,0.87889136,537.69
1621710302500000,0,0.04520128,537.98
1621710371347000,0,0.08750194,538.98
1621710371347000,0,9.09087264,538.99
1621710583444000,0,0.17556046,538.39
1621710678013000,0,0.96020000,536.02
1621710678013000,0,5.03980000,536.03
1621710847987000,0,0.05285117,541.03
1621710847987000,0,0.14414883,541.04
1621710959283000,0,0.76294000,539.12
1621710959941000,0,0.00000342,539.12
1621710976030000,0,0.76384000,538.56
1621710997680000,0,0.09239826,538.43
1621711003225000,0,0.67166000,538.43
1621711020576000,0,0.38212000,538.22
1621711020750000,0,0.00000327,538.22
1621711020750000,0,0.38237673,538.26
1621711044766000,0,0.38249374,537.50
1621711044766000,0,0.18911517,537.78
1621711045243000,0,0.38249000,537.50
1621711111310000,0,0.76738000,535.89
1621711119254000,1,0.39577000,535.20
1621711161945000,1,1.98000000,535.77
1621711176028000,1,0.00000551,535.20
1621711176028000,1,1.97999449,535.20
1621711204120000,1,0.33386000,535.73
1621711208296000,1,0.00000220,535.73
1621711253498000,0,1.15731000,533.09
1621711256687000,0,4.50000000,533.97
1621711256776000,0,3.13748000,533.97
1621711373564000,0,0.07260000,533.38
1621711403759000,1,1.98000000,531.56
1621711403759000,1,1.24858000,531.54
1621711403759000,1,4.00000000,531.54
1621711403759000,1,1.98000000,531.53
1621711403759000,1,28.60922000,531.51
1621711403759000,1,0.80556568,531.34
1621711403843000,0,3.86233657,531.43
1621711404299000,1,1.98000000,531.04
1621711404299000,1,8.09764520,531.03
1621711404299000,1,28.56928177,531.02
1621711404821000,0,1.98000000,532.20
1621711404821000,0,12.20000000,532.22
1621711404821000,0,1.98000000,532.30
1621711404821000,0,1.23772000,532.32
1621711404821000,0,21.22689559,532.41
1621711405013000,0,3.86342951,532.21
1621711405231000,0,1.42824981,532.21
1621711405339000,0,23.20832068,532.21
1621711427328000,0,3.85624000,533.20
1621711464651000,0,7.56934000,532.87
1621711710923000,0,0.60000000,534.12
1621711750130000,0,0.18570376,533.89
1621711843758000,0,0.06475992,536.17
1621711862303000,1,0.08683310,535.49
1621711961777000,0,1.00000000,536.61
1621712065597000,0,0.18498530,536.98
1621712199586000,0,0.09275122,536.28
1621712276093000,0,0.12029107,536.04
1621712420305000,1,5.00000000,538.43
1621712465760000,0,0.18437907,538.08
1621712486047000,0,0.18459853,537.91
1621712498778000,0,0.18010000,538.29
1621712543380000,1,3.82030000,536.90
1621712615149000,1,5.00000000,535.85
1621712666019000,1,0.03750000,536.34
1621712694121000,0,0.03750000,536.92
1621712724869000,0,1.83558781,536.86
1621712728857000,0,0.55042283,536.41
1621712996414000,0,2.32064708,533.32
1621713032572000,0,1.86495824,531.66
1621713036612000,0,0.20546970,531.35
1621713096207000,1,1.98000000,527.76
1621713113328000,1,0.92606000,526.73
1621713114097000,1,0.00000826,526.73
1621713145049000,1,0.10000000,525.00
1621713164680000,1,0.28194000,523.52
1621713191279000,1,1.98000000,523.61
1621713198638000,1,1.98000000,521.58
1621713204746000,0,4.00000000,522.34
1621713204746000,0,3.67970000,522.35
1621713218977000,1,1.98000000,519.98
1621713252805000,0,0.05715146,521.61
1621713256050000,0,0.09053813,521.99
1621713272251000,1,1.98000000,520.85
1621713322123000,0,0.70525000,520.38
1621713326499000,1,1.44000000,519.38
1621713326648000,1,0.00359334,519.38
1621713326714000,0,0.38148567,520.16
1621713351405000,1,1.98000000,518.83
1621713352292000,1,0.06529232,518.78
1621713479741000,1,1.81649000,518.47
1621713491490000,1,0.00000742,518.47
1621713491490000,1,1.97999258,518.47
1621713495355000,0,5.00000000,519.44
1621713506085000,0,0.07457000,520.18
1621713512783000,1,0.18824000,519.89
1621713525072000,1,0.00000515,519.89
1621713537177000,1,0.54396000,518.48
1621713539771000,1,0.00000112,518.48
1621713593413000,0,0.11443915,519.81
1621713600288000,0,0.50768793,519.88
1621713602484000,0,3.95787000,519.91
1621713605377000,0,0.00000510,520.18
1621713605377000,0,0.09999490,520.82
1621713619084000,0,1.00000000,520.39
1621713631568000,1,0.07310900,519.43
1621713689138000,0,0.37010000,523.03
1621713693944000,0,0.09483560,523.01
1621713708208000,0,0.06130000,522.70
1621713720321000,0,1.13216178,522.37
1621713755021000,1,0.60000000,522.88
1621713773750000,0,1.98000000,524.38
1621713773750000,0,0.02000000,524.40
1621713810527000,0,0.07570931,525.72
1621713859661000,0,0.09275820,525.56
1621713931019000,0,0.05998946,526.31
1621714185405000,0,3.88592000,529.31
1621714306920000,0,3.87992000,530.88
1621714309427000,0,3.87845000,531.08
1621714353603000,0,1.98000000,531.15
1621714353603000,0,0.02576038,531.17
1621714389278000,1,1.98000000,529.05
1621714455984000,0,3.88632000,529.49
1621714514152000,0,3.87932000,530.12
1621714699344000,0,0.09324966,532.22
1621714726192000,1,1.98000000,531.79
1621714726192000,1,5.79223000,531.77
1621714735605000,1,1.98000000,531.81
1621714751286000,0,3.85992000,532.37
1621714795462000,1,11.00000000,531.81
1621714795561000,1,20.50000000,531.81
1621714795665000,1,7.00000000,531.81
1621714795734000,1,10.50000000,531.81
1621714795812000,1,6.50000000,531.81
1621714795834000,1,1.25000000,531.81
1621714795906000,1,3.50000000,531.81
1621714795978000,1,11.50000000,531.81
1621714796128000,1,4.50000000,531.81
1621714796796000,1,3.00000000,531.81
1621714796886000,1,2.50000000,531.81
1621714796969000,1,3.00000000,531.81
1621714797043000,1,7.00000000,531.81
1621714797130000,1,2.50000000,531.81
1621714797259000,1,2.45326000,531.81
1621714797375000,1,3.29674000,531.81
1621714803433000,0,3.86340000,532.19
1621714805770000,0,0.00000992,532.19
1621714805770000,0,3.49999008,532.49
1621714805879000,0,0.36068000,532.49
1621714846367000,0,0.09294926,534.21
1621714866576000,1,1.00000000,533.30
1621714866620000,0,0.36300000,533.52
1621714868153000,0,3.08466000,533.26
1621714880347000,0,0.00000082,533.26
1621714880347000,0,3.08465918,533.26
1621714922956000,1,4.50000000,531.80
1621714927840000,0,1.98000000,531.83
1621714985516000,0,1.96673536,533.31
1621715040335000,0,0.18560356,532.23
1621715051673000,0,2.51909000,532.23
1621715087612000,0,2.31793000,532.41
1621715114889000,0,2.31658000,532.76
1621715128923000,0,2.31586000,532.73
1621715142161000,0,1.98000000,532.22
1621715165441000,0,2.31930000,532.09
1621715166909000,1,1.20000000,531.50
1621715174212000,0,1.98000000,532.07
1621715179308000,0,0.00000432,532.09
1621715179308000,0,2.31821568,532.41
1621715180685000,0,2.31926000,532.69
1621715187779000,1,6.75964000,532.90
1621715187896000,1,3.00000000,532.90
1621715187963000,1,2.24036000,532.90
1621715219900000,1,3.25964000,532.00
1621715219985000,1,3.50000000,532.00
1621715220053000,1,0.74036000,532.00
1621715221173000,0,1.93139000,532.38
1621715226506000,0,0.00000928,532.38
1621715240690000,0,1.93181000,532.31
1621715280184000,0,1.54400000,532.74
1621715288635000,0,0.00000778,532.74
1621715288635000,0,1.54348222,532.97
1621715325894000,0,1.54308000,533.07
1621715342110000,0,1.54397000,532.75
1621715371801000,0,1.54330000,533.03
1621715416496000,1,8.00000000,532.69
1621715420507000,0,1.54384000,532.85
1621715420937000,0,0.00000801,532.85
1621715435747000,0,1.54373000,532.90
1621715472993000,0,10.50000000,530.68
1621715498276000,0,1.16131000,531.30
1621715535637000,0,0.11046248,531.04
1621715551878000,0,1.16209000,530.84
1621715556699000,0,0.00000584,530.84
1621715556699000,0,0.19999416,530.85
1621715587677000,0,0.00000670,531.30
1621715587677000,0,8.19999330,531.33
1621715590416000,0,0.00000670,531.33
1621715595882000,0,0.46726679,532.50
1621715619746000,0,1.15920000,532.52
1621715636457000,0,0.00000005,532.52
1621715636457000,0,0.00000060,532.90
1621715636457000,0,0.10949045,532.92
1621715638111000,0,1.05000000,532.92
1621715644532000,0,0.00000240,532.92
1621715652207000,1,8.90000000,533.86
1621715712877000,0,1.15664000,533.37
1621715715466000,0,0.00000350,533.37
1621715715466000,0,1.15629650,533.64
1621715717220000,0,0.00000780,533.64
1621715717220000,0,1.15541220,533.94
1621715719666000,0,0.00000849,533.94
1621715719666000,0,0.37178856,534.19
1621715736886000,0,0.77067000,533.80
1621715738983000,0,1.25000000,534.13
1621715743801000,0,0.77067000,534.41
1621715746853000,0,0.00000692,534.41
1621715754820000,0,1.22945000,536.00
1621715755369000,0,0.49358000,536.00
1621715759504000,0,0.00000098,536.00
1621715764452000,1,4.00000000,535.91
1621715766414000,0,0.76701000,536.24
1621715766640000,0,0.00000795,536.24
1621715787681000,0,0.76770000,535.73
1621715793917000,0,11.50000000,535.45
1621715795007000,0,0.76800000,535.38
1621715807104000,0,0.76626000,536.93
1621715808421000,0,0.00000285,536.93
1621715817040000,0,0.18486327,536.18
1621715844114000,0,0.18527045,535.73
1621715848608000,0,0.76811000,535.42
1621715853632000,0,0.00000541,535.42
1621715853632000,0,0.76810459,535.42
1621715879038000,0,0.76984000,534.19
1621715896780000,0,0.77072000,533.47
1621715898449000,0,0.00000789,533.47
1621715898449000,0,0.77071211,533.47
1621715950422000,0,0.38440000,534.88
1621716014174000,0,0.38498000,534.05
1621716027600000,0,0.00000966,534.05
1621716034470000,0,7.32057000,534.53
1621716034559000,0,3.37943000,534.53
1621716109153000,0,10.50000000,535.70
1621716188239000,0,9.50000000,536.51
1621716225489000,0,7.20000000,536.18
1621716237899000,0,0.38349749,536.49
1621716237899000,0,0.15820251,536.51
1621716240254000,0,1.98000000,536.31
1621716240254000,0,0.38349749,536.49
1621716240254000,0,0.22508540,536.51
1621716240254000,0,6.49964093,536.78
1621716243327000,0,0.18962966,536.33
1621716246877000,0,5.00000000,536.33
1621716246982000,0,5.11037000,536.33
1621716258056000,1,7.00000000,535.18
1621716258145000,1,0.20000000,535.18
1621716268298000,0,8.01020000,535.31
1621716268402000,0,1.28980000,535.31
1621716276922000,0,0.11121285,535.93
1621716307475000,0,5.71020000,535.69
1621716384180000,0,6.50000000,535.47
1621716387688000,0,0.11121832,535.74
1621716413475000,0,5.00000000,535.50
1621716413650000,0,1.90000000,535.50
1621716439046000,0,4.00275068,535.33
1621716439066000,0,3.00000000,535.33
1621716439067000,0,0.69724932,535.33
1621716462482000,0,0.65606311,535.41
1621716462509000,0,0.65617914,535.41
1621716462547000,0,9.28775775,535.41
1621716510597000,0,2.60000000,535.75
1621716528804000,1,2.50000000,535.54
1621716562302000,0,8.40000000,535.53
1621716564936000,1,1.98000000,535.85
1621716577544000,1,1.98000000,535.38
1621716590941000,1,1.98000000,535.30
1621716591213000,1,1.98000000,535.22
1621716617773000,1,3.83701000,535.13
1621716618700000,1,8.00000000,534.35
1621716620948000,0,1.92347000,534.48
1621716623987000,0,0.00000808,534.48
1621716623987000,0,1.92346192,534.48
1621716634957000,0,7.00000000,534.64
1621716635028000,0,3.00000000,534.64
1621716635109000,0,1.10000000,534.64
1621716640003000,0,4.81007000,534.42
1621716640099000,0,3.00000000,534.42
1621716663247000,0,10.40000000,534.73
1621716677134000,0,3.50000000,535.24
1621716699964000,1,1.98000000,534.93
1621716730634000,1,28.41466000,534.91
1621716737259000,0,0.52950000,535.41
1621716883888000,1,0.14821400,534.68
1621716884050000,1,1.83178000,534.68
1621716958880000,0,0.18738653,534.70
1621716980778000,0,1.98000000,535.32
1621716980778000,0,1.15376056,535.34
1621716980778000,0,1.15338241,535.63
1621716980778000,0,1.55311433,535.74
1621717020055000,1,3.00000000,535.79
1621717090658000,0,1.00000000,535.95
1621717109345000,1,0.11997866,536.83
1621717150337000,0,0.95841583,538.08
1621717174074000,1,0.11996787,537.19
1621717179241000,1,0.27969833,537.34
1621717203029000,0,0.50000000,537.84
1621717215904000,1,3.82226000,537.24
1621717219121000,1,0.00000216,537.24
1621717236292000,1,3.82403367,536.92
1621717236365000,0,1.98000000,536.92
1621717236422000,0,3.13404000,536.92
1621717236433000,0,3.82403367,536.92
1621717261404000,1,3.81919000,537.80
1621717265713000,1,1.98000000,537.81
1621717274351000,1,0.00000223,537.80
1621717326656000,0,0.90509040,539.25
1621717357359000,0,0.20737523,538.83
1621717427661000,1,3.82566599,536.90
1621717440358000,0,0.07353624,536.98
1621717481392000,1,3.82785504,536.60
1621717481511000,0,3.82785504,536.57
1621717563130000,1,3.82993071,536.32
1621717563279000,0,3.82993071,536.32
1621717621149000,1,3.83383000,535.93
1621717631819000,0,0.18497007,536.03
1621717635145000,1,1.98000000,535.23
1621717655304000,1,3.83615743,535.36
1621717655406000,0,3.83615743,535.36
1621717714416000,0,0.27772690,535.13
1621717781742000,1,3.83365000,535.70
1621717839261000,1,3.83320000,535.83
1621717839557000,1,0.00000400,535.83
1621717896449000,1,0.18662636,536.11
1621717904769000,1,3.64521000,536.11
1621717904801000,1,0.00000771,536.11
1621717991725000,1,3.82772711,536.81
1621717997028000,1,3.82460000,537.10
1621717997328000,1,0.00000218,537.10
1621718012204000,1,3.50000000,536.57
1621718146496000,1,3.83030459,536.37
1621718146627000,0,3.83030459,536.37
1621718161613000,0,0.09000891,536.62
1621718540727000,1,1.25000000,537.27
1621718681305000,0,0.67911664,539.14
1621718687317000,0,0.55253164,539.14
1621718746962000,0,0.18392125,539.68
1621718747468000,1,0.09786220,539.06
1621718770118000,0,0.05250000,539.66
1621718861362000,1,0.04605458,540.12
1621718880264000,0,0.95521610,539.93
1621718956327000,0,0.07130000,538.98
1621719013462000,1,7.20000000,537.62
1621719070182000,1,0.63524000,536.72
1621719072975000,1,0.00000778,536.72
1621719072975000,1,6.79999222,536.54
1621719121388000,1,3.83002000,536.34
1621719127679000,0,0.09242991,536.53
1621719167161000,1,0.00000675,536.34
1621719167161000,1,9.39999325,536.04
1621719171619000,1,0.00000675,536.04
1621719171619000,1,3.82996325,535.77
